{"path_per_floor":["M","?","M","?","M","E","M","R","T","M","R","?","M","?","R","B",null,"M","?","M","M","?","R","?","M","T","M","R","M","E","$","R","B",null,"M","?","M","?","?","R","E","R","T","?","M","$","M","M","R"],"character_chosen":"IRONCLAD","items_purchased":["Bronze Scales","Pear"],"gold_per_floor":[109,109,122,122,142,173,185,185,185,200,200,275,291,291,291,390,390,404,404,422,440,365,365,280,300,324,338,338,351,383,308,308,409,409,423,423,436,436,436,436,471,471,471,471,490,72,82,94,94,94],"floor_reached":50,"campfire_rested":4,"playtime":1417,"current_hp_per_floor":[80,73,75,75,80,64,69,69,69,67,67,56,52,52,52,25,66,65,80,68,74,74,74,74,72,72,45,69,59,45,45,69,17,64,59,59,58,58,58,58,19,43,43,33,28,38,23,20,47,0],"items_purged":["Clothesline"],"gold":94,"score":643,"play_id":"e285edba-7381-41ff-85a8-9bfbc1b88528","local_time":"20180325121753","is_prod":false,"is_daily":false,"is_ascension_mode":true,"campfire_upgraded":5,"timestamp":1521998273,"path_taken":["M","?","M","?","?","E","M","R","T","M","R","?","M","?","R","BOSS","M","?","M","M","?","R","?","M","T","M","R","?","E","?","R","BOSS","M","?","?","?","?","R","E","R","T","?","M","?","?","M","R","BOSS"],"build_version":"2018-03-22v2","purchased_purges":1,"victory":false,"master_deck":["Strike_R","Strike_R","Strike_R","Strike_R","Strike_R","Thunderclap+1","Flame Barrier+1","Clash+1","Inflame+1","Dropkick","Offering+1","Flex+1","Heavy Blade+1","Flex+1","Heavy Blade+1","Perfected Strike+1","Limit Break+1","Warcry+1","Shrug It Off+1","Madness+1","Madness+1","Clash+1"],"max_hp_per_floor":[80,80,80,80,80,80,80,80,80,80,80,80,80,80,80,80,80,80,80,80,80,80,80,80,80,80,80,80,80,80,80,80,80,80,80,80,80,80,80,80,80,80,80,80,80,90,90,90,90,90],"relics":["Black Blood","Toxic Egg 2","Shovel","Gremlin Horn","Dream Catcher","Pantograph","Velvet Choker","Bottled Tornado","Sundial","Bronze Scales","Pear"],"card_choices":[{"not_picked":["Clothesline","Anger"],"picked":"Flame Barrier","floor":1.0},{"not_picked":["Hemokinesis","Blood for Blood"],"picked":"Clash","floor":3.0},{"not_picked":["True Grit","Corruption"],"picked":"Clothesline","floor":5.0},{"not_picked":["Warcry","Wild Strike"],"picked":"Inflame","floor":6.0},{"not_picked":["Reckless Charge","Hemokinesis"],"picked":"Dropkick","floor":7.0},{"not_picked":["Brutality","Immolate"],"picked":"Offering","floor":16.0},{"not_picked":["Perfected Strike","Havoc"],"picked":"Flex","floor":18.0},{"not_picked":["Sever Soul","Metallicize"],"picked":"Heavy Blade","floor":20.0},{"not_picked":["Entrench","Clothesline"],"picked":"Flex","floor":28.0},{"not_picked":["Wild Strike","Armaments"],"picked":"Heavy Blade","floor":29.0},{"not_picked":["Uppercut","Fire Breathing"],"picked":"Perfected Strike","floor":30.0},{"not_picked":["Feed","Dark Embrace"],"picked":"Limit Break","floor":33.0},{"not_picked":["Clothesline","Thunderclap"],"picked":"Warcry","floor":37},{"not_picked":["Seeing Red","Metallicize"],"picked":"Clash","floor":49}],"player_experience":205779,"potions_floor_usage":[41,50],"damage_taken":[{"damage":0.0,"enemies":"Small Slimes","floor":1.0,"turns":3.0},{"damage":4.0,"enemies":"2 Louse","floor":3.0,"turns":3.0},{"damage":0.0,"enemies":"Cultist","floor":5.0,"turns":2.0},{"damage":22.0,"enemies":"3 Sentries","floor":6.0,"turns":6.0},{"damage":1.0,"enemies":"Blue Slaver","floor":7.0,"turns":2.0},{"damage":8.0,"enemies":"3 Louse","floor":10.0,"turns":2.0},{"damage":10.0,"enemies":"Lots of Slimes","floor":13.0,"turns":3.0},{"damage":33.0,"enemies":"The Guardian","floor":16.0,"turns":7.0},{"damage":11.0,"enemies":"3 Byrds","floor":18.0,"turns":4.0},{"damage":22.0,"enemies":"Shell Parasite","floor":20.0,"turns":4.0},{"damage":4.0,"enemies":"Cultist and Chosen","floor":21.0,"turns":2.0},{"damage":12.0,"enemies":"Snake Plant","floor":25.0,"turns":2.0},{"damage":37.0,"enemies":"Sentry and Sphere","floor":27.0,"turns":5.0},{"damage":20.0,"enemies":"Snecko","floor":29.0,"turns":4.0},{"damage":24.0,"enemies":"Slavers","floor":30.0,"turns":3.0},{"damage":73.0,"enemies":"Collector","floor":33.0,"turns":6.0},{"damage":15,"enemies":"Orb Walker","floor":35,"turns":2},{"damage":11,"enemies":"3 Shapes","floor":37,"turns":2},{"damage":49,"enemies":"2 Orb Walkers","floor":41,"turns":4},{"damage":15,"enemies":"Sphere and 2 Shapes","floor":45,"turns":2},{"damage":25,"enemies":"3 Darklings","floor":47,"turns":3},{"damage":13,"enemies":"Maw","floor":48,"turns":5},{"damage":76,"enemies":"Time Eater","floor":50,"turns":4}],"event_choices":[{"event_name":"Golden Wing","player_choice":"Card Removal","floor":2.0,"damage_taken":0.0},{"event_name":"Liars Game","player_choice":"disagreed","floor":4.0,"damage_taken":0.0},{"event_name":"World of Goop","player_choice":"Gather Gold","floor":12.0,"damage_taken":0.0},{"event_name":"Purifier","player_choice":"One Purge","floor":14.0,"damage_taken":0.0},{"event_name":"The Library","player_choice":"Heal","floor":19.0,"damage_taken":0.0},{"event_name":"Beggar","player_choice":"Gave Gold","floor":22.0,"damage_taken":0.0},{"event_name":"Addict","player_choice":"Obtained Relic","floor":24.0,"damage_taken":0.0},{"event_name":"Mysterious Sphere","player_choice":"Ignore","floor":36,"damage_taken":0},{"event_name":"Transmorgrifier","player_choice":"Transform","floor":38,"damage_taken":0},{"event_name":"Tomb of Lord Red Mask","player_choice":"Ignored","floor":39,"damage_taken":0},{"event_name":"Winding Halls","player_choice":"Embrace Madness","floor":44,"damage_taken":0}],"boss_relics":[{"not_picked":["Philosopher\u0027s Stone","Black Star"],"picked":"Velvet Choker"}],"potions_floor_spawned":[1,5,13,16,20,27,29,30,33,37,41,45,47],"seed_played":"-9044623950935312235","killed_by":"Time Eater","ascension_level":5,"is_trial":false}