{"path_per_floor":["M","$","M","?","?","R","E","?","T","E","R","E","?","M","R","B",null,"M","$","?","?","M","E","M","M","T","?","?","M","M","?","R"],"character_chosen":"IRONCLAD","items_purchased":["Armaments","Regal Pillow","Inflame"],"gold_per_floor":[117,68,81,81,81,81,112,112,112,143,143,171,171,187,187,291,291,301,74,174,174,190,218,231,250,322,272,272,291,308,308,308],"floor_reached":33,"campfire_rested":2,"playtime":697,"current_hp_per_floor":[80,80,80,85,78,78,84,67,81,52,81,52,52,51,51,34,83,88,88,88,88,94,71,46,40,40,40,40,40,23,23,67],"items_purged":[],"gold":308,"score":410,"play_id":"c26298b1-5a52-4db1-a7ac-2e09d2346f85","local_time":"20180320220143","is_prod":false,"is_daily":false,"is_ascension_mode":true,"campfire_upgraded":2,"timestamp":1521601303,"path_taken":["M","$","M","?","?","R","E","?","T","E","R","E","?","M","R","BOSS","M","$","?","?","M","E","M","M","T","?","?","M","?","?","R","BOSS"],"build_version":"2018-03-15v3","purchased_purges":0,"victory":false,"master_deck":["Strike_R+1","Strike_R","Strike_R","Strike_R","Strike_R","Defend_R+1","Defend_R","Defend_R","Bash","Twin Strike","Armaments+1","Twin Strike","Perfected Strike","Flex","Offering+1","Warcry","Pommel Strike","Inflame","Perfected Strike","Flex","Dropkick","Sword Boomerang"],"max_hp_per_floor":[80,80,80,85,85,85,85,85,99,99,99,99,99,99,99,99,99,99,99,99,99,99,99,99,99,99,99,99,99,99,99,99],"relics":["Black Blood","NeowsBlessing","Anchor","Mango","Blue Candle","Bottled Flame","Regal Pillow","Paper Frog","Self Forming Clay"],"card_choices":[{"not_picked":["Cleave","Warcry"],"picked":"Twin Strike"},{"not_picked":["Battle Trance","Thunderclap"],"picked":"Twin Strike"},{"not_picked":["Armaments","Ghostly Armor"],"picked":"Perfected Strike"},{"not_picked":["Shrug It Off","Heavy Blade"],"picked":"Flex"},{"not_picked":["Anger","Rage"],"picked":"Offering"},{"not_picked":["Sentinel","Clash"],"picked":"Pommel Strike"},{"not_picked":["Combust","Anger"],"picked":"Flex"},{"not_picked":["Clash","Flex"],"picked":"Dropkick"},{"not_picked":["Clothesline","Rupture"],"picked":"Sword Boomerang"}],"player_experience":198425,"potions_floor_usage":[10,16,24,29,29,30,33,33],"damage_taken":[{"damage":0,"enemies":"2 Louse","floor":1,"turns":1},{"damage":0,"enemies":"Jaw Worm","floor":3,"turns":1},{"damage":0,"enemies":"3 Sentries","floor":7,"turns":1},{"damage":35,"enemies":"Lagavulin","floor":10,"turns":4},{"damage":35,"enemies":"Gremlin Nob","floor":12,"turns":4},{"damage":7,"enemies":"Small Slimes","floor":14,"turns":3},{"damage":23,"enemies":"Hexaghost","floor":16,"turns":7},{"damage":5,"enemies":"2 Thieves","floor":18,"turns":4},{"damage":4,"enemies":"Shell Parasite","floor":22,"turns":2},{"damage":33,"enemies":"Slavers","floor":23,"turns":5},{"damage":35,"enemies":"3 Cultists","floor":24,"turns":5},{"damage":16,"enemies":"Cultist and Chosen","floor":25,"turns":3},{"damage":10,"enemies":"Snecko","floor":29,"turns":3},{"damage":27,"enemies":"Snake Plant","floor":30,"turns":3},{"damage":99,"enemies":"Automaton","floor":33,"turns":6}],"event_choices":[{"event_name":"Big Fish","player_choice":"Donut","floor":4,"damage_taken":0},{"event_name":"Golden Wing","player_choice":"Card Removal","floor":5,"damage_taken":0},{"event_name":"Shining Light","player_choice":"Entered Light","floor":8,"damage_taken":0},{"event_name":"Match and Keep!","player_choice":"1 cards matched","floor":13,"damage_taken":0},{"event_name":"Golden Shrine","player_choice":"Pray","floor":20,"damage_taken":0},{"event_name":"Duplicator","player_choice":"One dupe","floor":21,"damage_taken":0},{"event_name":"The Joust","player_choice":"Bet on Owner","floor":27,"damage_taken":0},{"event_name":"Vampires","player_choice":"Ignored","floor":28,"damage_taken":0},{"event_name":"The Lab","player_choice":"Got Potions","floor":31,"damage_taken":0}],"boss_relics":[{"not_picked":["Snecko Eye","Runic Dome"],"picked":"Black Blood"}],"potions_floor_spawned":[7,14,16,23,25,29],"seed_played":"3239215774526697185","killed_by":"Automaton","ascension_level":5,"is_trial":false}