{"path_per_floor":["M","M","?","M","$","R","E","R","T","$","?","M","$","M","R","B",null,"M","$","?","M","M","E","?","T","T","E","M","R","M","?","R"],"character_chosen":"IRONCLAD","items_purchased":["Flex"],"gold_per_floor":[118,129,129,145,23,23,50,50,50,50,0,12,12,31,31,128,128,147,47,47,66,82,115,115,139,211,246,261,261,280,280,280],"floor_reached":33,"campfire_rested":3,"playtime":655,"current_hp_per_floor":[80,80,80,80,80,80,46,46,46,46,46,44,44,45,69,42,80,72,72,72,74,78,80,80,80,80,35,22,46,37,22,47],"items_purged":["Defend_R","Defend_R"],"gold":280,"score":342,"play_id":"47be7ac8-6c8e-474b-8b89-0b53c1cb4137","local_time":"20180316231243","is_prod":false,"is_daily":false,"is_ascension_mode":true,"campfire_upgraded":2,"timestamp":1521259963,"path_taken":["M","M","?","M","$","R","E","R","T","$","?","M","?","M","R","BOSS","M","$","?","M","M","E","?","?","T","E","M","R","?","?","R","BOSS"],"build_version":"2018-03-15v2","purchased_purges":2,"victory":false,"master_deck":["Strike_R+1","Strike_R+1","Strike_R+1","Strike_R+1","Strike_R+1","Bash","Seeing Red","Heavy Blade","Pummel","Flex+1","Reaper+1","Clash","Offering","Pummel","Flex","Thunderclap","Decay","Doubt","Double Tap","Flex"],"max_hp_per_floor":[80,80,80,80,80,80,80,80,80,80,80,80,80,80,80,80,80,80,80,80,80,80,80,80,80,80,80,80,80,80,85,85],"relics":["Burning Blood","NeowsBlessing","Happy Flower","Gambling Chip","Cursed Key","Pantograph","Blood Vial","Paper Frog","Darkstone Periapt"],"card_choices":[{"not_picked":["Twin Strike","Sword Boomerang"],"picked":"Seeing Red"},{"not_picked":["Infernal Blade","Headbutt"],"picked":"Heavy Blade"},{"not_picked":["Anger","Metallicize"],"picked":"Pummel"},{"not_picked":["Iron Wave","Perfected Strike"],"picked":"Reaper"},{"not_picked":["Thunderclap","Heavy Blade"],"picked":"Clash"},{"not_picked":["Limit Break","Dark Embrace"],"picked":"Offering"},{"not_picked":["Infernal Blade","Flame Barrier"],"picked":"Pummel"},{"not_picked":["Warcry","Pommel Strike"],"picked":"Flex"},{"not_picked":["Bloodletting","Second Wind"],"picked":"Thunderclap"},{"not_picked":["Shockwave","Shrug It Off"],"picked":"Double Tap"},{"not_picked":["Battle Trance","Dual Wield"],"picked":"Flex"}],"player_experience":194268,"potions_floor_usage":[16,16,27,28,33],"damage_taken":[{"damage":0,"enemies":"2 Louse","floor":1,"turns":1},{"damage":0,"enemies":"Cultist","floor":2,"turns":1},{"damage":0,"enemies":"Jaw Worm","floor":4,"turns":1},{"damage":40,"enemies":"Lagavulin","floor":7,"turns":4},{"damage":22,"enemies":"Exordium Thugs","floor":12,"turns":3},{"damage":10,"enemies":"Gremlin Gang","floor":14,"turns":2},{"damage":33,"enemies":"Slime Boss","floor":16,"turns":4},{"damage":21,"enemies":"2 Thieves","floor":18,"turns":3},{"damage":4,"enemies":"Chosen","floor":21,"turns":2},{"damage":22,"enemies":"3 Cultists","floor":22,"turns":3},{"damage":4,"enemies":"Book of Stabbing","floor":23,"turns":1},{"damage":51,"enemies":"Slavers","floor":27,"turns":3},{"damage":28,"enemies":"Snake Plant","floor":28,"turns":2},{"damage":17,"enemies":"Sentry and Sphere","floor":30,"turns":3},{"damage":95,"enemies":"Collector","floor":33,"turns":5}],"event_choices":[{"event_name":"Bonfire Elementals","player_choice":"BASIC","floor":3,"damage_taken":0},{"event_name":"The Cleric","player_choice":"Card Removal","floor":11,"damage_taken":0},{"event_name":"Addict","player_choice":"Ignored","floor":20,"damage_taken":0},{"event_name":"Back to Basics","player_choice":"Simplicity","floor":24,"damage_taken":0},{"event_name":"Forgotten Altar","player_choice":"Shed Blood","floor":31,"damage_taken":0}],"boss_relics":[{"not_picked":["Lizard Tail","Runic Pyramid"],"picked":"Cursed Key"}],"potions_floor_spawned":[4,12,21,27,30],"seed_played":"3332597141974085580","killed_by":"Collector","ascension_level":4,"is_trial":false}