{"path_per_floor":["M","?","$","?","T","R","$","E","T","?","E","$","R","M","R","B",null,"M","?","?","M","?","R","E","?","T","T","$"],"character_chosen":"IRONCLAD","items_purchased":["Whirlwind","Sword Boomerang","Bloodletting","Pantograph","Swift Potion"],"gold_per_floor":[110,110,34,34,57,57,4,38,116,191,223,74,74,90,90,192,192,210,210,210,226,226,226,252,252,330,330,23],"floor_reached":29,"campfire_rested":1,"playtime":417,"current_hp_per_floor":[80,64,64,64,64,64,64,70,70,59,65,65,65,71,71,53,73,44,44,44,29,29,45,10,10,10,10,10],"items_purged":["Defend_R"],"gold":23,"score":392,"play_id":"677f43d5-c7a3-4f4c-aa6b-9e4d8beec40a","local_time":"20180320221658","is_prod":false,"is_daily":false,"is_ascension_mode":true,"campfire_upgraded":3,"timestamp":1521602218,"path_taken":["M","?","?","?","?","R","$","E","T","?","E","$","R","M","R","BOSS","M","?","?","?","?","R","E","?","T","?","?","E"],"build_version":"2018-03-15v3","purchased_purges":1,"victory":false,"master_deck":["Bash","Flex+1","Whirlwind+1","Sword Boomerang","Bloodletting","Flex+1","Double Tap","Perfected Strike+1","Metallicize","Body Slam+1","Havoc","Wild Strike+1","Carnage+1","Wild Strike+1","Combust","Bite+1","Bite+1","Bite+1","Bite+1","Bite+1"],"max_hp_per_floor":[80,80,80,80,80,80,80,80,80,80,80,80,80,80,80,80,80,80,56,56,56,56,56,56,56,56,56,56],"relics":["Burning Blood","NeowsBlessing","Dream Catcher","Oddly Smooth Stone","Gremlin Horn","Molten Egg 2","Pandora\u0027s Box","Anchor","Tiny Chest","Frozen Egg 2","Pantograph"],"card_choices":[{"not_picked":["Power Through","True Grit"],"picked":"Flex"},{"not_picked":["Searing Blow","Perfected Strike"],"picked":"Flex"},{"not_picked":["Juggernaut","Impervious"],"picked":"Double Tap"}],"player_experience":199596,"potions_floor_usage":[16,16,18,24,24,24,29],"damage_taken":[{"damage":0,"enemies":"2 Louse","floor":1,"turns":1},{"damage":0,"enemies":"Lagavulin","floor":8,"turns":1},{"damage":0,"enemies":"Gremlin Nob","floor":11,"turns":1},{"damage":0,"enemies":"Small Slimes","floor":14,"turns":2},{"damage":24,"enemies":"Hexaghost","floor":16,"turns":6},{"damage":35,"enemies":"Shell Parasite","floor":18,"turns":3},{"damage":30,"enemies":"2 Thieves","floor":21,"turns":3},{"damage":59,"enemies":"Book of Stabbing","floor":24,"turns":4},{"damage":21,"enemies":"Slavers","floor":29,"turns":3}],"event_choices":[{"event_name":"Shining Light","player_choice":"Entered Light","floor":2,"damage_taken":0},{"event_name":"Liars Game","player_choice":"disagreed","floor":4,"damage_taken":0},{"event_name":"World of Goop","player_choice":"Gather Gold","floor":10,"damage_taken":0},{"event_name":"Vampires","player_choice":"Became a vampire","floor":19,"damage_taken":0},{"event_name":"Back to Basics","player_choice":"Simplicity","floor":20,"damage_taken":0},{"event_name":"The Lab","player_choice":"Got Potions","floor":22,"damage_taken":0},{"event_name":"Cursed Tome","player_choice":"Ignored","floor":25,"damage_taken":0}],"boss_relics":[{"not_picked":["Tiny House","Runic Dome"],"picked":"Pandora\u0027s Box"}],"potions_floor_spawned":[1,11,14,21],"seed_played":"3450825163440357891","killed_by":"Slavers","ascension_level":5,"is_trial":false}