{"path_per_floor":["M","M","$","?","$","R","$","?","T","R","M","$","R","M","R","B",null,"M","M","M","$","M","R","$","R","T","?","$","E","M","M","R"],"character_chosen":"IRONCLAD","items_purchased":["Inflame","Pummel","Enlightenment"],"gold_per_floor":[114,132,21,21,21,21,21,21,21,21,31,31,31,48,48,144,144,163,180,190,11,22,22,22,22,322,322,112,139,157,176,176,176],"floor_reached":33,"campfire_rested":3,"playtime":643,"current_hp_per_floor":[70,69,69,66,66,66,66,66,66,66,60,60,60,50,50,18,65,70,60,39,39,14,38,38,62,62,62,62,34,28,11,35,0],"items_purged":["Defend_R","Defend_R"],"gold":176,"score":319,"play_id":"f99a07eb-8ff2-4455-8e50-f79eae1cc3b8","local_time":"20180405233253","is_prod":false,"is_daily":false,"is_ascension_mode":true,"campfire_upgraded":4,"timestamp":1522989173,"path_taken":["M","M","$","?","$","R","?","?","T","R","?","?","R","M","R","BOSS","M","M","M","$","M","R","$","R","T","?","$","E","M","M","R","BOSS"],"build_version":"2018-04-05","purchased_purges":2,"victory":false,"master_deck":["Strike_R","Strike_R","Strike_R","Strike_R","Strike_R","Defend_R","Defend_R","Bash","Perfected Strike+1","Dual Wield+1","Inflame+1","Thunderclap+1","Offering","Dual Wield+1","Sword Boomerang","Pummel","Enlightenment","Perfected Strike+1"],"max_hp_per_floor":[80,80,80,80,80,80,80,80,80,80,80,80,80,80,80,80,80,80,80,80,80,80,80,80,80,80,80,80,80,80,80,80,80],"relics":["Burning Blood","Omamori","Ginger","Cursed Key","Old Coin","Blue Candle","Molten Egg 2"],"card_choices":[{"not_picked":["True Grit","Evolve"],"picked":"Perfected Strike","floor":1},{"not_picked":["Havoc","Heavy Blade"],"picked":"Dual Wield","floor":2},{"not_picked":["True Grit","Sword Boomerang"],"picked":"Thunderclap","floor":11},{"not_picked":["Juggernaut","Brutality"],"picked":"Offering","floor":16},{"not_picked":["Shrug It Off","Rampage"],"picked":"Dual Wield","floor":18},{"not_picked":["Clash","Headbutt"],"picked":"Sword Boomerang","floor":20},{"not_picked":["Searing Blow","Armaments"],"picked":"Perfected Strike","floor":30}],"player_experience":228000,"potions_floor_usage":[16,16,18,18,22,22,33],"damage_taken":[{"damage":16,"enemies":"Small Slimes","floor":1,"turns":3},{"damage":7,"enemies":"2 Louse","floor":2,"turns":3},{"damage":12,"enemies":"Jaw Worm","floor":11,"turns":2},{"damage":16,"enemies":"Blue Slaver","floor":14,"turns":3},{"damage":38,"enemies":"The Guardian","floor":16,"turns":6},{"damage":4,"enemies":"Shell Parasite","floor":18,"turns":2},{"damage":16,"enemies":"Chosen","floor":19,"turns":3},{"damage":27,"enemies":"Centurion and Healer","floor":20,"turns":3},{"damage":31,"enemies":"Snake Plant","floor":22,"turns":3},{"damage":34,"enemies":"Book of Stabbing","floor":29,"turns":3},{"damage":12,"enemies":"Snecko","floor":30,"turns":3},{"damage":23,"enemies":"Centurion and Healer","floor":31,"turns":3},{"damage":44,"enemies":"Automaton","floor":33,"turns":4}],"event_choices":[{"event_name":"Scrap Ooze","player_choice":"success","floor":4,"damage_taken":3},{"event_name":"The Cleric","player_choice":"Leave","floor":8,"damage_taken":0},{"event_name":"The Mausoleum","player_choice":"Yes","floor":27,"damage_taken":0}],"boss_relics":[{"not_picked":["Runic Pyramid","Runic Cube"],"picked":"Cursed Key"}],"potions_floor_spawned":[11,16,19,20,22,31],"seed_played":"-2194448647124669943","killed_by":"Automaton","ascension_level":5,"is_trial":false}