{"path_per_floor":["M","?","M","?","$","E","?","E","T","M","M","R","$","M","R","B",null,"M","$","M","M","?","R","E","R","T","M","E","R","M","M","R","B",null,"M","?","?","M","?","R","E","R","T","E","M","M","?","E","R"],"character_chosen":"IRONCLAD","items_purchased":["Clash","Dropkick","Regal Pillow"],"gold_per_floor":[109,109,121,121,0,31,31,65,65,81,99,99,19,40,40,160,160,180,32,56,71,71,71,110,110,135,153,184,184,197,217,217,346,346,366,366,366,390,390,390,731,731,757,791,815,839,839,877,877,877],"floor_reached":50,"campfire_rested":6,"playtime":1909,"current_hp_per_floor":[80,80,80,64,64,60,60,31,31,37,43,43,43,52,74,19,60,57,57,70,65,65,65,29,66,66,67,52,81,77,79,79,17,65,38,38,38,57,57,81,39,78,78,69,58,15,71,40,71,0],"items_purged":["Defend_R"],"gold":877,"score":750,"play_id":"03f92402-75ab-4fe8-a707-f1c3e2ad0e9c","local_time":"20180325184533","is_prod":false,"is_daily":false,"is_ascension_mode":true,"campfire_upgraded":3,"timestamp":1522021533,"path_taken":["M","?","M","?","?","E","?","E","T","M","M","R","$","M","R","BOSS","M","$","M","M","?","R","E","R","T","M","E","R","?","M","R","BOSS","M","?","?","?","?","R","E","R","T","E","M","M","?","E","R","BOSS"],"build_version":"2018-03-22v2","purchased_purges":1,"victory":false,"master_deck":["Strike_R+1","Strike_R+1","Strike_R","Strike_R","Strike_R","Defend_R+1","Defend_R","Defend_R","Dropkick","Rampage","Clash","Rampage","Inflame","Reaper+1","Dropkick","Spot Weakness","Offering+1","Rage","Twin Strike","Pommel Strike+1","Perfected Strike+1","Twin Strike+1","Cleave","Perfected Strike","Offering","Deep Breath","Brutality","Thunderclap+1","Seeing Red+1","Armaments+1","Flex+1","Rampage+1","Flex+1"],"max_hp_per_floor":[80,80,80,80,80,80,74,74,74,74,74,74,74,74,74,74,74,74,74,74,74,74,74,74,74,74,74,81,81,81,81,81,81,81,81,81,81,81,81,81,81,81,81,81,81,81,71,71,71,71],"relics":["Burning Blood","Lantern","Golden Idol","Bag of Marbles","Anchor","White Beast Statue","Regal Pillow","Omamori","Dream Catcher","Strawberry","Lizard Tail","Old Coin","Vajra","Blood Vial","War Paint"],"card_choices":[{"not_picked":["Dual Wield","Fire Breathing"],"picked":"Dropkick","floor":1.0},{"not_picked":["Heavy Blade","Pummel"],"picked":"Rampage","floor":3.0},{"not_picked":["Combust","Fire Breathing"],"picked":"Rampage","floor":6.0},{"not_picked":["Power Through","Pommel Strike"],"picked":"Inflame","floor":8.0},{"not_picked":["Havoc","Fire Breathing"],"picked":"Reaper","floor":10.0},{"not_picked":["Body Slam","Reckless Charge"],"picked":"Spot Weakness","floor":14.0},{"not_picked":["Limit Break","Feed"],"picked":"Offering","floor":16.0},{"not_picked":["True Grit","Power Through"],"picked":"Rage","floor":20.0},{"not_picked":["Battle Trance","Armaments"],"picked":"Twin Strike","floor":21.0},{"not_picked":["Havoc","Seeing Red"],"picked":"Pommel Strike","floor":24.0},{"not_picked":["Anger","Iron Wave"],"picked":"Perfected Strike","floor":27.0},{"not_picked":["Warcry","Barricade"],"picked":"Twin Strike","floor":28.0},{"not_picked":["Clash","Sword Boomerang"],"picked":"Cleave","floor":29},{"not_picked":["Evolve","Havoc"],"picked":"Perfected Strike","floor":30},{"not_picked":["Reaper","Impervious"],"picked":"Offering","floor":33},{"not_picked":["Havoc","Reaper"],"picked":"Thunderclap","floor":40},{"not_picked":["Pommel Strike","Dual Wield"],"picked":"Seeing Red","floor":42},{"not_picked":["Headbutt","Rupture"],"picked":"Armaments","floor":44},{"not_picked":["Shrug It Off","Clothesline"],"picked":"Flex","floor":45},{"not_picked":["Second Wind","Thunderclap"],"picked":"Rampage","floor":48},{"not_picked":["Headbutt","Pummel"],"picked":"Flex","floor":49}],"player_experience":207530,"potions_floor_usage":[33,33,38,41,41,41,45,45,46,50,50],"damage_taken":[{"damage":5.0,"enemies":"Small Slimes","floor":1.0,"turns":3.0},{"damage":6.0,"enemies":"Cultist","floor":3.0,"turns":3.0},{"damage":22.0,"enemies":"3 Sentries","floor":6.0,"turns":5.0},{"damage":35.0,"enemies":"Lagavulin","floor":8.0,"turns":4.0},{"damage":0.0,"enemies":"Jaw Worm","floor":10.0,"turns":2.0},{"damage":0.0,"enemies":"3 Louse","floor":11.0,"turns":2.0},{"damage":0.0,"enemies":"Exordium Thugs","floor":14.0,"turns":2.0},{"damage":61.0,"enemies":"The Guardian","floor":16.0,"turns":7.0},{"damage":14.0,"enemies":"Shell Parasite","floor":18.0,"turns":3.0},{"damage":10.0,"enemies":"3 Byrds","floor":20.0,"turns":3.0},{"damage":11.0,"enemies":"Cultist and Chosen","floor":21.0,"turns":4.0},{"damage":45.0,"enemies":"Gremlin Leader","floor":24.0,"turns":5.0},{"damage":13.0,"enemies":"Snecko","floor":27.0,"turns":3.0},{"damage":28.0,"enemies":"Slavers","floor":28.0,"turns":4.0},{"damage":10,"enemies":"3 Cultists","floor":30,"turns":3},{"damage":4,"enemies":"Snake Plant","floor":31,"turns":1},{"damage":87,"enemies":"Champ","floor":33,"turns":9},{"damage":33,"enemies":"3 Shapes","floor":35,"turns":3},{"damage":30,"enemies":"3 Darklings","floor":38,"turns":3},{"damage":54,"enemies":"Nemesis","floor":41,"turns":5},{"damage":15,"enemies":"2 Orb Walkers","floor":44,"turns":2},{"damage":19,"enemies":"Maw","floor":45,"turns":5},{"damage":51,"enemies":"Sphere and 2 Shapes","floor":46,"turns":4},{"damage":37,"enemies":"Nemesis","floor":48,"turns":5},{"damage":132,"enemies":"Time Eater","floor":50,"turns":8}],"event_choices":[{"event_name":"The Lab","player_choice":"Got Potions","floor":2.0,"damage_taken":0.0},{"event_name":"Shining Light","player_choice":"Entered Light","floor":4.0,"damage_taken":0.0},{"event_name":"Golden Idol","player_choice":"Lose Max HP","floor":7.0,"damage_taken":0.0},{"event_name":"Addict","player_choice":"Ignored","floor":22.0,"damage_taken":0.0},{"event_name":"Mysterious Sphere","player_choice":"Ignore","floor":37,"damage_taken":0},{"event_name":"Match and Keep!","player_choice":"2 cards matched","floor":39,"damage_taken":0},{"event_name":"The Moai Head","player_choice":"Heal","floor":47,"damage_taken":0}],"boss_relics":[{"not_picked":["Mark of Pain","Question Card"],"picked":"Lizard Tail"}],"potions_floor_spawned":[1,3,8,16,18,20,21,24,27,28,30,31,33,35,38,41,44,45,46,48],"seed_played":"8660212418581060729","killed_by":"Time Eater","ascension_level":5,"is_trial":false}