{"path_per_floor":["M","?","$","M","M","R","M","R","T","R","?","M","R","M","R","B",null,"M","$","M","M","?","E","?","R","T"],"character_chosen":"IRONCLAD","items_purchased":["Clash","Juzu Bracelet"],"gold_per_floor":[16,16,16,39,63,63,84,84,108,108,108,121,121,135,135,258,258,274,4,29,54,54,98,98,98,145,145],"floor_reached":27,"campfire_rested":3,"playtime":606,"current_hp_per_floor":[79,74,74,73,68,68,33,55,55,55,55,40,40,38,60,33,64,13,13,43,21,21,24,8,30,30,0],"items_purged":["Defend_R"],"gold":145,"score":279,"play_id":"83c9bef3-b4a6-4cd4-9bf0-4b977b040962","local_time":"20180329144511","is_prod":false,"is_daily":false,"is_ascension_mode":true,"campfire_upgraded":3,"timestamp":1522352711,"path_taken":["M","?","?","M","M","R","?","R","T","R","?","M","R","M","R","BOSS","M","$","M","M","?","E","?","R","T","M"],"build_version":"2018-03-22v2","purchased_purges":1,"victory":false,"master_deck":["Strike_R","Strike_R","Strike_R","Strike_R","Strike_R","Defend_R","Defend_R","Bash+1","Demon Form+1","Inflame+1","Spot Weakness+1","Dropkick","Clash","Twin Strike+1","Heavy Blade","Double Tap+1","Sword Boomerang","Clash","Intimidate","Thunderclap+1","Injury","Anger+1"],"max_hp_per_floor":[80,74,74,74,74,74,74,74,74,74,74,74,74,74,74,74,74,74,74,74,74,74,74,74,74,74,74],"relics":["Burning Blood","Golden Idol","Bag of Marbles","Lizard Tail","Juzu Bracelet","Du-Vu Doll","Enchiridion","War Paint"],"card_choices":[{"not_picked":["Exhume","Impervious"],"picked":"Demon Form","floor":0},{"not_picked":["Wild Strike","Shrug It Off"],"picked":"Inflame","floor":1},{"not_picked":["Sword Boomerang","Iron Wave"],"picked":"Spot Weakness","floor":4},{"not_picked":["Flex","Reckless Charge"],"picked":"Dropkick","floor":5},{"not_picked":["Thunderclap","Havoc"],"picked":"Clash","floor":7},{"not_picked":["Flex","Headbutt"],"picked":"Twin Strike","floor":12},{"not_picked":["Evolve","Bludgeon"],"picked":"Heavy Blade","floor":14},{"not_picked":["Fiend Fire","Impervious"],"picked":"Double Tap","floor":16},{"not_picked":["Corruption","Wild Strike"],"picked":"Sword Boomerang","floor":18},{"not_picked":["Searing Blow","Pommel Strike"],"picked":"Intimidate","floor":20},{"not_picked":["Havoc","Twin Strike"],"picked":"Thunderclap","floor":21},{"not_picked":["Hemokinesis","Ghostly Armor"],"picked":"Anger","floor":23}],"player_experience":219561,"potions_floor_usage":[14,23,23],"damage_taken":[{"damage":7,"enemies":"2 Louse","floor":1,"turns":2},{"damage":7,"enemies":"Small Slimes","floor":4,"turns":3},{"damage":11,"enemies":"Cultist","floor":5,"turns":4},{"damage":41,"enemies":"Exordium Thugs","floor":7,"turns":4},{"damage":21,"enemies":"Blue Slaver","floor":12,"turns":3},{"damage":8,"enemies":"Gremlin Gang","floor":14,"turns":4},{"damage":33,"enemies":"Slime Boss","floor":16,"turns":6},{"damage":57,"enemies":"3 Byrds","floor":18,"turns":6},{"damage":28,"enemies":"Shell Parasite","floor":20,"turns":3},{"damage":28,"enemies":"Centurion and Healer","floor":21,"turns":4},{"damage":3,"enemies":"Gremlin Leader","floor":23,"turns":4},{"damage":32,"enemies":"Snake Plant","floor":27,"turns":2}],"event_choices":[{"event_name":"Golden Idol","player_choice":"Lose Max HP","floor":2,"damage_taken":0},{"event_name":"Bonfire Elementals","player_choice":"BASIC","floor":11,"damage_taken":0},{"event_name":"Accursed Blacksmith","player_choice":"Forge","floor":22,"damage_taken":0},{"event_name":"Cursed Tome","player_choice":"Obtained Book","floor":24,"damage_taken":0}],"boss_relics":[{"not_picked":["Orrery","Pandora\u0027s Box"],"picked":"Lizard Tail"}],"potions_floor_spawned":[4,7,12,16,20,23],"seed_played":"9060869173735531571","killed_by":"Snake Plant","ascension_level":5,"is_trial":false}