{"path_per_floor":["M","?","$","M","?","R","?","M","T","M","E","$","?","M","R","B",null,"M","?","?","$","M","E","R","M","T","R","M","M","?","M","R"],"character_chosen":"IRONCLAD","items_purchased":["Clash","Dropkick","Clash"],"gold_per_floor":[119,119,73,90,165,165,165,177,177,192,227,27,27,38,38,135,135,151,151,66,66,76,106,106,120,120,120,131,147,47,61,61,61],"floor_reached":33,"campfire_rested":3,"playtime":674,"current_hp_per_floor":[76,80,80,80,69,69,69,73,73,79,50,50,50,49,73,70,78,61,45,45,45,46,44,44,50,50,78,57,48,48,51,79,0],"items_purged":["Defend_R"],"gold":61,"score":334,"play_id":"bf9c8206-d64a-4942-a4bf-70237709331b","local_time":"20180325185657","is_prod":false,"is_daily":false,"is_ascension_mode":true,"campfire_upgraded":2,"timestamp":1522022217,"path_taken":["M","?","$","M","?","R","?","M","T","M","E","$","?","M","R","BOSS","M","?","?","$","M","E","R","M","T","R","M","?","?","M","R","BOSS"],"build_version":"2018-03-22v2","purchased_purges":1,"victory":false,"master_deck":["Strike_R","Strike_R","Strike_R","Strike_R","Strike_R","Defend_R","Defend_R","Defend_R","Bash+1","Shrug It Off","Clash","Shockwave","Dropkick","Clash","Clash","Offering+1","Necronomicurse","Spot Weakness","Dropkick+1","Flex+1","J.A.X.","Thunderclap+1"],"max_hp_per_floor":[80,80,80,80,80,80,80,80,80,80,80,80,80,80,80,80,80,80,80,80,80,80,94,94,94,94,94,94,94,94,94,94,94],"relics":["Black Blood","Lantern","Red Skull","Ornamental Fan","Necronomicon","The Courier","Mango","Du-Vu Doll"],"card_choices":[{"not_picked":["True Grit","Perfected Strike"],"picked":"Shrug It Off","floor":1},{"not_picked":["Rage","Brutality"],"picked":"Shockwave","floor":11},{"not_picked":["Wild Strike","Pommel Strike"],"picked":"Clash","floor":14},{"not_picked":["Limit Break","Impervious"],"picked":"Offering","floor":16},{"not_picked":["True Grit","Reckless Charge"],"picked":"Spot Weakness","floor":23},{"not_picked":["Armaments","Shrug It Off"],"picked":"Dropkick","floor":25},{"not_picked":["Combust","Disarm"],"picked":"Flex","floor":29},{"not_picked":["Clash","Reckless Charge"],"picked":"Thunderclap","floor":31}],"player_experience":209439,"potions_floor_usage":[16,23,23,28,33],"damage_taken":[{"damage":10,"enemies":"Small Slimes","floor":1,"turns":3},{"damage":6,"enemies":"Cultist","floor":4,"turns":3},{"damage":2,"enemies":"Jaw Worm","floor":8,"turns":2},{"damage":0,"enemies":"2 Fungi Beasts","floor":10,"turns":4},{"damage":35,"enemies":"3 Sentries","floor":11,"turns":8},{"damage":7,"enemies":"Looter","floor":14,"turns":2},{"damage":9,"enemies":"Slime Boss","floor":16,"turns":8},{"damage":27,"enemies":"Spheric Guardian","floor":18,"turns":5},{"damage":9,"enemies":"Shell Parasite","floor":22,"turns":3},{"damage":26,"enemies":"Gremlin Leader","floor":23,"turns":3},{"damage":4,"enemies":"Snecko","floor":25,"turns":1},{"damage":31,"enemies":"Slaver and Parasite","floor":28,"turns":5},{"damage":19,"enemies":"Snake Plant","floor":29,"turns":2},{"damage":7,"enemies":"Snecko","floor":31,"turns":2},{"damage":84,"enemies":"Champ","floor":33,"turns":6}],"event_choices":[{"event_name":"Wheel of Change","player_choice":"Full Heal","floor":2,"damage_taken":0},{"event_name":"World of Goop","player_choice":"Gather Gold","floor":5,"damage_taken":0},{"event_name":"Liars Game","player_choice":"disagreed","floor":7,"damage_taken":0},{"event_name":"The Cleric","player_choice":"Leave","floor":13,"damage_taken":0},{"event_name":"Cursed Tome","player_choice":"Obtained Book","floor":19,"damage_taken":0},{"event_name":"Addict","player_choice":"Obtained Relic","floor":20,"damage_taken":0},{"event_name":"Drug Dealer","player_choice":"Got JAXXED","floor":30,"damage_taken":0}],"boss_relics":[{"not_picked":["Pandora\u0027s Box","Lizard Tail"],"picked":"Black Blood"}],"potions_floor_spawned":[8,16,22,23,31],"seed_played":"1222806501822148872","killed_by":"Champ","ascension_level":5,"is_trial":false}