{"path_per_floor":["M","$","M","M","M","R","?","R","T","E","?","$","M","M","R"],"character_chosen":"IRONCLAD","items_purchased":["Bag of Marbles","Flex"],"gold_per_floor":[215,65,79,99,113,113,63,63,63,128,128,74,91,106,106,106],"floor_reached":16,"campfire_rested":1,"playtime":357,"current_hp_per_floor":[80,80,80,68,50,50,50,50,57,27,27,27,26,24,50,3],"items_purged":[],"gold":106,"score":128,"play_id":"a51f52b8-7b5f-484d-a593-894ef3db266c","local_time":"20180415231909","is_prod":false,"is_daily":false,"chose_seed":false,"is_ascension_mode":true,"campfire_upgraded":2,"timestamp":1523852349,"path_taken":["M","$","M","?","M","R","?","R","T","E","?","$","M","M","R","BOSS"],"build_version":"2018-04-12","seed_source_timestamp":11199140388680,"purchased_purges":0,"victory":false,"master_deck":["Strike_R","Strike_R","Strike_R","Strike_R","Strike_R","Defend_R","Defend_R","Defend_R","Bash","Clothesline+1","Hemokinesis","Intimidate","Thunderclap+1","Deep Breath","Flex","Twin Strike","Clash"],"max_hp_per_floor":[80,80,80,80,80,80,80,80,87,87,87,87,87,87,87,87],"relics":["Burning Blood","Bag of Marbles","Strawberry","Tiny Chest"],"card_choices":[{"not_picked":["Second Wind","Iron Wave"],"picked":"Clothesline","floor":1},{"not_picked":["Searing Blow","Heavy Blade"],"picked":"Hemokinesis","floor":3},{"not_picked":["Shrug It Off","Clothesline"],"picked":"Intimidate","floor":4},{"not_picked":["Power Through","Pommel Strike"],"picked":"Thunderclap","floor":5},{"not_picked":["Impervious","Warcry"],"picked":"Twin Strike","floor":13},{"not_picked":["Anger","Sword Boomerang"],"picked":"Clash","floor":14}],"player_experience":256530,"potions_floor_usage":[5,14,16,16],"damage_taken":[{"damage":6,"enemies":"Cultist","floor":1,"turns":3},{"damage":6,"enemies":"2 Louse","floor":3,"turns":2},{"damage":18,"enemies":"Small Slimes","floor":4,"turns":2},{"damage":39,"enemies":"Exordium Thugs","floor":5,"turns":7},{"damage":36,"enemies":"Lagavulin","floor":10,"turns":4},{"damage":7,"enemies":"Blue Slaver","floor":13,"turns":2},{"damage":8,"enemies":"Gremlin Gang","floor":14,"turns":3},{"damage":47,"enemies":"The Guardian","floor":16,"turns":7}],"event_choices":[{"event_name":"The Cleric","player_choice":"Card Removal","floor":7,"damage_taken":0},{"event_name":"Match and Keep!","player_choice":"1 cards matched","floor":11,"damage_taken":0}],"boss_relics":[],"potions_floor_spawned":[4,5,13,14],"seed_played":"-5383379496622486236","killed_by":"The Guardian","ascension_level":5,"is_trial":false}