{"path_per_floor":["M","?","?","M","$","R","M","E","T","E","?","?","$","M","R","B",null,"M","?","M","M","M","E","R","E","T","?","R","M","$","?","R"],"character_chosen":"IRONCLAD","items_purchased":["Flash of Steel","Spot Weakness","Ornamental Fan"],"gold_per_floor":[117,117,117,128,27,27,45,76,76,103,103,178,64,79,79,176,176,195,195,208,220,234,263,263,289,339,339,339,358,99,99,99],"floor_reached":33,"campfire_rested":4,"playtime":1766,"current_hp_per_floor":[80,80,80,75,75,75,73,61,61,48,48,37,37,37,61,15,80,67,67,57,55,40,42,66,47,47,32,57,32,32,32,57],"items_purged":["Regret"],"gold":99,"play_id":"cf87695e-bf3a-4738-acdb-89386d04a1cc","is_prod":false,"is_daily":false,"is_ascension_mode":false,"campfire_upgraded":1,"path_taken":["M","?","?","M","$","R","?","E","T","E","?","?","$","M","R","BOSS","M","?","M","M","M","E","R","E","T","?","R","M","$","?","R","BOSS"],"build_version":"2018-02-01-PROD3","purchased_purges":2,"victory":false,"master_deck":["Strike_R+1","Strike_R+1","Strike_R+1","Strike_R+1","Defend_R+1","Defend_R+1","Defend_R+1","Defend_R+1","Bash+1","Flash of Steel+1","Shrug It Off","Offering","Spot Weakness","Heavy Blade","Blood for Blood+1","Shrug It Off+1","Spot Weakness+1","Dual Wield+1","Hemokinesis+1","Twin Strike+1","Bloodletting"],"max_hp_per_floor":[80,80,80,80,80,80,80,80,80,80,80,80,80,80,80,80,80,80,80,80,80,80,80,80,80,80,85,85,85,85,85,85],"relics":["Burning Blood","Centennial Puzzle","Sundial","Dream Catcher","Juzu Bracelet","Sozu","Molten Egg 2","Meat on the Bone","Bag of Marbles","Ornamental Fan"],"card_choices":[{"not_picked":["True Grit","Immolate"],"picked":"Shrug It Off"},{"not_picked":["Iron Wave","Hemokinesis"],"picked":"Offering"},{"not_picked":["Wild Strike","Clothesline"],"picked":"Heavy Blade"},{"not_picked":["Havoc","Twin Strike"],"picked":"Blood for Blood"},{"not_picked":["Infernal Blade","Warcry"],"picked":"Shrug It Off"},{"not_picked":["Flame Barrier","Warcry"],"picked":"Spot Weakness"},{"not_picked":["Sword Boomerang","Metallicize"],"picked":"Dual Wield"},{"not_picked":["Feel No Pain","Seeing Red"],"picked":"Hemokinesis"},{"not_picked":["Seeing Red","Inflame"],"picked":"Twin Strike"},{"not_picked":["Fire Breathing","Twin Strike"],"picked":"Bloodletting"}],"player_experience":70538,"potions_floor_usage":[8,8,16],"damage_taken":[{"damage":6,"enemies":"Cultist","floor":1,"turns":3},{"damage":11,"enemies":"Blue Slaver","floor":4,"turns":4},{"damage":8,"enemies":"Jaw Worm","floor":7,"turns":3},{"damage":18,"enemies":"Lagavulin","floor":8,"turns":6},{"damage":19,"enemies":"3 Sentries","floor":10,"turns":8},{"damage":6,"enemies":"2 Fungi Beasts","floor":14,"turns":3},{"damage":52,"enemies":"Slime Boss","floor":16,"turns":12},{"damage":19,"enemies":"3 Byrds","floor":18,"turns":5},{"damage":16,"enemies":"2 Thieves","floor":20,"turns":3},{"damage":8,"enemies":"Snecko","floor":21,"turns":3},{"damage":21,"enemies":"Centurion and Healer","floor":22,"turns":4},{"damage":4,"enemies":"Gremlin Leader","floor":23,"turns":4},{"damage":25,"enemies":"Book of Stabbing","floor":25,"turns":3},{"damage":43,"enemies":"Cultist and Chosen","floor":29,"turns":5},{"damage":74,"enemies":"Collector","floor":33,"turns":7}],"event_choices":[{"event_name":"Upgrade Shrine","player_choice":"Upgraded","floor":2,"damage_taken":0},{"event_name":"The Lab","player_choice":"Got Potions","floor":3,"damage_taken":0},{"event_name":"Big Fish","player_choice":"Box","floor":11,"damage_taken":0},{"event_name":"World of Goop","player_choice":"Gather Gold","floor":12,"damage_taken":0},{"event_name":"Back to Basics","player_choice":"Simplicity","floor":19,"damage_taken":0},{"event_name":"Forgotten Altar","player_choice":"Shed Blood","floor":27,"damage_taken":0},{"event_name":"Drug Dealer","player_choice":"Ignored","floor":31,"damage_taken":0}],"boss_relics":[{"not_picked":["Velvet Choker","Lizard Tail"],"picked":"Sozu"}],"potions_floor_spawned":[7,10,18,23,25],"seed_played":"-6077417613716522541","killed_by":"Collector","ascension_level":0,"is_trial":false}