{"path_per_floor":["M","$","?","M","?","R","E","M","T","E","M","E","?","M","R","B",null,"M","?","$","M","?","E","M","E","T","?"],"character_chosen":"IRONCLAD","items_purchased":["Pommel Strike"],"gold_per_floor":[110,62,12,31,31,31,61,77,100,159,173,199,199,219,219,318,318,331,331,256,271,271,301,313,340,395,395],"floor_reached":28,"campfire_rested":1,"playtime":739,"current_hp_per_floor":[80,80,80,80,80,80,67,67,67,59,60,42,26,34,74,61,86,88,88,88,89,89,78,72,21,21,21],"items_purged":["Strike_R"],"gold":395,"score":317,"play_id":"53dabd89-92c3-44f0-a4f2-73011af2e6df","is_prod":false,"is_daily":false,"is_ascension_mode":true,"campfire_upgraded":1,"path_taken":["M","$","?","?","?","R","E","M","T","E","?","E","?","M","R","BOSS","M","?","$","?","?","E","M","E","T","?","M"],"build_version":"2018-02-15-PROD1","purchased_purges":1,"victory":false,"master_deck":["Strike_R","Strike_R","Strike_R","Defend_R+1","Defend_R+1","Bash","Clash","Pommel Strike+1","Flex+1","Rampage+1","Seeing Red+1","Shrug It Off","Whirlwind"],"max_hp_per_floor":[80,80,80,80,80,80,80,80,80,82,82,82,82,84,84,86,86,88,88,88,90,90,92,92,94,94,94],"relics":["Black Blood","War Paint","Regal Pillow","Singing Bowl","Tiny Chest","Shuriken","Lantern","Unceasing Top","Orichalcum"],"card_choices":[{"not_picked":["True Grit","Flex"],"picked":"Clash"},{"not_picked":["True Grit","Second Wind"],"picked":"Flex"},{"not_picked":["Carnage","Anger"],"picked":"Rampage"},{"not_picked":["Warcry","Iron Wave"],"picked":"Seeing Red"},{"not_picked":["Sword Boomerang","Cleave"],"picked":"Shrug It Off"},{"not_picked":["Clothesline","Armaments"],"picked":"Whirlwind"}],"player_experience":104644,"potions_floor_usage":[7,12,14,16,23,23,23],"damage_taken":[{"damage":4,"enemies":"Jaw Worm","floor":1,"turns":3},{"damage":4,"enemies":"2 Louse","floor":4,"turns":2},{"damage":19,"enemies":"3 Sentries","floor":7,"turns":6},{"damage":6,"enemies":"Cultist","floor":8,"turns":3},{"damage":16,"enemies":"Gremlin Nob","floor":10,"turns":3},{"damage":5,"enemies":"Blue Slaver","floor":11,"turns":2},{"damage":24,"enemies":"Lagavulin","floor":12,"turns":4},{"damage":0,"enemies":"2 Fungi Beasts","floor":14,"turns":2},{"damage":21,"enemies":"The Guardian","floor":16,"turns":8},{"damage":4,"enemies":"Chosen","floor":18,"turns":3},{"damage":11,"enemies":"Spheric Guardian","floor":21,"turns":3},{"damage":23,"enemies":"Slavers","floor":23,"turns":5},{"damage":16,"enemies":"Snake Plant","floor":24,"turns":2},{"damage":63,"enemies":"Book of Stabbing","floor":25,"turns":5},{"damage":23,"enemies":"Chosen and Byrds","floor":28,"turns":3}],"event_choices":[{"event_name":"The Cleric","player_choice":"Card Removal","floor":3,"damage_taken":0},{"event_name":"Living Wall","player_choice":"Forget","floor":5,"damage_taken":0},{"event_name":"Shining Light","player_choice":"Entered Light","floor":13,"damage_taken":0},{"event_name":"Addict","player_choice":"Ignored","floor":19,"damage_taken":0},{"event_name":"Upgrade Shrine","player_choice":"Upgraded","floor":22,"damage_taken":0},{"event_name":"Back to Basics","player_choice":"Elegance","floor":27,"damage_taken":0}],"boss_relics":[{"not_picked":["Sozu","Mark of Pain"],"picked":"Black Blood"}],"potions_floor_spawned":[4,10,11,14,16,18,21],"seed_played":"-3481714913209836536","killed_by":"Chosen and Byrds","ascension_level":3,"is_trial":false}