{"path_per_floor":["M","?","M","M","M","R","$","E","T","$","E","R","E","M","R","B",null,"M","M","?","$","M","R","E","M","T","R","?","R","?","M","R"],"character_chosen":"IRONCLAD","items_purchased":["Strength Potion","Strength Potion","Spot Weakness","Lantern","Strength Potion"],"gold_per_floor":[118,118,136,161,184,184,57,92,92,44,78,78,114,133,133,264,264,249,269,269,5,24,24,57,76,100,100,100,100,200,216,216],"floor_reached":33,"campfire_rested":5,"playtime":1106,"current_hp_per_floor":[80,60,66,65,57,57,57,31,31,31,22,46,17,21,45,32,80,71,66,50,50,21,45,19,15,15,39,39,39,39,30,54],"items_purged":["Strike_R"],"gold":216,"score":328,"play_id":"2117e2bd-ad41-4e6e-ba7e-aca535e2093c","is_prod":false,"is_daily":false,"is_ascension_mode":true,"campfire_upgraded":1,"path_taken":["M","?","M","M","?","R","$","E","T","$","E","R","E","M","R","BOSS","M","M","?","$","M","R","E","M","T","R","?","R","?","M","R","BOSS"],"build_version":"2018-02-15-PROD1","purchased_purges":1,"victory":false,"master_deck":["Strike_R","Strike_R","Strike_R","Defend_R","Defend_R","Bash","Cleave","Shrug It Off","Flex+1","Rampage","Rampage","Pommel Strike","Offering","Spot Weakness","Battle Trance+1","Shrug It Off+1","Heavy Blade+1"],"max_hp_per_floor":[80,80,80,80,80,80,80,80,80,80,80,80,80,80,80,80,80,80,80,80,80,80,80,80,80,80,80,80,80,80,80,80],"relics":["Burning Blood","Golden Idol","Dream Catcher","Unceasing Top","Happy Flower","Peace Pipe","Runic Pyramid","Enchiridion","Lantern","Bag of Marbles","Art of War"],"card_choices":[{"not_picked":["Shockwave","Searing Blow"],"picked":"Cleave"},{"not_picked":["Clash","Juggernaut"],"picked":"Shrug It Off"},{"not_picked":["Anger","Ghostly Armor"],"picked":"Flex"},{"not_picked":["Double Tap","Demon Form"],"picked":"Rampage"},{"not_picked":["Clothesline","Anger"],"picked":"Rampage"},{"not_picked":["Sentinel","Wild Strike"],"picked":"Pommel Strike"},{"not_picked":["Juggernaut","Exhume"],"picked":"Offering"},{"not_picked":["Twin Strike","Anger"],"picked":"Battle Trance"},{"not_picked":["Havoc","Hemokinesis"],"picked":"Shrug It Off"},{"not_picked":["Hemokinesis","Pommel Strike"],"picked":"Heavy Blade"}],"player_experience":108746,"potions_floor_usage":[8,8,11,11,16,16,18,22,22,24],"damage_taken":[{"damage":1,"enemies":"Cultist","floor":1,"turns":3},{"damage":0,"enemies":"2 Louse","floor":3,"turns":3},{"damage":7,"enemies":"Small Slimes","floor":4,"turns":4},{"damage":14,"enemies":"Looter","floor":5,"turns":3},{"damage":32,"enemies":"Lagavulin","floor":8,"turns":5},{"damage":15,"enemies":"3 Sentries","floor":11,"turns":5},{"damage":35,"enemies":"Lagavulin","floor":13,"turns":5},{"damage":2,"enemies":"3 Louse","floor":14,"turns":3},{"damage":19,"enemies":"Slime Boss","floor":16,"turns":9},{"damage":15,"enemies":"2 Thieves","floor":18,"turns":4},{"damage":11,"enemies":"3 Byrds","floor":19,"turns":5},{"damage":35,"enemies":"Slaver and Parasite","floor":22,"turns":5},{"damage":32,"enemies":"Gremlin Leader","floor":24,"turns":5},{"damage":10,"enemies":"Snecko","floor":25,"turns":5},{"damage":15,"enemies":"Centurion and Healer","floor":31,"turns":3},{"damage":84,"enemies":"Collector","floor":33,"turns":7}],"event_choices":[{"event_name":"Golden Idol","player_choice":"Take Damage","floor":2,"damage_taken":0},{"event_name":"Cursed Tome","player_choice":"Obtained Book","floor":20,"damage_taken":0},{"event_name":"Back to Basics","player_choice":"Elegance","floor":28,"damage_taken":0},{"event_name":"Golden Shrine","player_choice":"Pray","floor":30,"damage_taken":0}],"boss_relics":[{"not_picked":["Philosopher\u0027s Stone","Ectoplasm"],"picked":"Runic Pyramid"}],"potions_floor_spawned":[4,5,11,13,14,18,19,31],"seed_played":"8815643467383456038","killed_by":"Collector","ascension_level":3,"is_trial":false}