{"path_per_floor":["M","?","M","?","$","E","R","M","T","M","R","E","R","M","R","B",null,"M","?","T","M","$","R","E","M","T","?","M","R","M","M","R","B",null,"M","M","?","M","?","R","$","M","T","$","R","M","$","M","R"],"character_chosen":"IRONCLAD","items_purchased":["Flash of Steel","Sadistic Nature"],"gold_per_floor":[110,110,124,124,49,79,79,91,118,138,138,166,166,182,182,283,283,303,228,228,245,54,54,87,107,130,110,130,130,146,162,162,260,260,279,296,296,316,316,316,14,27,27,27,27,38,38,56,56],"floor_reached":50,"campfire_rested":3,"playtime":1623,"current_hp_per_floor":[80,80,80,73,73,79,79,80,80,80,80,79,79,80,80,34,80,76,76,76,72,72,76,73,59,59,59,63,69,73,53,59,48,80,51,30,70,58,49,70,70,46,46,46,70,43,43,44,70],"items_purged":["Strike_R","Defend_R","Burning Pact"],"gold":56,"score":516,"play_id":"f5cddfb0-1bc1-45dc-9b13-9c73bfc1773b","is_prod":false,"is_daily":false,"is_ascension_mode":true,"campfire_upgraded":7,"path_taken":["M","?","M","?","$","E","R","M","T","M","R","E","R","?","R","BOSS","M","?","?","M","$","R","E","?","T","?","M","R","M","M","R","BOSS","M","M","?","M","?","R","$","M","T","?","R","?","?","M","R","BOSS"],"build_version":"2018-02-15-PROD1","purchased_purges":3,"victory":false,"master_deck":["Strike_R","Defend_R+1","Defend_R+1","Bash","Clash+1","Rampage+1","Thunderclap+1","Inflame+1","Double Tap+1","Flash of Steel","Seeing Red+1","Spot Weakness+1","Ghostly Armor","Exhume","Uppercut+1","Burning Pact+1","Warcry","Madness","Madness","Sadistic Nature","Shrug It Off+1"],"max_hp_per_floor":[80,80,80,80,80,80,80,80,80,80,80,80,80,80,80,80,80,80,80,80,80,80,80,80,80,80,80,80,80,80,80,80,80,80,80,80,70,70,70,70,70,70,70,70,70,70,70,70,70],"relics":["Burning Blood","NeowsBlessing","Lantern","War Paint","Ancient Tea Set","Self Forming Clay","Eternal Feather","Champion Belt","Pantograph","Pen Nib","Astrolabe","Bronze Scales"],"card_choices":[{"not_picked":["Sentinel","True Grit"],"picked":"Clash"},{"not_picked":["Bloodletting","Clothesline"],"picked":"Rampage"},{"not_picked":["Sentinel","Shockwave"],"picked":"Thunderclap"},{"not_picked":["Iron Wave","Pummel"],"picked":"Inflame"},{"not_picked":["Exhume","Impervious"],"picked":"Double Tap"},{"not_picked":["Burning Pact","Intimidate"],"picked":"Seeing Red"},{"not_picked":["Second Wind","True Grit"],"picked":"Spot Weakness"},{"not_picked":["Corruption","Sword Boomerang"],"picked":"Ghostly Armor"},{"not_picked":["Brutality","Immolate"],"picked":"Exhume"},{"not_picked":["Rampage","Clothesline"],"picked":"Warcry"},{"not_picked":["Warcry","Sword Boomerang"],"picked":"Shrug It Off"}],"player_experience":109852,"potions_floor_usage":[18,24,25,28,28,28,30,33,36,42,46,50],"damage_taken":[{"damage":0,"enemies":"Jaw Worm","floor":1,"turns":1},{"damage":0,"enemies":"Cultist","floor":3,"turns":1},{"damage":0,"enemies":"Lagavulin","floor":6,"turns":2},{"damage":0,"enemies":"2 Louse","floor":8,"turns":2},{"damage":0,"enemies":"2 Fungi Beasts","floor":10,"turns":2},{"damage":7,"enemies":"3 Sentries","floor":12,"turns":6},{"damage":0,"enemies":"Exordium Wildlife","floor":14,"turns":2},{"damage":52,"enemies":"Hexaghost","floor":16,"turns":7},{"damage":10,"enemies":"3 Byrds","floor":18,"turns":4},{"damage":10,"enemies":"Chosen","floor":21,"turns":4},{"damage":18,"enemies":"Slavers","floor":24,"turns":5},{"damage":23,"enemies":"Snecko","floor":25,"turns":5},{"damage":2,"enemies":"Centurion and Healer","floor":28,"turns":3},{"damage":2,"enemies":"Cultist and Chosen","floor":30,"turns":4},{"damage":26,"enemies":"Snake Plant","floor":31,"turns":3},{"damage":38,"enemies":"Champ","floor":33,"turns":8},{"damage":35,"enemies":"Orb Walker","floor":35,"turns":6},{"damage":27,"enemies":"3 Shapes","floor":36,"turns":4},{"damage":18,"enemies":"Maw","floor":38,"turns":5},{"damage":30,"enemies":"3 Darklings","floor":42,"turns":5},{"damage":33,"enemies":"4 Shapes","floor":46,"turns":5},{"damage":5,"enemies":"Maw","floor":48,"turns":6},{"damage":77,"enemies":"Time Eater","floor":50,"turns":9}],"event_choices":[{"event_name":"Accursed Blacksmith","player_choice":"Rummage","floor":2,"damage_taken":0},{"event_name":"Golden Wing","player_choice":"Card Removal","floor":4,"damage_taken":0},{"event_name":"Beggar","player_choice":"Gave Gold","floor":19,"damage_taken":0},{"event_name":"The Woman in Blue","player_choice":"Bought 1 Potion","floor":27,"damage_taken":0},{"event_name":"The Moai Head","player_choice":"Heal","floor":37,"damage_taken":0},{"event_name":"Winding Halls","player_choice":"Embrace Madness","floor":39,"damage_taken":0}],"boss_relics":[{"not_picked":["Tiny House","Runic Pyramid"],"picked":"Eternal Feather"},{"not_picked":["Pandora\u0027s Box","Question Card"],"picked":"Astrolabe"}],"potions_floor_spawned":[1,6,10,12,21,25,28,30,31,35,36,42,48],"seed_played":"4189218876501887720","killed_by":"Time Eater","ascension_level":3,"is_trial":false}