{"path_per_floor":["M","M","M","M","?","E","R","E","T","R","?","$","M","E","R","B",null,"M","M","?","?","M","E","$","R","T","?","$","E","M","?","R","B",null,"M","M","?","?","$","R"],"character_chosen":"IRONCLAD","items_purchased":["Rampage","Energy Potion","Shrug It Off","Demon Form","Block Potion","Regen Potion","War Paint"],"gold_per_floor":[109,129,145,162,162,191,191,225,249,249,314,172,182,209,209,305,305,316,333,283,283,298,624,475,475,475,475,129,157,177,92,92,192,192,209,219,219,219,75,75],"floor_reached":41,"campfire_rested":2,"playtime":1932,"current_hp_per_floor":[69,74,72,77,70,62,62,51,58,58,58,58,60,66,96,74,101,101,101,101,101,76,66,66,96,96,96,96,80,85,85,85,37,101,94,89,89,89,89,89],"items_purged":["Defend_R","Strike_R","Strike_R"],"gold":75,"score":489,"play_id":"27f52af6-cd9a-49e2-a8d5-cc8e78d43a43","is_prod":false,"is_daily":false,"is_ascension_mode":true,"campfire_upgraded":4,"path_taken":["M","M","M","?","?","E","R","E","T","R","?","$","?","E","R","BOSS","M","M","?","?","M","E","?","R","T","?","$","E","?","?","R","BOSS","M","M","?","?","$","R","E"],"build_version":"2018-02-08-PROD1","purchased_purges":3,"victory":false,"master_deck":["Defend_R+1","Defend_R","Defend_R","Bash","Iron Wave","Whirlwind+1","Pommel Strike","Armaments+1","Rampage+1","Thunderclap+1","Shrug It Off+1","Demon Form","Pommel Strike+1","Offering+1"],"max_hp_per_floor":[80,80,80,80,80,80,80,80,87,87,101,101,101,101,101,101,101,101,101,101,101,101,101,101,101,101,101,101,101,101,101,101,101,101,101,101,101,101,101,101],"relics":["Burning Blood","Darkstone Periapt","Lantern","Strawberry","Mango","Blood Vial","Question Card","Old Coin","Pantograph","Ornamental Fan","Orichalcum","Sozu","War Paint"],"card_choices":[{"not_picked":["Power Through","Clothesline"],"picked":"Iron Wave"},{"not_picked":["Anger","Twin Strike"],"picked":"Whirlwind"},{"not_picked":["Infernal Blade","Havoc"],"picked":"Pommel Strike"},{"not_picked":["Twin Strike","Sever Soul"],"picked":"Armaments"},{"not_picked":["Flex","Perfected Strike","Iron Wave"],"picked":"Thunderclap"},{"not_picked":["Wild Strike","Flex","Heavy Blade"],"picked":"Pommel Strike"},{"not_picked":["Feed","Dark Embrace","Immolate"],"picked":"Offering"},{"not_picked":["Searing Blow","Anger","Pommel Strike"],"picked":"Infernal Blade"}],"player_experience":89675,"potions_floor_usage":[6,8,14,18,23,23,23,29,29,30,30],"damage_taken":[{"damage":17,"enemies":"Blue Slaver","floor":1,"turns":7},{"damage":1,"enemies":"Cultist","floor":2,"turns":3},{"damage":8,"enemies":"Small Slimes","floor":3,"turns":5},{"damage":1,"enemies":"2 Fungi Beasts","floor":4,"turns":4},{"damage":14,"enemies":"3 Sentries","floor":6,"turns":6},{"damage":17,"enemies":"Gremlin Nob","floor":8,"turns":5},{"damage":20,"enemies":"Lagavulin Event","floor":11,"turns":5},{"damage":4,"enemies":"3 Louse","floor":13,"turns":2},{"damage":0,"enemies":"3 Sentries","floor":14,"turns":1},{"damage":30,"enemies":"The Guardian","floor":16,"turns":10},{"damage":0,"enemies":"Spheric Guardian","floor":18,"turns":3},{"damage":0,"enemies":"3 Byrds","floor":19,"turns":3},{"damage":31,"enemies":"Snake Plant","floor":22,"turns":5},{"damage":30,"enemies":"Slavers","floor":23,"turns":5},{"damage":24,"enemies":"Gremlin Leader","floor":29,"turns":5},{"damage":33,"enemies":"Slaver and Parasite","floor":30,"turns":14},{"damage":70,"enemies":"Collector","floor":33,"turns":10},{"damage":13,"enemies":"3 Shapes","floor":35,"turns":4},{"damage":13,"enemies":"3 Darklings","floor":36,"turns":7},{"damage":92,"enemies":"Nemesis","floor":41,"turns":9}],"event_choices":[{"event_name":"Golden Wing","player_choice":"Card Removal","floor":5,"damage_taken":0},{"event_name":"Dead Adventurer","player_choice":"Searched \u00271\u0027 times","floor":11,"damage_taken":0},{"event_name":"The Joust","player_choice":"Bet on Murderer","floor":20,"damage_taken":0},{"event_name":"The Lab","player_choice":"Got Potions","floor":21,"damage_taken":0},{"event_name":"Back to Basics","player_choice":"Elegance","floor":27,"damage_taken":0},{"event_name":"Addict","player_choice":"Obtained Relic","floor":31,"damage_taken":0},{"event_name":"Mysterious Sphere","player_choice":"Ignore","floor":38,"damage_taken":0}],"boss_relics":[{"not_picked":["Runic Pyramid","Philosopher\u0027s Stone"],"picked":"Question Card"},{"not_picked":["Mark of Pain","Calling Bell"],"picked":"Sozu"}],"potions_floor_spawned":[1,6,11,13,14,16,22,29,33,36],"seed_played":"2166862677030473065","killed_by":"Nemesis","ascension_level":2,"is_trial":false}