{"path_per_floor":["M","M","M","$","?","E","M","R","T","R","E","R","E","M","R","B",null,"M","M","?","M","M","E","$","R","T","R","M","$","R","M","R","B",null,"M","M","M","?","M","R","?","?","T","$","M","R","M","M","R","B"],"character_chosen":"IRONCLAD","items_purchased":["Rampage","Happy Flower","Inflame"],"gold_per_floor":[119,139,156,4,79,111,123,123,149,149,178,178,203,215,215,318,318,330,350,350,366,383,414,125,125,125,125,138,13,13,30,30,127,127,142,155,169,169,184,184,184,184,184,34,47,47,59,78,78,78],"floor_reached":51,"campfire_rested":4,"playtime":2100,"current_hp_per_floor":[80,79,79,79,68,36,42,42,42,66,61,61,58,64,64,52,90,90,80,80,83,78,47,47,74,74,74,63,63,90,85,85,50,90,90,87,86,86,81,81,81,81,81,81,85,85,80,79,90,74],"items_purged":["Strike_R","Writhe","Strike_R","Havoc"],"gold":78,"score":590,"play_id":"ddfb9d5d-035c-4084-a0a6-367ce222afd9","is_prod":false,"is_daily":false,"is_ascension_mode":true,"campfire_upgraded":7,"path_taken":["M","M","M","$","?","E","M","R","T","R","E","R","E","M","R","BOSS","M","M","?","M","?","E","$","R","T","R","M","$","R","M","R","BOSS","M","M","?","?","M","R","?","?","T","$","M","R","M","M","R","BOSS"],"build_version":"2018-02-12-PROD1","purchased_purges":4,"victory":true,"master_deck":["Bash","Twin Strike","Armaments+1","Pommel Strike+1","Rampage+1","Cleave","Shrug It Off+1","Offering+1","Double Tap+1","Pommel Strike+1","Inflame+1","Ghostly Armor","Shrug It Off","Battle Trance","Body Slam","Iron Wave","Thunderclap+1"],"max_hp_per_floor":[80,80,80,80,80,80,80,80,80,80,90,90,90,90,90,90,90,90,90,90,90,90,90,90,90,90,90,90,90,90,90,90,90,90,90,90,90,90,90,90,90,90,90,90,90,90,90,90,90,90],"relics":["Burning Blood","Ornamental Fan","Blood Vial","Pear","Ice Cream","Sozu","Anchor","Sundial","Happy Flower","Unceasing Top","Pandora\u0027s Box","Vajra"],"card_choices":[{"not_picked":["Warcry","Fire Breathing"],"picked":"Twin Strike"},{"not_picked":["Sword Boomerang","Warcry"],"picked":"Armaments"},{"not_picked":["Clothesline","Havoc"],"picked":"Pommel Strike"},{"not_picked":["Heavy Blade","Body Slam"],"picked":"Cleave"},{"not_picked":["Sever Soul","Armaments"],"picked":"Shrug It Off"},{"not_picked":["Reaper","Clash"],"picked":"Offering"},{"not_picked":["Offering","Exhume"],"picked":"Double Tap"},{"not_picked":["Intimidate","Wild Strike"],"picked":"Pommel Strike"},{"not_picked":["Whirlwind","Uppercut"],"picked":"Thunderclap"}],"player_experience":97454,"potions_floor_usage":[],"damage_taken":[{"damage":6.0,"enemies":"Cultist","floor":1.0,"turns":3.0},{"damage":7.0,"enemies":"2 Louse","floor":2.0,"turns":3.0},{"damage":6.0,"enemies":"Blue Slaver","floor":3.0,"turns":3.0},{"damage":38.0,"enemies":"Lagavulin","floor":6.0,"turns":8.0},{"damage":0.0,"enemies":"Large Slime","floor":7.0,"turns":5.0},{"damage":23.0,"enemies":"Gremlin Nob","floor":11.0,"turns":4.0},{"damage":11.0,"enemies":"3 Sentries","floor":13.0,"turns":5.0},{"damage":2.0,"enemies":"Looter","floor":14.0,"turns":2.0},{"damage":20.0,"enemies":"Slime Boss","floor":16.0,"turns":11.0},{"damage":4.0,"enemies":"3 Byrds","floor":18.0,"turns":4.0},{"damage":16.0,"enemies":"2 Thieves","floor":19.0,"turns":3.0},{"damage":5.0,"enemies":"Snecko","floor":21.0,"turns":3.0},{"damage":13.0,"enemies":"Snake Plant","floor":22.0,"turns":4.0},{"damage":39.0,"enemies":"Book of Stabbing","floor":23.0,"turns":6.0},{"damage":19.0,"enemies":"Cultist and Chosen","floor":28.0,"turns":4.0},{"damage":11.0,"enemies":"Sentry and Sphere","floor":31.0,"turns":4.0},{"damage":43.0,"enemies":"Collector","floor":33.0,"turns":7.0},{"damage":4,"enemies":"3 Darklings","floor":35,"turns":3},{"damage":9,"enemies":"3 Shapes","floor":36,"turns":4},{"damage":9,"enemies":"Sphere and 2 Shapes","floor":37,"turns":4},{"damage":13,"enemies":"3 Darklings","floor":39,"turns":4},{"damage":4,"enemies":"Maw","floor":45,"turns":4},{"damage":13,"enemies":"4 Shapes","floor":47,"turns":3},{"damage":9,"enemies":"Sphere and 2 Shapes","floor":48,"turns":5},{"damage":22,"enemies":"Awakened One","floor":50,"turns":7}],"event_choices":[{"event_name":"World of Goop","player_choice":"Gather Gold","floor":5.0,"damage_taken":0.0},{"event_name":"The Mausoleum","player_choice":"Yes","floor":20.0,"damage_taken":0.0},{"event_name":"Tomb of Lord Red Mask","player_choice":"Ignored","floor":38,"damage_taken":0},{"event_name":"Purifier","player_choice":"One Purge","floor":41,"damage_taken":0},{"event_name":"Mysterious Sphere","player_choice":"Ignore","floor":42,"damage_taken":0}],"boss_relics":[{"not_picked":["Snecko Eye","Tiny House"],"picked":"Pandora\u0027s Box"}],"potions_floor_spawned":[2,7,11,13,16,18,28,31,33,35,47],"seed_played":"766581898905408760","ascension_level":2,"is_trial":false}