{"path_per_floor":["M","?","M","M","?","E","R","E","T","E","R","E","M","$","R","B",null,"M","?","M","M","?","R","E","M","T","$","M","R","M","M","R","B",null,"M","M","M","M","M","R","E","R","T","R","?","$","?","$","R"],"character_chosen":"IRONCLAD","items_purchased":["Whirlwind","Offering","Champion Belt"],"gold_per_floor":[111,111,129,139,139,173,173,208,232,263,263,295,312,12,12,113,113,125,125,142,155,80,80,111,125,173,73,89,89,107,125,125,224,224,234,252,266,277,297,297,331,331,331,331,331,28,128,3,3],"floor_reached":50,"campfire_rested":4,"playtime":1835,"current_hp_per_floor":[80,80,80,80,80,85,85,67,67,53,80,82,87,87,87,35,92,89,89,93,76,76,76,57,53,55,55,21,51,59,63,94,67,106,108,108,108,108,80,114,108,108,110,110,110,110,110,110,110],"items_purged":["Clash","Strike_R","Strike_R"],"gold":3,"score":593,"play_id":"9d45c11d-d18a-43c9-b42b-77d6829e24a1","is_prod":false,"is_daily":false,"is_ascension_mode":true,"campfire_upgraded":6,"path_taken":["M","?","M","M","?","E","R","E","T","E","R","E","M","$","R","BOSS","M","?","M","M","?","R","E","M","T","$","M","R","?","M","R","BOSS","M","M","?","M","?","R","E","R","T","R","?","$","?","$","R","BOSS"],"build_version":"2018-02-15-PROD1","purchased_purges":3,"victory":false,"master_deck":["Strike_R","Defend_R","Defend_R","Bash+1","Headbutt","Headbutt+1","Shrug It Off+1","Shrug It Off+1","Battle Trance","Cleave","Whirlwind+1","Offering+1","Pommel Strike+1","Body Slam+1","Shrug It Off+1","Spot Weakness+1","Offering","Rupture+1"],"max_hp_per_floor":[80,80,80,80,80,90,90,90,90,90,90,90,90,90,90,92,92,92,92,94,94,94,94,96,98,100,100,102,102,104,106,106,106,106,108,110,112,114,116,116,116,116,118,118,118,118,118,118,118],"relics":["Burning Blood","Pear","Bag of Marbles","Omamori","Oddly Smooth Stone","Singing Bowl","Astrolabe","Molten Egg 2","Prayer Wheel","Vajra","Black Star","Mummified Hand","Blue Candle","Juzu Bracelet","Champion Belt"],"card_choices":[{"not_picked":["Rupture","Armaments"],"picked":"Headbutt"},{"not_picked":["Armaments","Warcry"],"picked":"Clash"},{"not_picked":["Thunderclap","Rage"],"picked":"Headbutt"},{"not_picked":["Infernal Blade","Thunderclap"],"picked":"Shrug It Off"},{"not_picked":["Dropkick","Thunderclap"],"picked":"Shrug It Off"},{"not_picked":["Flex","Disarm"],"picked":"Battle Trance"},{"not_picked":["Body Slam","Hemokinesis"],"picked":"Cleave"},{"not_picked":["Clash","Havoc"],"picked":"Shrug It Off"},{"not_picked":["Dropkick","Ghostly Armor"],"picked":"Spot Weakness"},{"not_picked":["Exhume","Juggernaut"],"picked":"Offering"},{"not_picked":["Corruption","Evolve"],"picked":"Rupture"}],"player_experience":115218,"potions_floor_usage":[6,6,10,10,12,20,21,21,30,30,31,35,41,50,50],"damage_taken":[{"damage":6,"enemies":"2 Louse","floor":1,"turns":3},{"damage":6,"enemies":"Cultist","floor":3,"turns":3},{"damage":0,"enemies":"Small Slimes","floor":4,"turns":3},{"damage":11,"enemies":"Lagavulin","floor":6,"turns":6},{"damage":24,"enemies":"Gremlin Nob","floor":8,"turns":4},{"damage":20,"enemies":"3 Sentries","floor":10,"turns":5},{"damage":16,"enemies":"Lagavulin","floor":12,"turns":5},{"damage":1,"enemies":"Blue Slaver","floor":13,"turns":2},{"damage":60,"enemies":"The Guardian","floor":16,"turns":12},{"damage":9,"enemies":"2 Thieves","floor":18,"turns":2},{"damage":4,"enemies":"Spheric Guardian","floor":20,"turns":3},{"damage":38,"enemies":"Slaver and Parasite","floor":21,"turns":7},{"damage":27,"enemies":"Book of Stabbing","floor":24,"turns":4},{"damage":12,"enemies":"Centurion and Healer","floor":25,"turns":4},{"damage":42,"enemies":"Snake Plant","floor":28,"turns":4},{"damage":0,"enemies":"Chosen and Byrds","floor":30,"turns":3},{"damage":4,"enemies":"Centurion and Healer","floor":31,"turns":4},{"damage":33,"enemies":"Automaton","floor":33,"turns":10},{"damage":4,"enemies":"3 Darklings","floor":35,"turns":2},{"damage":8,"enemies":"Orb Walker","floor":36,"turns":2},{"damage":8,"enemies":"Sphere and 2 Shapes","floor":37,"turns":3},{"damage":8,"enemies":"3 Darklings","floor":38,"turns":1},{"damage":36,"enemies":"Maw","floor":39,"turns":8},{"damage":12,"enemies":"2 Orb Walkers","floor":41,"turns":3},{"damage":118,"enemies":"Awakened One","floor":50,"turns":11}],"event_choices":[{"event_name":"The Lab","player_choice":"Got Potions","floor":2,"damage_taken":0},{"event_name":"Upgrade Shrine","player_choice":"Upgraded","floor":5,"damage_taken":0},{"event_name":"Accursed Blacksmith","player_choice":"Rummage","floor":19,"damage_taken":0},{"event_name":"Beggar","player_choice":"Gave Gold","floor":22,"damage_taken":0},{"event_name":"Golden Shrine","player_choice":"Pray","floor":47,"damage_taken":0}],"boss_relics":[{"not_picked":["Sozu","Tiny House"],"picked":"Astrolabe"},{"not_picked":["Black Blood","Question Card"],"picked":"Black Star"}],"potions_floor_spawned":[3,6,10,12,13,16,20,24,30,33,36,37,41],"seed_played":"-5096415938392462465","killed_by":"Awakened One","ascension_level":3,"is_trial":false}