{"path_per_floor":["M","$","?","?","$","R","E","R","T","E","M","M","M","E","R","B",null,"M","$","M","$","?","R","?","R","T","M","R","M"],"character_chosen":"IRONCLAD","items_purchased":["Rampage","Pommel Strike","Fire Potion","Lantern"],"gold_per_floor":[109,40,40,215,42,42,73,73,73,101,112,128,141,168,168,265,265,276,276,288,32,32,32,32,32,59,75,75,89],"floor_reached":30,"campfire_rested":2,"playtime":743,"current_hp_per_floor":[80,80,80,80,80,80,80,80,80,80,80,80,79,54,78,13,80,64,64,36,36,21,52,80,85,85,66,72,73],"items_purged":["Doubt","Strike_R"],"gold":89,"score":340,"play_id":"cd5be337-238e-4132-896c-49a8e93b70ca","is_prod":false,"is_daily":false,"is_ascension_mode":true,"campfire_upgraded":2,"path_taken":["M","$","?","?","$","R","E","R","T","E","M","?","M","E","R","BOSS","M","$","M","$","?","R","?","R","T","M","R","M","E"],"build_version":"2018-02-15-PROD1","purchased_purges":2,"victory":false,"master_deck":["Strike_R","Strike_R","Defend_R","Defend_R","Defend_R","Bash","Thunderclap","Rampage+1","Pommel Strike","Shrug It Off+1","Spot Weakness+1","Heavy Blade","Shrug It Off+1","Double Tap+1","Bloodletting+1","Clothesline+1","Iron Wave+1"],"max_hp_per_floor":[80,80,80,80,80,80,80,80,80,80,80,80,80,80,80,80,80,80,80,80,80,85,85,85,85,85,85,85,85],"relics":["Burning Blood","NeowsBlessing","Blood Vial","Peace Pipe","Toxic Egg 2","Ancient Tea Set","Eternal Feather","Lantern","Anchor"],"card_choices":[{"not_picked":["Armaments","Headbutt"],"picked":"Thunderclap"},{"not_picked":["Sword Boomerang","Power Through"],"picked":"Shrug It Off"},{"not_picked":["Whirlwind","Wild Strike"],"picked":"Spot Weakness"},{"not_picked":["Clothesline","Thunderclap"],"picked":"Heavy Blade"},{"not_picked":["Thunderclap","Impervious"],"picked":"Shrug It Off"},{"not_picked":["Juggernaut","Dark Embrace"],"picked":"Double Tap"},{"not_picked":["Searing Blow","Sentinel"],"picked":"Bloodletting"},{"not_picked":["Second Wind","Armaments"],"picked":"Clothesline"},{"not_picked":["Sword Boomerang","Heavy Blade"],"picked":"Iron Wave"}],"player_experience":114475,"potions_floor_usage":[12,13,14,20],"damage_taken":[{"damage":0,"enemies":"Small Slimes","floor":1,"turns":1},{"damage":0,"enemies":"Gremlin Nob","floor":7,"turns":1},{"damage":0,"enemies":"Lagavulin","floor":10,"turns":1},{"damage":1,"enemies":"Cultist","floor":11,"turns":3},{"damage":2,"enemies":"2 Louse","floor":12,"turns":2},{"damage":7,"enemies":"Large Slime","floor":13,"turns":3},{"damage":32,"enemies":"Gremlin Nob","floor":14,"turns":4},{"damage":73,"enemies":"The Guardian","floor":16,"turns":11},{"damage":22,"enemies":"Chosen","floor":18,"turns":4},{"damage":36,"enemies":"3 Byrds","floor":20,"turns":7},{"damage":25,"enemies":"Sentry and Sphere","floor":27,"turns":5},{"damage":7,"enemies":"Chosen and Byrds","floor":29,"turns":5},{"damage":77,"enemies":"Gremlin Leader","floor":30,"turns":8}],"event_choices":[{"event_name":"Purifier","player_choice":"One Purge","floor":3,"damage_taken":0},{"event_name":"Liars Game","player_choice":"agreed","floor":4,"damage_taken":0},{"event_name":"Forgotten Altar","player_choice":"Shed Blood","floor":22,"damage_taken":0},{"event_name":"The Library","player_choice":"Heal","floor":24,"damage_taken":0}],"boss_relics":[{"not_picked":["Runic Pyramid","White Beast Statue"],"picked":"Eternal Feather"}],"potions_floor_spawned":[7,12,16,18],"seed_played":"-2638110145760771711","killed_by":"Gremlin Leader","ascension_level":3,"is_trial":false}