{"path_per_floor":["M","M","?","$","?","E","R","E","T","M","E","?","?","M","R","B",null,"M","?","$","M","?","E","R","$","T","M","E","M","?","E","R","B",null,"M","M","?","?","M","R","?","E","T","M","R","M","?","$","R","B"],"character_chosen":"IRONCLAD","items_purchased":["Flash of Steel","Spot Weakness","Orichalcum"],"gold_per_floor":[114,124,124,32,32,64,64,89,89,107,140,140,140,156,156,259,259,229,229,6,6,6,6,6,6,6,6,6,6,6,6,6,6,6,6,6,6,6,6,6,6,6,6,6,6,6,6,6,6,6],"floor_reached":51,"campfire_rested":4,"playtime":1434,"current_hp_per_floor":[80,80,80,80,80,80,80,51,51,56,50,43,43,39,63,36,80,80,80,80,65,65,51,75,75,75,53,59,67,67,70,70,78,80,79,57,47,80,57,57,57,58,58,37,61,37,37,37,61,29],"items_purged":[],"gold":6,"score":795,"play_id":"d75d87d2-a819-4abd-b23f-f17ea0cf08b5","is_prod":false,"is_daily":false,"is_ascension_mode":true,"campfire_upgraded":3,"path_taken":["M","M","?","$","?","E","R","E","T","?","E","?","?","M","R","BOSS","M","?","$","?","?","E","R","?","T","M","E","M","?","E","R","BOSS","M","M","?","?","M","R","?","E","T","M","R","M","?","?","R","BOSS"],"build_version":"2018-02-15-PROD1","purchased_purges":0,"victory":true,"master_deck":["Strike_R+1","Strike_R","Strike_R","Strike_R","Strike_R+1","Defend_R","Defend_R","Bash","Armaments+1","Heavy Blade","Flash of Steel","Shrug It Off","Clash","Demon Form+1","Heavy Blade","Flash of Steel","Spot Weakness","Pommel Strike+1","Clash+1","Battle Trance+1","Madness","Madness+1","Shockwave","Flex+1"],"max_hp_per_floor":[80,80,80,80,80,80,80,80,80,80,80,80,80,80,80,80,80,80,80,80,80,80,80,80,80,80,80,80,80,80,80,80,80,80,80,80,80,80,80,80,80,80,80,80,80,80,80,80,80,80],"relics":["Burning Blood","NeowsBlessing","Happy Flower","Pen Nib","Red Skull","Vajra","Omamori","Darkstone Periapt","Ectoplasm","Orichalcum","Oddly Smooth Stone","Whetstone","Juzu Bracelet","Blood Vial","Lantern","Bird Faced Urn","Tiny Chest"],"card_choices":[{"not_picked":["Sword Boomerang","Metallicize"],"picked":"Armaments"},{"not_picked":["Exhume","Shockwave"],"picked":"Shrug It Off"},{"not_picked":["Ghostly Armor","Hemokinesis"],"picked":"Clash"},{"not_picked":["Berserk","Juggernaut"],"picked":"Demon Form"},{"not_picked":["Wild Strike","Flex"],"picked":"Heavy Blade"},{"not_picked":["Wild Strike","Clash"],"picked":"Pommel Strike"},{"not_picked":["Armaments","Flame Barrier"],"picked":"Disarm"},{"not_picked":["Armaments","Second Wind"],"picked":"Clash"},{"not_picked":["Flame Barrier","Rupture"],"picked":"Battle Trance"},{"not_picked":["True Grit","Sword Boomerang"],"picked":"Shockwave"},{"not_picked":["Reckless Charge","Shockwave"],"picked":"Flex"}],"player_experience":117053,"potions_floor_usage":[8,11,16,18,23,31,33,35,39,50,50],"damage_taken":[{"damage":0,"enemies":"2 Louse","floor":1,"turns":1},{"damage":0,"enemies":"Small Slimes","floor":2,"turns":1},{"damage":0,"enemies":"Gremlin Nob","floor":6,"turns":1},{"damage":35,"enemies":"Lagavulin","floor":8,"turns":4},{"damage":1,"enemies":"Cultist","floor":10,"turns":3},{"damage":12,"enemies":"3 Sentries","floor":11,"turns":5},{"damage":10,"enemies":"2 Fungi Beasts","floor":14,"turns":3},{"damage":33,"enemies":"Hexaghost","floor":16,"turns":8},{"damage":6,"enemies":"2 Thieves","floor":18,"turns":3},{"damage":21,"enemies":"3 Byrds","floor":21,"turns":4},{"damage":26,"enemies":"Book of Stabbing","floor":23,"turns":3},{"damage":28,"enemies":"Cultist and Chosen","floor":27,"turns":5},{"damage":0,"enemies":"Gremlin Leader","floor":28,"turns":4},{"damage":0,"enemies":"Snecko","floor":29,"turns":2},{"damage":5,"enemies":"Book of Stabbing","floor":31,"turns":3},{"damage":9,"enemies":"Champ","floor":33,"turns":6},{"damage":7,"enemies":"3 Darklings","floor":35,"turns":4},{"damage":29,"enemies":"3 Shapes","floor":36,"turns":3},{"damage":29,"enemies":"Maw","floor":39,"turns":5},{"damage":7,"enemies":"Giant Head","floor":42,"turns":4},{"damage":31,"enemies":"4 Shapes","floor":44,"turns":4},{"damage":32,"enemies":"3 Darklings","floor":46,"turns":5},{"damage":42,"enemies":"Donu and Deca","floor":50,"turns":5}],"event_choices":[{"event_name":"Living Wall","player_choice":"Change","floor":3,"damage_taken":0},{"event_name":"Liars Game","player_choice":"disagreed","floor":5,"damage_taken":0},{"event_name":"Scrap Ooze","player_choice":"success","floor":12,"damage_taken":7},{"event_name":"Big Fish","player_choice":"Box","floor":13,"damage_taken":0},{"event_name":"Duplicator","player_choice":"One dupe","floor":19,"damage_taken":0},{"event_name":"Accursed Blacksmith","player_choice":"Rummage","floor":22,"damage_taken":0},{"event_name":"The Lab","player_choice":"Got Potions","floor":30,"damage_taken":0},{"event_name":"Winding Halls","player_choice":"Embrace Madness","floor":37,"damage_taken":0},{"event_name":"Bonfire Elementals","player_choice":"UNCOMMON","floor":38,"damage_taken":0},{"event_name":"Mysterious Sphere","player_choice":"Ignore","floor":41,"damage_taken":0}],"boss_relics":[{"not_picked":["Runic Cube","Black Star"],"picked":"Ectoplasm"},{"not_picked":["Runic Pyramid","Runic Dome","Snecko Eye"]}],"potions_floor_spawned":[6,8,11,14,21,28,29,33,36,42],"seed_played":"-6076537027662367609","ascension_level":3,"is_trial":false}