{"path_per_floor":["M","$","?","?","M","R","E","M","T","R","M","M","M","?","R","B",null,"M"],"character_chosen":"IRONCLAD","items_purchased":[],"gold_per_floor":[112,37,37,37,48,48,82,96,165,165,176,190,200,200,200,297,297,307],"floor_reached":19,"campfire_rested":2,"playtime":366,"current_hp_per_floor":[74,74,74,74,74,78,50,44,44,72,46,42,38,31,59,25,80,70],"items_purged":["Defend_R"],"gold":326,"score":171,"play_id":"b5457e9e-0b15-4b70-8964-45cb1af0c3dc","local_time":"20180313213039","is_prod":false,"is_daily":false,"is_ascension_mode":false,"campfire_upgraded":1,"timestamp":1521001839,"path_taken":["M","$","?","?","M","R","E","M","T","R","M","M","M","?","R","BOSS","M","M"],"build_version":"2018-03-09","purchased_purges":1,"victory":false,"master_deck":["Strike_R","Strike_R","Strike_R","Strike_R","Strike_R","Defend_R","Defend_R","Defend_R","Bash+1","Twin Strike+1","Shrug It Off","Clash+1","Clash+1","Double Tap","Body Slam+1"],"max_hp_per_floor":[80,80,80,80,80,80,80,80,80,80,80,80,80,80,80,80,80,80],"relics":["Eternal Feather","Happy Flower","Molten Egg 2","Mummified Hand","Blood Vial","Sozu"],"card_choices":[{"not_picked":["Havoc","Anger"],"picked":"Twin Strike"},{"not_picked":["Infernal Blade","Carnage"],"picked":"Shrug It Off"},{"not_picked":["Iron Wave","Armaments"],"picked":"Clash"},{"not_picked":["Pommel Strike","Carnage"],"picked":"Clash"},{"not_picked":["Barricade","Dark Embrace"],"picked":"Double Tap"},{"not_picked":["Havoc","Headbutt"],"picked":"Body Slam"}],"player_experience":145006,"potions_floor_usage":[16,19],"damage_taken":[{"damage":6,"enemies":"2 Louse","floor":1,"turns":3},{"damage":0,"enemies":"Cultist","floor":5,"turns":2},{"damage":28,"enemies":"Lagavulin","floor":7,"turns":5},{"damage":6,"enemies":"Jaw Worm","floor":8,"turns":2},{"damage":26,"enemies":"Exordium Wildlife","floor":11,"turns":4},{"damage":4,"enemies":"Gremlin Gang","floor":12,"turns":4},{"damage":4,"enemies":"Blue Slaver","floor":13,"turns":2},{"damage":36,"enemies":"The Guardian","floor":16,"turns":7},{"damage":10,"enemies":"2 Thieves","floor":18,"turns":3},{"damage":5,"enemies":"3 Byrds","floor":19,"turns":4}],"event_choices":[{"event_name":"Accursed Blacksmith","player_choice":"Rummage","floor":3,"damage_taken":0},{"event_name":"Upgrade Shrine","player_choice":"Upgraded","floor":4,"damage_taken":0},{"event_name":"Scrap Ooze","player_choice":"success","floor":14,"damage_taken":7}],"boss_relics":[{"not_picked":["Mark of Pain","Calling Bell"],"picked":"Sozu"}],"potions_floor_spawned":[7,8,11,13],"seed_played":"3076607311463537318","killed_by":"3 Byrds","ascension_level":0,"is_trial":false}