{"path_per_floor":["M","M","M","M","M","E","M","R","T","E","M","R","?","?","R","B",null,"M","?","?","M","$","R","E","M","T","T","M","?","M","$","R","B",null,"M","?","M","$","?","E","T","R","T","$","M","?","R","M","R","B"],"character_chosen":"IRONCLAD","items_purchased":["Paper Frog","Flash of Steel"],"gold_per_floor":[119,135,155,168,178,212,222,222,245,270,286,286,236,236,236,333,333,348,348,273,288,35,35,69,86,86,109,129,129,149,149,149,254,254,272,272,287,212,265,292,315,315,315,119,129,129,129,140,140,140],"floor_reached":51,"campfire_rested":2,"playtime":1347,"current_hp_per_floor":[71,71,71,71,71,47,47,71,71,71,64,64,64,48,72,19,80,80,80,80,78,78,78,78,78,78,78,76,76,76,76,76,62,80,80,80,80,80,80,80,80,80,80,80,76,66,66,66,66,46],"items_purged":["Decay","Doubt"],"gold":140,"score":807,"play_id":"ccbcd4ae-968c-40dc-8226-31add25a4d40","local_time":"20180313210926","is_prod":false,"is_daily":false,"is_ascension_mode":false,"campfire_upgraded":3,"timestamp":1521000566,"path_taken":["M","?","M","M","M","E","M","R","T","E","?","R","?","?","R","BOSS","M","?","?","M","?","R","E","M","T","?","?","?","M","$","R","BOSS","M","?","M","$","?","E","?","R","T","?","M","?","R","?","R","BOSS"],"build_version":"2018-03-09","purchased_purges":2,"victory":true,"master_deck":["Bash","True Grit+1","Whirlwind+1","Warcry+1","Flex","Iron Wave+1","Armaments+1","Flex","Sentinel","Pommel Strike+1","Bludgeon+1","Dropkick+1","Seeing Red+1","Intimidate+1","Flash of Steel","Battle Trance+1","Madness","Madness"],"max_hp_per_floor":[80,80,80,80,80,80,80,80,80,80,80,80,80,80,80,80,80,80,80,80,80,80,80,80,80,80,80,80,80,80,80,80,80,80,80,80,80,80,80,80,80,80,80,80,80,80,80,80,80,80],"relics":["Pandora\u0027s Box","Bag of Preparation","War Paint","Ancient Tea Set","Cursed Key","Bag of Marbles","Paper Frog","Calipers","Frozen Eye","Prayer Wheel","Sozu","Shovel","Thread and Needle","Orichalcum","Peace Pipe","Dead Branch"],"card_choices":[{"not_picked":["Battle Trance","Heavy Blade"],"picked":"Flex"},{"not_picked":["Body Slam","Havoc"],"picked":"Sentinel"},{"not_picked":["Thunderclap","Dark Embrace"],"picked":"Pommel Strike"},{"not_picked":["Reaper","Feed"],"picked":"Bludgeon"},{"not_picked":["Pommel Strike","Perfected Strike"],"picked":"Dropkick"},{"not_picked":["Twin Strike","Pommel Strike"],"picked":"Seeing Red"},{"not_picked":["Inflame","Iron Wave"],"picked":"Intimidate"},{"not_picked":["Feel No Pain","Sword Boomerang"],"picked":"Battle Trance"}],"player_experience":142791,"potions_floor_usage":[6,10,30,39,50,50],"damage_taken":[{"damage":9,"enemies":"Cultist","floor":1,"turns":4},{"damage":0,"enemies":"Jaw Worm","floor":2,"turns":3},{"damage":0,"enemies":"2 Louse","floor":3,"turns":1},{"damage":0,"enemies":"Red Slaver","floor":4,"turns":4},{"damage":0,"enemies":"3 Louse","floor":5,"turns":1},{"damage":24,"enemies":"Lagavulin","floor":6,"turns":5},{"damage":0,"enemies":"Large Slime","floor":7,"turns":3},{"damage":0,"enemies":"3 Sentries","floor":10,"turns":2},{"damage":7,"enemies":"Exordium Wildlife","floor":11,"turns":3},{"damage":53,"enemies":"Hexaghost","floor":16,"turns":9},{"damage":0,"enemies":"Spheric Guardian","floor":18,"turns":3},{"damage":2,"enemies":"Chosen","floor":21,"turns":3},{"damage":0,"enemies":"Book of Stabbing","floor":24,"turns":2},{"damage":0,"enemies":"Snecko","floor":25,"turns":2},{"damage":2,"enemies":"Cultist and Chosen","floor":28,"turns":2},{"damage":0,"enemies":"Snake Plant","floor":30,"turns":2},{"damage":14,"enemies":"Collector","floor":33,"turns":3},{"damage":0,"enemies":"3 Darklings","floor":35,"turns":1},{"damage":0,"enemies":"Orb Walker","floor":37,"turns":1},{"damage":0,"enemies":"Mysterious Sphere","floor":39,"turns":1},{"damage":0,"enemies":"2 Orb Walkers","floor":40,"turns":1},{"damage":4,"enemies":"Maw","floor":45,"turns":3},{"damage":0,"enemies":"3 Darklings","floor":48,"turns":2},{"damage":20,"enemies":"Donu and Deca","floor":50,"turns":4}],"event_choices":[{"event_name":"The Cleric","player_choice":"Card Removal","floor":13,"damage_taken":0},{"event_name":"Shining Light","player_choice":"Entered Light","floor":14,"damage_taken":0},{"event_name":"The Mausoleum","player_choice":"Yes","floor":19,"damage_taken":0},{"event_name":"Beggar","player_choice":"Gave Gold","floor":20,"damage_taken":0},{"event_name":"Vampires","player_choice":"Ignored","floor":29,"damage_taken":0},{"event_name":"Mysterious Sphere","player_choice":"Fight","floor":39,"damage_taken":0},{"event_name":"Winding Halls","player_choice":"Embrace Madness","floor":46,"damage_taken":0}],"boss_relics":[{"not_picked":["Orrery","Tiny House"],"picked":"Cursed Key"},{"not_picked":["Astrolabe","Velvet Choker"],"picked":"Sozu"}],"potions_floor_spawned":[2,4,5,11,16,24,25,28,30,40,45],"seed_played":"1266760270310586756","ascension_level":0,"is_trial":false}