{"path_per_floor":["M","?","?","M","$","R","M","M","T","?","M","M","?","M","R","B",null,"M","$","M","$","M","R"],"character_chosen":"IRONCLAD","items_purchased":[],"gold_per_floor":[139,139,139,158,83,83,103,123,150,150,163,175,175,185,185,283,283,294,194,207,82,98,98],"floor_reached":24,"campfire_rested":2,"playtime":387,"current_hp_per_floor":[74,74,74,74,74,74,74,73,73,73,69,69,69,62,85,23,85,82,82,49,49,10,35],"items_purged":["Injury","Defend_R","Strike_R"],"gold":98,"score":190,"play_id":"3236d230-47fe-4b27-88c2-3cf48a3d5d56","local_time":"20180315215106","is_prod":false,"is_daily":false,"is_ascension_mode":false,"campfire_upgraded":1,"timestamp":1521175866,"path_taken":["M","?","?","?","$","R","M","M","T","?","M","M","?","M","R","BOSS","M","$","M","$","M","R","E"],"build_version":"2018-03-15","purchased_purges":3,"victory":false,"master_deck":["Strike_R","Strike_R","Strike_R+1","Strike_R","Defend_R","Defend_R","Defend_R","Bash","Flex+1","Whirlwind+1","Bloodletting"],"max_hp_per_floor":[85,85,85,85,85,85,85,85,85,85,85,85,85,85,85,85,85,85,85,85,85,85,85],"relics":["Tiny House"],"card_choices":[{"not_picked":["Reaper","Clothesline"],"picked":"Flex"},{"not_picked":["Havoc","Clash"],"picked":"Whirlwind"},{"not_picked":["Headbutt","Rupture"],"picked":"Bloodletting"}],"player_experience":153913,"potions_floor_usage":[16,16,18,20],"damage_taken":[{"damage":11,"enemies":"Jaw Worm","floor":1,"turns":2},{"damage":0,"enemies":"Small Slimes","floor":4,"turns":3},{"damage":0,"enemies":"Cultist","floor":7,"turns":2},{"damage":1,"enemies":"3 Louse","floor":8,"turns":2},{"damage":4,"enemies":"Gremlin Gang","floor":11,"turns":2},{"damage":0,"enemies":"Large Slime","floor":12,"turns":4},{"damage":7,"enemies":"Blue Slaver","floor":14,"turns":2},{"damage":62,"enemies":"Hexaghost","floor":16,"turns":7},{"damage":3,"enemies":"3 Byrds","floor":18,"turns":4},{"damage":42,"enemies":"Shell Parasite","floor":20,"turns":6},{"damage":39,"enemies":"Snake Plant","floor":22,"turns":4},{"damage":52,"enemies":"Book of Stabbing","floor":24,"turns":3}],"event_choices":[{"event_name":"Golden Idol","player_choice":"Ignored","floor":2,"damage_taken":0},{"event_name":"Accursed Blacksmith","player_choice":"Forge","floor":3,"damage_taken":0},{"event_name":"Liars Game","player_choice":"disagreed","floor":10,"damage_taken":0},{"event_name":"The Lab","player_choice":"Got Potions","floor":13,"damage_taken":0}],"boss_relics":[{"not_picked":["Orrery","Calling Bell","Runic Pyramid"]}],"potions_floor_spawned":[1,12,16,18],"seed_played":"-2015621371720736255","killed_by":"Book of Stabbing","ascension_level":0,"is_trial":false}