{"path_per_floor":["M","?","M","?","$","R","M","?","T","R","$","M","M","?","R","B",null,"M","M","M"],"character_chosen":"THE_SILENT","items_purchased":[],"gold_per_floor":[119,119,136,136,61,61,81,81,136,136,36,49,61,118,118,223,223,236,256,270],"floor_reached":21,"campfire_rested":1,"playtime":1431,"current_hp_per_floor":[70,56,56,44,44,44,44,44,44,44,44,43,43,28,49,33,72,61,58,19],"items_purged":["Strike_G","Defend_G"],"gold":270,"play_id":"0d118c0c-2b90-44b5-a4ca-c78e725cd7ae","is_prod":false,"is_daily":false,"campfire_rituals":0,"campfire_upgraded":2,"is_hardmode":false,"path_taken":["M","?","M","?","$","R","M","?","T","R","?","?","M","?","R","BOSS","M","M","M","M"],"build_version":"2017-12-29-BETA1","purchased_purges":2,"victory":false,"master_deck":["Defend_G","Defend_G","Defend_G","Defend_G","Strike_G","Strike_G","Strike_G","Strike_G","Survivor","Neutralize","Dagger Throw","Backflip","Dagger Throw","Eviscerate","Backflip","Underhanded Strike","Quick Slash"],"max_hp_per_floor":[70,70,70,70,70,70,70,70,70,70,70,70,70,70,70,72,72,74,76,76],"relics":["Philosopher\u0027s Stone","Anchor","Tiny Chest","Singing Bowl","Sozu"],"campfire_meditates":0,"card_choices":[{"not_picked":["Finisher","Setup"],"picked":"Dagger Throw"},{"not_picked":["Dagger Throw","Quick Slash"],"picked":"Backflip"},{"not_picked":["Outmaneuver","Dodge and Roll"],"picked":"Dagger Throw"},{"not_picked":["Blade Dance","Crippling Poison"],"picked":"Eviscerate"},{"not_picked":["Flechettes","All Out Attack"],"picked":"Backflip"},{"not_picked":["Calculated Gamble","Deadly Poison"],"picked":"Underhanded Strike"},{"not_picked":["Sucker Punch","Cloak And Dagger"],"picked":"Quick Slash"}],"player_experience":186032,"potions_floor_usage":[14,14,16,16],"damage_taken":[{"damage":0,"enemies":"Small Slimes","floor":1,"turns":3},{"damage":0,"enemies":"Jaw Worm","floor":3,"turns":2},{"damage":0,"enemies":"Blue Slaver","floor":7,"turns":3},{"damage":1,"enemies":"Large Slime","floor":12,"turns":5},{"damage":0,"enemies":"2 Fungi Beasts","floor":13,"turns":2},{"damage":15,"enemies":"Lagavulin Event","floor":14,"turns":6},{"damage":18,"enemies":"Slime Boss","floor":16,"turns":6},{"damage":13,"enemies":"2 Thieves","floor":18,"turns":4},{"damage":5,"enemies":"Shell Parasite","floor":19,"turns":5},{"damage":39,"enemies":"Sentry and Sphere","floor":20,"turns":6},{"damage":22,"enemies":"Snake Plant","floor":21,"turns":4}],"event_choices":[{"event_name":"Shining Light","player_choice":"Entered Light","floor":2,"damage_taken":0},{"event_name":"Scrap Ooze","player_choice":"success","floor":4,"damage_taken":12},{"event_name":"The Woman in Blue","player_choice":"Bought 0 Potions","floor":8,"damage_taken":0},{"event_name":"Dead Adventurer","player_choice":"Searched \u00273\u0027 times","floor":14,"damage_taken":0}],"boss_relics":[{"not_picked":["Question Card","Runic Pyramid"],"picked":"Sozu"}],"potions_floor_spawned":[1,12,13,14,16],"seed_played":"-959270285537377583","killed_by":"Snake Plant","is_trial":false}