{"path_per_floor":["M","?","M","M","?","$","R","M","T","M","R","M","?","$","R","B",null,"M","?","M","M","$","R","M","M","T","M","M","R","$","M","R","B",null,"M","M","M","?","$","R","M","R","T","R","M","?","M","M","R","B"],"character_chosen":"THE_SILENT","items_purchased":["Bandage Up","Vajra","Bottled Tornado"],"gold_per_floor":[111,111,123,135,210,40,40,59,86,101,101,118,118,18,18,118,118,137,137,157,170,13,13,29,49,49,62,79,79,79,99,99,195,195,212,230,243,243,5,5,18,18,18,18,34,134,148,165,165,165],"floor_reached":51,"campfire_rested":0,"playtime":5155,"current_hp_per_floor":[70,58,58,57,46,46,46,50,50,54,54,58,58,58,58,30,70,54,54,54,53,53,53,52,56,56,65,39,39,39,45,45,42,70,68,56,48,48,48,48,43,43,43,43,47,47,51,63,63,56],"items_purged":["Strike_G","Defend_G"],"gold":165,"play_id":"58e1fac2-f967-41b9-aa8e-31dd446256e7","is_prod":false,"is_daily":false,"campfire_rituals":0,"campfire_upgraded":10,"is_hardmode":false,"path_taken":["M","?","M","M","?","$","R","M","T","M","R","M","?","$","R","BOSS","M","?","M","M","?","R","M","M","T","M","M","R","$","M","R","BOSS","M","M","M","?","$","R","M","R","T","R","?","?","M","?","R","BOSS"],"build_version":"2017-12-29-BETA1","purchased_purges":3,"victory":true,"master_deck":["Survivor","Neutralize","Dash","Dash","Flying Knee","Dagger Throw","Dagger Throw","Cloak And Dagger","Footwork","Acrobatics","Bandage Up","Backflip","A Thousand Cuts","Flying Knee","Footwork","Backflip","Cloak And Dagger","Terror","Leg Sweep","Flying Knee","Underhanded Strike","Accuracy","Adrenaline","Slice","Poisoned Stab","Distraction","Sucker Punch","Dagger Throw","Quick Slash","Dagger Spray","Heel Hook","Dodge and Roll","Caltrops","Cloak And Dagger","Wraith Form","Underhanded Strike","Prepared"],"max_hp_per_floor":[70,70,70,70,70,70,70,70,70,70,70,70,70,70,70,70,70,70,70,70,70,70,70,70,70,70,70,70,70,70,70,70,70,70,70,70,70,70,70,70,70,70,70,70,70,70,70,70,70,70],"relics":["Orrery","Calipers","Prayer Wheel","Runic Dome","Vajra","Bird Faced Urn","Pandora\u0027s Box","Bottled Tornado","Dream Catcher"],"campfire_meditates":0,"card_choices":[{"not_picked":["Well Laid Plans","Quick Slash"],"picked":"Dash"},{"not_picked":["Deadly Poison","Accuracy"],"picked":"Dash"},{"not_picked":["After Image","Underhanded Strike"],"picked":"Flying Knee"},{"not_picked":["Slice","Dodge and Roll"],"picked":"Dagger Throw"},{"not_picked":["Tools of the Trade","Slice"],"picked":"Dagger Throw"},{"not_picked":["Dagger Spray","Flying Knee"],"picked":"Cloak And Dagger"},{"not_picked":["Slice","Deadly Poison"],"picked":"Footwork"},{"not_picked":["Dodge and Roll","Deadly Poison"],"picked":"Acrobatics"},{"not_picked":["Quick Slash","Accuracy"],"picked":"Backflip"},{"not_picked":["Bullet Time","After Image"],"picked":"A Thousand Cuts"},{"not_picked":["Bane","Prepared"],"picked":"Flying Knee"},{"not_picked":["Poisoned Stab","Burst"],"picked":"Backflip"},{"not_picked":["Finisher","Poisoned Stab"],"picked":"Cloak And Dagger"},{"not_picked":["Concentrate","Accuracy"],"picked":"Terror"},{"not_picked":["Distraction","Flying Knee"],"picked":"Leg Sweep"},{"not_picked":["Deadly Poison","Slice"],"picked":"Flying Knee"},{"not_picked":["PiercingWail","Dagger Throw"],"picked":"Underhanded Strike"},{"not_picked":["Crippling Poison","Outmaneuver"],"picked":"Accuracy"},{"not_picked":["Tools of the Trade","Envenom"],"picked":"Adrenaline"},{"not_picked":["Concentrate","Dagger Spray"],"picked":"Dodge and Roll"},{"not_picked":["All Out Attack","Escape Plan"],"picked":"Caltrops"},{"not_picked":["Malaise","Masterful Stab"],"picked":"Cloak And Dagger"},{"not_picked":["Acrobatics","Sucker Punch"],"picked":"Wraith Form"},{"not_picked":["Dagger Spray","Malaise"],"picked":"Underhanded Strike"},{"not_picked":["Slice","Dodge and Roll"],"picked":"Prepared"}],"player_experience":140412,"potions_floor_usage":[16,16,33,33,50,50,50],"damage_taken":[{"damage":0,"enemies":"Small Slimes","floor":1,"turns":3},{"damage":0,"enemies":"2 Louse","floor":3,"turns":2},{"damage":1,"enemies":"Jaw Worm","floor":4,"turns":3},{"damage":0,"enemies":"Large Slime","floor":8,"turns":8},{"damage":0,"enemies":"Exordium Wildlife","floor":10,"turns":3},{"damage":0,"enemies":"Looter","floor":12,"turns":3},{"damage":32,"enemies":"Slime Boss","floor":16,"turns":14},{"damage":16,"enemies":"2 Thieves","floor":18,"turns":4},{"damage":4,"enemies":"3 Byrds","floor":20,"turns":6},{"damage":5,"enemies":"Slaver and Parasite","floor":21,"turns":8},{"damage":5,"enemies":"Centurion and Healer","floor":24,"turns":8},{"damage":0,"enemies":"Snake Plant","floor":25,"turns":5},{"damage":1,"enemies":"Snecko","floor":27,"turns":5},{"damage":36,"enemies":"Chosen and Byrds","floor":28,"turns":7},{"damage":2,"enemies":"Centurion and Healer","floor":31,"turns":7},{"damage":15,"enemies":"Champ","floor":33,"turns":14},{"damage":4,"enemies":"Orb Walker","floor":35,"turns":3},{"damage":16,"enemies":"Flame Bruiser 1 Orb","floor":36,"turns":5},{"damage":18,"enemies":"Spire Growth","floor":37,"turns":5},{"damage":17,"enemies":"Flame Bruiser 2 Orb","floor":41,"turns":5},{"damage":6,"enemies":"3 Darklings","floor":45,"turns":5},{"damage":12,"enemies":"Maw","floor":47,"turns":9},{"damage":0,"enemies":"Flame Bruiser 2 Orb","floor":48,"turns":5},{"damage":31,"enemies":"Awakened One","floor":50,"turns":11}],"event_choices":[{"event_name":"Scrap Ooze","player_choice":"success","floor":2,"damage_taken":12},{"event_name":"World of Goop","player_choice":"Gather Gold","floor":5,"damage_taken":0},{"event_name":"Golden Idol","player_choice":"Ignored","floor":13,"damage_taken":0},{"event_name":"Duplicator","player_choice":"One dupe","floor":19,"damage_taken":0},{"event_name":"Tomb of Lord Red Mask","player_choice":"Ignored","floor":38,"damage_taken":0},{"event_name":"Golden Shrine","player_choice":"Pray","floor":46,"damage_taken":0}],"boss_relics":[{"not_picked":["Lizard Tail","Tiny House"],"picked":"Runic Dome"},{"not_picked":["Snecko Eye","Question Card"],"picked":"Pandora\u0027s Box"}],"potions_floor_spawned":[1,3,16,24,27,33,36,37,41,47],"seed_played":"4240960256886069388","is_trial":false}