{"path_per_floor":["M","$","M","$","M","R","E","M","T","R","M","R","M","M","R","B",null,"M","M","$","?","M","R","E","R","T","?","M","$"],"character_chosen":"THE_SILENT","items_purchased":["Dagger Throw","Apotheosis"],"gold_per_floor":[117,42,58,10,29,29,57,76,100,100,119,119,131,143,143,244,244,257,275,27,27,39,39,70,70,138,138,150,50],"floor_reached":30,"campfire_rested":2,"playtime":3097,"current_hp_per_floor":[68,68,68,68,67,67,39,36,36,36,36,36,29,29,50,10,70,64,51,51,51,34,34,14,35,35,35,31,31],"items_purged":["Strike_G","Strike_G","Defend_G"],"gold":50,"play_id":"9f878f39-3442-470a-a5da-7db4be8bac41","is_prod":false,"is_daily":false,"campfire_rituals":0,"campfire_upgraded":4,"is_hardmode":false,"path_taken":["M","$","M","$","M","R","E","M","T","R","M","R","M","M","R","BOSS","M","M","$","?","M","R","E","R","T","?","M","$","M"],"build_version":"2017-12-21-PROD1","purchased_purges":3,"victory":false,"master_deck":["Defend_G","Defend_G","Defend_G","Defend_G","Strike_G","Strike_G","Strike_G","Survivor","Neutralize","Dagger Throw","Distraction","Dagger Throw","Eviscerate","Acrobatics","After Image","Flying Knee","Burst","Apotheosis","Flying Knee","Deflect","Reflex","Backflip"],"max_hp_per_floor":[70,70,70,70,70,70,70,70,70,70,70,70,70,70,70,70,70,70,70,70,70,70,70,70,70,70,70,70,70],"relics":["Ring of the Snake","The Courier","War Paint","White Beast Statue","Thread and Needle","Gremlin Horn"],"campfire_meditates":0,"card_choices":[{"not_picked":["Blur","Quick Slash"],"picked":"Dagger Throw"},{"not_picked":["Choke","Skewer"],"picked":"Distraction"},{"not_picked":["Flying Knee","Noxious Fumes"],"picked":"Eviscerate"},{"not_picked":["Outmaneuver","Sucker Punch"],"picked":"Acrobatics"},{"not_picked":["Deflect","Sucker Punch"],"picked":"After Image"},{"not_picked":["Acrobatics","Backstab"],"picked":"Flying Knee"},{"not_picked":["Bullet Time","Glass Knife"],"picked":"Burst"},{"not_picked":["Deadly Poison","Wraith Form"],"picked":"Flying Knee"},{"not_picked":["All Out Attack","Flechettes"],"picked":"Deflect"},{"not_picked":["Flying Knee","Masterful Stab"],"picked":"Backflip"}],"player_experience":104955,"potions_floor_usage":[7,13,16,18,18,19,22,24,28],"damage_taken":[{"damage":2,"enemies":"Looter","floor":1,"turns":4},{"damage":0,"enemies":"Cultist","floor":3,"turns":4},{"damage":1,"enemies":"Blue Slaver","floor":5,"turns":3},{"damage":28,"enemies":"3 Sentries","floor":7,"turns":7},{"damage":3,"enemies":"3 Louse","floor":8,"turns":4},{"damage":0,"enemies":"2 Fungi Beasts","floor":11,"turns":4},{"damage":7,"enemies":"Exordium Thugs","floor":13,"turns":5},{"damage":0,"enemies":"Gremlin Gang","floor":14,"turns":5},{"damage":40,"enemies":"Hexaghost","floor":16,"turns":15},{"damage":6,"enemies":"Shell Parasite","floor":18,"turns":6},{"damage":13,"enemies":"2 Thieves","floor":19,"turns":5},{"damage":17,"enemies":"Centurion and Healer","floor":22,"turns":10},{"damage":20,"enemies":"Slavers","floor":24,"turns":13},{"damage":4,"enemies":"Snake Plant","floor":28,"turns":5},{"damage":31,"enemies":"Chosen and Byrds","floor":30,"turns":4}],"event_choices":[{"event_name":"Addict","player_choice":"Ignored","floor":21,"damage_taken":0},{"event_name":"The Library","player_choice":"Read","floor":27,"damage_taken":0}],"boss_relics":[{"not_picked":["Calling Bell","Runic Dome"],"picked":"White Beast Statue"}],"potions_floor_spawned":[1,8,13,14,16,18,19,22,24,28],"seed_played":"-8397026893606915028","killed_by":"Chosen and Byrds","is_trial":false}