{"path_per_floor":["M","?","M","?","?","?","M","M","T","R","M","$","R","M","R","B",null,"M","?","?","M","M","M","R","?","T","M","M","?","R","M","R"],"character_chosen":"THE_SILENT","items_purchased":[],"gold_per_floor":[109,109,127,127,77,77,94,104,104,104,123,48,48,59,59,156,156,143,58,58,77,89,103,103,103,103,123,136,136,136,147,147],"floor_reached":33,"campfire_rested":2,"playtime":3393,"current_hp_per_floor":[70,70,70,75,75,75,75,67,67,67,67,67,67,63,63,42,75,74,74,74,74,57,6,28,53,53,45,43,43,43,30,53],"items_purged":["Strike_G"],"gold":147,"play_id":"9ab3ba26-cb97-47eb-97cf-33cb5221a6b1","is_prod":false,"is_daily":false,"campfire_rituals":0,"campfire_upgraded":4,"is_hardmode":false,"path_taken":["M","?","M","?","?","?","M","M","T","R","M","$","R","M","R","BOSS","M","?","?","?","M","M","R","?","T","M","M","?","R","M","R","BOSS"],"build_version":"2017-12-29-BETA1","purchased_purges":1,"victory":false,"master_deck":["Defend_G","Defend_G","Defend_G","Defend_G","Defend_G","Strike_G","Strike_G","Strike_G","Survivor","Neutralize","Quick Slash","Leg Sweep","Dagger Throw","Flying Knee","Heel Hook","Cloak And Dagger","Jack Of All Trades","Flying Knee","Prepared","Heel Hook","Cloak And Dagger","Flying Knee","PiercingWail","Cloak And Dagger"],"max_hp_per_floor":[70,70,70,75,75,75,75,75,75,75,75,75,75,75,75,75,75,75,75,75,75,75,75,75,75,75,75,75,75,75,77,77],"relics":["Orrery","Shovel","Cursed Key","Singing Bowl"],"campfire_meditates":0,"card_choices":[{"not_picked":["Masterful Stab","Backstab"],"picked":"Quick Slash"},{"not_picked":["Escape Plan","Dash"],"picked":"Leg Sweep"},{"not_picked":["Infinite Blades","Outmaneuver"],"picked":"Dagger Throw"},{"not_picked":["Deflect","Die Die Die"],"picked":"Flying Knee"},{"not_picked":["Dagger Spray","PiercingWail"],"picked":"Heel Hook"},{"not_picked":["Sucker Punch","Prepared"],"picked":"Cloak And Dagger"},{"not_picked":["Sucker Punch","Poisoned Stab"],"picked":"Flying Knee"},{"not_picked":["Concentrate","Blade Dance"],"picked":"Prepared"},{"not_picked":["Noxious Fumes","Dagger Spray"],"picked":"Heel Hook"},{"not_picked":["Slice","Bane"],"picked":"Cloak And Dagger"},{"not_picked":["Deflect","Bouncing Flask"],"picked":"Flying Knee"},{"not_picked":["Deadly Poison","Deflect"],"picked":"PiercingWail"},{"not_picked":["Quick Slash","Bane"],"picked":"Cloak And Dagger"}],"player_experience":178616,"potions_floor_usage":[18,22,28,31,33],"damage_taken":[{"damage":0,"enemies":"Small Slimes","floor":1,"turns":3},{"damage":0,"enemies":"Blue Slaver","floor":3,"turns":4},{"damage":0,"enemies":"Jaw Worm","floor":7,"turns":4},{"damage":8,"enemies":"Large Slime","floor":8,"turns":7},{"damage":0,"enemies":"Exordium Thugs","floor":11,"turns":5},{"damage":4,"enemies":"2 Fungi Beasts","floor":14,"turns":3},{"damage":21,"enemies":"The Guardian","floor":16,"turns":12},{"damage":1,"enemies":"2 Thieves","floor":18,"turns":4},{"damage":0,"enemies":"Shell Parasite","floor":21,"turns":6},{"damage":17,"enemies":"Centurion and Healer","floor":22,"turns":7},{"damage":51,"enemies":"Chosen and Byrds","floor":23,"turns":12},{"damage":8,"enemies":"3 Cultists","floor":27,"turns":7},{"damage":2,"enemies":"Slaver and Parasite","floor":28,"turns":9},{"damage":15,"enemies":"Snake Plant","floor":31,"turns":8},{"damage":58,"enemies":"Automaton","floor":33,"turns":14}],"event_choices":[{"event_name":"The Woman in Blue","player_choice":"Bought 0 Potions","floor":2,"damage_taken":0},{"event_name":"Big Fish","player_choice":"Donut","floor":4,"damage_taken":0},{"event_name":"The Cleric","player_choice":"Card Removal","floor":5,"damage_taken":0},{"event_name":"Match and Keep!","player_choice":"1 cards matched","floor":6,"damage_taken":0},{"event_name":"Addict","player_choice":"Obtained Relic","floor":19,"damage_taken":0},{"event_name":"Beggar","player_choice":"Ignored","floor":20,"damage_taken":0},{"event_name":"The Library","player_choice":"Heal","floor":25,"damage_taken":0},{"event_name":"The Mausoleum","player_choice":"No","floor":29,"damage_taken":0}],"boss_relics":[{"not_picked":["Runic Pyramid","Eternal Feather"],"picked":"Cursed Key"}],"potions_floor_spawned":[1,8,16,18,21,27,31],"seed_played":"4186603084767501472","killed_by":"Automaton","is_trial":false}