{"path_per_floor":["M","?","M","M","$","E","R","M","T","R","E","M","M","M","R","B",null,"M","M","$","?","M","E","R","E","T","M","E","M","?","?","R","B",null,"M","?","M","$","?","R","E","R","T","E","M","M","M","E","R","B"],"character_chosen":"THE_SILENT","items_purchased":["Bandage Up","Ninja Scroll","Bandage Up","Toxic Egg"],"gold_per_floor":[110,110,121,132,41,76,76,94,94,94,122,134,148,166,166,261,261,279,294,51,51,71,105,105,136,136,152,184,198,198,198,198,301,301,317,317,334,86,139,139,165,165,188,220,234,253,273,299,299,299],"floor_reached":51,"campfire_rested":0,"playtime":5000,"current_hp_per_floor":[70,70,70,65,65,43,43,47,47,47,33,37,36,40,40,36,70,70,70,70,70,63,67,67,69,69,74,65,65,65,65,65,63,76,73,73,75,75,78,78,63,63,63,65,69,79,82,63,63,25],"items_purged":[],"gold":299,"play_id":"cbade670-b6c3-4455-be9e-7684d7407d28","is_prod":false,"is_daily":false,"campfire_rituals":0,"campfire_upgraded":6,"is_hardmode":false,"path_taken":["M","?","M","?","?","E","R","?","T","R","E","M","M","M","R","BOSS","M","M","$","?","M","E","R","E","T","M","E","M","?","?","R","BOSS","M","?","M","$","?","R","E","R","T","E","?","?","?","E","R","BOSS"],"build_version":"2018-01-01-BETA1","purchased_purges":0,"victory":true,"master_deck":["Survivor","Neutralize","Quick Slash","Terror","Poisoned Stab","Bandage Up","Flying Knee","Blade Dance","Backflip","Flying Knee","Deflect","Prepared","Underhanded Strike","Underhanded Strike","Cloak And Dagger","Finisher","Malaise","Backflip","Deadly Poison","Flying Knee","Cloak And Dagger","Concentrate","Slice","Calculated Gamble","Madness","Bandage Up","Deflect","Blade Dance","Blade Dance","Prepared"],"max_hp_per_floor":[70,70,70,70,70,70,70,70,70,70,70,70,70,70,70,70,70,70,70,70,70,70,70,70,72,72,74,74,74,74,74,74,76,76,76,76,78,78,78,78,78,78,78,80,80,82,82,84,84,84],"relics":["Ring of the Snake","Dead Branch","Lantern","Mercury Hourglass","Pandora\u0027s Box","Ninja Scroll","Singing Bowl","Pen Nib","Ice Cream","Ginger","Philosopher\u0027s Stone","Toxic Egg","Gambling Chip","Shovel","War Paint","Dream Catcher","Torii","Anchor","Frozen Eye"],"campfire_meditates":0,"card_choices":[{"not_picked":["Burst","Prepared"],"picked":"Quick Slash"},{"not_picked":["Dagger Throw","Masterful Stab"],"picked":"Terror"},{"not_picked":["Backflip","Predator"],"picked":"Poisoned Stab"},{"not_picked":["Footwork","Sucker Punch"],"picked":"Flying Knee"},{"not_picked":["Underhanded Strike","Catalyst"],"picked":"Blade Dance"},{"not_picked":["Caltrops","Sucker Punch"],"picked":"Backflip"},{"not_picked":["Poisoned Stab","Outmaneuver"],"picked":"Flying Knee"},{"not_picked":["Catalyst","Sucker Punch"],"picked":"Deflect"},{"not_picked":["Backflip","Bane"],"picked":"Flying Knee"},{"not_picked":["Flying Knee","Burst"],"picked":"Cloak And Dagger"},{"not_picked":["Noxious Fumes","Terror"],"picked":"Concentrate"},{"not_picked":["Noxious Fumes","Outmaneuver"],"picked":"Slice"},{"not_picked":["Prepared","Slice"],"picked":"Calculated Gamble"},{"not_picked":["Deadly Poison","Sucker Punch"],"picked":"Deflect"},{"not_picked":["PiercingWail","Backstab"],"picked":"Blade Dance"},{"not_picked":["Eviscerate","Burst"],"picked":"Blade Dance"},{"not_picked":["Heel Hook","Quick Slash"],"picked":"Prepared"}],"player_experience":281315,"potions_floor_usage":[6,16,16,27],"damage_taken":[{"damage":0,"enemies":"Cultist","floor":1,"turns":5},{"damage":0,"enemies":"Blue Slaver","floor":3,"turns":4},{"damage":5,"enemies":"Small Slimes","floor":4,"turns":5},{"damage":26,"enemies":"Gremlin Nob","floor":6,"turns":4},{"damage":0,"enemies":"Red Slaver","floor":8,"turns":4},{"damage":18,"enemies":"Lagavulin","floor":11,"turns":4},{"damage":0,"enemies":"Exordium Thugs","floor":12,"turns":5},{"damage":5,"enemies":"Large Slime","floor":13,"turns":3},{"damage":0,"enemies":"Looter","floor":14,"turns":2},{"damage":23,"enemies":"Slime Boss","floor":16,"turns":10},{"damage":0,"enemies":"Spheric Guardian","floor":18,"turns":3},{"damage":0,"enemies":"Shell Parasite","floor":19,"turns":4},{"damage":7,"enemies":"Snake Plant","floor":22,"turns":4},{"damage":0,"enemies":"Slavers","floor":23,"turns":4},{"damage":0,"enemies":"Book of Stabbing","floor":25,"turns":3},{"damage":0,"enemies":"3 Cultists","floor":27,"turns":4},{"damage":9,"enemies":"Gremlin Leader","floor":28,"turns":6},{"damage":0,"enemies":"Sentry and Sphere","floor":29,"turns":1},{"damage":8,"enemies":"Champ","floor":33,"turns":6},{"damage":3,"enemies":"3 Darklings","floor":35,"turns":2},{"damage":0,"enemies":"Orb Walker","floor":37,"turns":1},{"damage":0,"enemies":"Mysterious Sphere","floor":39,"turns":2},{"damage":15,"enemies":"Nemesis","floor":41,"turns":7},{"damage":0,"enemies":"Giant Head","floor":44,"turns":2},{"damage":0,"enemies":"Spire Growth","floor":45,"turns":1},{"damage":0,"enemies":"Flame Bruiser 2 Orb","floor":46,"turns":3},{"damage":0,"enemies":"Sphere and 2 Shapes","floor":47,"turns":3},{"damage":21,"enemies":"Nemesis","floor":48,"turns":4},{"damage":46,"enemies":"Awakened One","floor":50,"turns":5}],"event_choices":[{"event_name":"Purifier","player_choice":"One Purge","floor":2,"damage_taken":0},{"event_name":"The Mausoleum","player_choice":"No","floor":21,"damage_taken":0},{"event_name":"Addict","player_choice":"Ignored","floor":30,"damage_taken":0},{"event_name":"Wheel of Change","player_choice":"Card Removal","floor":31,"damage_taken":0},{"event_name":"Match and Keep!","player_choice":"1 cards matched","floor":36,"damage_taken":0},{"event_name":"Mysterious Sphere","player_choice":"Fight","floor":39,"damage_taken":0}],"boss_relics":[{"not_picked":["The Specimen","Runic Pyramid"],"picked":"Pandora\u0027s Box"},{"not_picked":["Black Star","Lizard Tail"],"picked":"Philosopher\u0027s Stone"}],"potions_floor_spawned":[1,11,12,13,19,23,28,29,35,41,44],"seed_played":"-5784158730271984197","is_trial":false}