{"path_per_floor":["M","?","M","M","M","R","E","?","T","M","E","?","M","?","R","B",null,"M","M","M"],"character_chosen":"THE_SILENT","items_purchased":[],"gold_per_floor":[113,113,129,139,153,153,179,179,179,200,233,233,254,329,329,450,450,468,486,504],"floor_reached":21,"campfire_rested":1,"playtime":2722,"current_hp_per_floor":[63,63,58,58,58,58,37,37,51,40,25,52,50,39,63,2,81,69,48,8],"items_purged":[],"gold":504,"play_id":"b05b81cc-d565-4d78-bd02-982971a03636","is_prod":false,"is_daily":false,"campfire_rituals":0,"campfire_upgraded":1,"is_hardmode":false,"path_taken":["M","?","M","M","M","R","E","?","T","M","E","?","M","?","R","BOSS","M","M","M","M"],"build_version":"2017-12-21-PROD1","purchased_purges":0,"victory":false,"master_deck":["Defend_G","Defend_G","Defend_G","Strike_G","Strike_G","Strike_G","Strike_G","Survivor","Neutralize","Slice","Sucker Punch","Sucker Punch","Dagger Throw","Envenom","Dash","Flying Knee","Outmaneuver","Burst","Envenom","Adrenaline","Choke","Well Laid Plans","Deadly Poison","Dodge and Roll"],"max_hp_per_floor":[70,70,70,70,70,70,70,67,81,81,81,81,81,81,81,81,81,81,81,81],"relics":["Ring of the Snake","Juzu Bracelet","Golden Idol","Mango","Ice Cream","Astrolabe"],"campfire_meditates":0,"card_choices":[{"not_picked":["Dodge and Roll","Prepared"],"picked":"Slice"},{"not_picked":["Dodge and Roll","Crippling Poison"],"picked":"Sucker Punch"},{"not_picked":["Blur","Acrobatics"],"picked":"Sucker Punch"},{"not_picked":["Deadly Poison","Envenom"],"picked":"Dagger Throw"},{"not_picked":["Prepared","Dodge and Roll"],"picked":"Envenom"},{"not_picked":["Dagger Spray","Quick Slash"],"picked":"Dash"},{"not_picked":["Escape Plan","Adrenaline"],"picked":"Flying Knee"},{"not_picked":["Prepared","Poisoned Stab"],"picked":"Outmaneuver"},{"not_picked":["Doppelganger","Glass Knife"],"picked":"Burst"},{"not_picked":["Masterful Stab","Prepared"],"picked":"Well Laid Plans"},{"not_picked":["Deflect","Flechettes"],"picked":"Deadly Poison"},{"not_picked":["Masterful Stab","Choke"],"picked":"Dodge and Roll"}],"player_experience":5554,"potions_floor_usage":[11,11,16],"damage_taken":[{"damage":7,"enemies":"Looter","floor":1,"turns":4},{"damage":5,"enemies":"Cultist","floor":3,"turns":4},{"damage":0,"enemies":"Blue Slaver","floor":4,"turns":5},{"damage":0,"enemies":"2 Fungi Beasts","floor":5,"turns":4},{"damage":21,"enemies":"3 Sentries","floor":7,"turns":9},{"damage":11,"enemies":"3 Louse","floor":10,"turns":4},{"damage":15,"enemies":"Lagavulin","floor":11,"turns":7},{"damage":2,"enemies":"Large Slime","floor":13,"turns":5},{"damage":61,"enemies":"Hexaghost","floor":16,"turns":10},{"damage":12,"enemies":"3 Byrds","floor":18,"turns":6},{"damage":21,"enemies":"Spheric Guardian","floor":19,"turns":5},{"damage":40,"enemies":"Slaver and Parasite","floor":20,"turns":7},{"damage":9,"enemies":"Snake Plant","floor":21,"turns":1}],"event_choices":[{"event_name":"Liars Game","player_choice":"disagreed","floor":2,"damage_taken":0},{"event_name":"Golden Idol","player_choice":"Lose Max HP","floor":8,"damage_taken":0},{"event_name":"Big Fish","player_choice":"Banana","floor":12,"damage_taken":0},{"event_name":"World of Goop","player_choice":"Gather Gold","floor":14,"damage_taken":0}],"boss_relics":[{"not_picked":["Cursed Key","Eternal Feather"],"picked":"Astrolabe"}],"potions_floor_spawned":[4,10,13,20],"seed_played":"-3611862805639006695","killed_by":"Snake Plant","is_trial":false}