{"path_per_floor":["M","M","?","M","?","R","E","T","T","R","E","R","M","M","R","B",null,"M","?","?","M","$","R","M","M","T","M","?","M","R","E","R","B",null,"M","?","?","M","M","R","E","R","T","M","R","$","M","E","R","B"],"character_chosen":"THE_SILENT","items_purchased":["Footwork","Backflip","Toolbox","Dream Catcher"],"gold_per_floor":[109,121,101,118,118,118,148,173,473,473,506,506,523,542,542,645,645,645,645,560,560,22,22,22,22,22,22,22,22,22,22,22,22,22,22,22,22,22,22,22,22,22,22,22,22,22,22,22,22,22],"floor_reached":51,"campfire_rested":3,"playtime":6812,"current_hp_per_floor":[70,70,70,70,67,67,59,59,59,59,36,57,57,57,57,56,70,70,70,70,36,36,57,57,57,57,61,52,41,63,67,67,63,75,72,72,72,75,75,75,67,67,67,72,72,72,75,72,72,65],"items_purged":[],"gold":22,"play_id":"05bfa944-ded6-4283-91ac-68e6902e366b","is_prod":false,"is_daily":false,"campfire_rituals":0,"campfire_upgraded":5,"is_hardmode":false,"path_taken":["M","M","?","M","?","R","E","?","T","R","E","R","M","M","R","BOSS","M","?","?","M","$","R","M","M","T","M","?","?","R","E","R","BOSS","M","?","?","M","M","R","E","R","T","M","R","?","M","E","R","BOSS"],"build_version":"2017-12-21-PROD1","purchased_purges":0,"victory":true,"master_deck":["Defend_G","Defend_G","Defend_G","Defend_G","Strike_G","Strike_G","Strike_G","Strike_G","Strike_G","Survivor","Neutralize","Leg Sweep","Heel Hook","Slice","Caltrops","Heel Hook","Acrobatics","Slice","Blur","Dagger Throw","Footwork","Backflip","Leg Sweep","Dash","Backflip","Choke","Noxious Fumes","After Image","A Thousand Cuts","Unload","Terror","Dash","Flechettes","Injury","Terror","Caltrops","Backflip","Leg Sweep","Slice","Caltrops","Noxious Fumes"],"max_hp_per_floor":[70,70,70,70,70,70,70,70,70,70,70,70,70,70,70,70,70,70,70,70,70,70,70,70,70,70,70,75,75,75,75,75,75,75,75,75,75,75,75,75,75,75,75,75,75,75,75,75,75,75],"relics":["Ring of the Snake","Calipers","Frozen Eye","Happy Flower","Old Coin","Sundial","Ectoplasm","Anchor","Toolbox","Dream Catcher","Bird Faced Urn","Girya","Astrolabe","Matryoshka","Ninja Scroll","Peace Pipe","Paper Crane"],"campfire_meditates":0,"card_choices":[{"not_picked":["Outmaneuver","Catalyst"],"picked":"Leg Sweep"},{"not_picked":["Infinite Blades","Escape Plan"],"picked":"Heel Hook"},{"not_picked":["Dagger Throw","Masterful Stab"],"picked":"Slice"},{"not_picked":["Poisoned Stab","Outmaneuver"],"picked":"Caltrops"},{"not_picked":["Blade Dance","Eviscerate"],"picked":"Heel Hook"},{"not_picked":["Terror","Prepared"],"picked":"Acrobatics"},{"not_picked":["Deadly Poison","PiercingWail"],"picked":"Slice"},{"not_picked":["Phantasmal Killer","Wraith Form"],"picked":"Doppelganger"},{"not_picked":["Flying Knee","Prepared"],"picked":"Blur"},{"not_picked":["Bane","Sucker Punch"],"picked":"Dagger Throw"},{"not_picked":["Acrobatics","PiercingWail"],"picked":"Leg Sweep"},{"not_picked":["Malaise","Catalyst"],"picked":"Dash"},{"not_picked":["Prepared","Quick Slash"],"picked":"Backflip"},{"not_picked":["Deflect","PiercingWail"],"picked":"Choke"},{"not_picked":["Slice","Backflip"],"picked":"Noxious Fumes"},{"not_picked":["Quick Slash","Choke"],"picked":"Endless Agony"},{"not_picked":["Outmaneuver","Deflect"],"picked":"After Image"},{"not_picked":["Phantasmal Killer","Wraith Form"],"picked":"A Thousand Cuts"},{"not_picked":["Skewer","Deadly Poison"],"picked":"Flechettes"},{"not_picked":["Sucker Punch","Backflip"],"picked":"Caltrops"},{"not_picked":["PiercingWail","Poisoned Stab"],"picked":"Backflip"},{"not_picked":["Deflect","Heel Hook"],"picked":"Leg Sweep"},{"not_picked":["Terror","Quick Slash"],"picked":"Slice"},{"not_picked":["Terror","Flying Knee"],"picked":"Caltrops"},{"not_picked":["Outmaneuver","Prepared"],"picked":"Noxious Fumes"}],"player_experience":9666,"potions_floor_usage":[4,16,16,16,21,33,50,50,50],"damage_taken":[{"damage":0,"enemies":"Cultist","floor":1,"turns":4},{"damage":0,"enemies":"Blue Slaver","floor":2,"turns":7},{"damage":0,"enemies":"Looter","floor":4,"turns":4},{"damage":8,"enemies":"Lagavulin","floor":7,"turns":11},{"damage":23,"enemies":"Gremlin Nob","floor":11,"turns":6},{"damage":0,"enemies":"2 Fungi Beasts","floor":13,"turns":4},{"damage":0,"enemies":"3 Louse","floor":14,"turns":4},{"damage":1,"enemies":"Slime Boss","floor":16,"turns":11},{"damage":0,"enemies":"Shell Parasite","floor":18,"turns":4},{"damage":34,"enemies":"Chosen","floor":21,"turns":6},{"damage":0,"enemies":"Snake Plant","floor":24,"turns":4},{"damage":0,"enemies":"Snecko","floor":25,"turns":6},{"damage":0,"enemies":"Centurion and Healer","floor":27,"turns":8},{"damage":15,"enemies":"Snake Plant","floor":29,"turns":4},{"damage":0,"enemies":"Book of Stabbing","floor":31,"turns":5},{"damage":15,"enemies":"Automaton","floor":33,"turns":12},{"damage":3,"enemies":"Orb Walker","floor":35,"turns":4},{"damage":0,"enemies":"3 Shapes","floor":38,"turns":4},{"damage":0,"enemies":"Maw","floor":39,"turns":9},{"damage":8,"enemies":"Giant Head","floor":41,"turns":9},{"damage":5,"enemies":"3 Darklings","floor":44,"turns":6},{"damage":0,"enemies":"4 Shapes","floor":47,"turns":10},{"damage":3,"enemies":"Nemesis","floor":48,"turns":10},{"damage":11,"enemies":"Donu and Deca","floor":50,"turns":9}],"event_choices":[{"event_name":"The Woman in Blue","player_choice":"Bought 1 Potion","floor":3,"damage_taken":0},{"event_name":"Scrap Ooze","player_choice":"success","floor":5,"damage_taken":3},{"event_name":"Beggar","player_choice":"Ignored","floor":19,"damage_taken":0},{"event_name":"Addict","player_choice":"Obtained Relic","floor":20,"damage_taken":0},{"event_name":"Forgotten Altar","player_choice":"Shed Blood","floor":28,"damage_taken":0},{"event_name":"Golden Shrine","player_choice":"Pray","floor":36,"damage_taken":0},{"event_name":"Match and Keep!","player_choice":"2 cards matched","floor":37,"damage_taken":0}],"boss_relics":[{"not_picked":["Runic Dome","Tiny House"],"picked":"Ectoplasm"},{"not_picked":["White Beast Statue","The Specimen"],"picked":"Astrolabe"}],"potions_floor_spawned":[1,2,7,11,14,16,21,25,31,33,41,47,48],"seed_played":"880959951488569304","is_trial":false}