{"path_per_floor":["M","?","M","?","M","M","?","M","T","$","E","R","M","?","R","B",null,"M","?","?","M","M","R","M","M","T","M","R","M","$","M","R","B",null,"M","M","$","$","M","R","M","R","T","M","M","$","?","T","R","B"],"character_chosen":"THE_SILENT","items_purchased":["Paper Crane","Letter Opener","Flying Knee","Apotheosis","Footwork"],"gold_per_floor":[110,110,125,125,144,165,234,259,559,484,528,528,543,543,543,667,667,688,688,688,707,722,722,735,756,782,803,803,821,229,243,243,363,363,387,405,230,27,47,47,67,67,146,159,179,1,334,334,334,334],"floor_reached":51,"campfire_rested":1,"playtime":5529,"current_hp_per_floor":[69,69,69,67,67,64,63,56,56,56,44,44,44,37,37,7,67,65,65,65,65,63,63,47,45,45,39,39,39,39,34,54,40,67,67,63,63,63,60,67,67,67,67,67,63,63,63,63,67,62],"items_purged":["Defend_G","Strike_G","Defend_G","Strike_G"],"gold":334,"play_id":"a7b28304-1d2b-4755-acfe-a1991af1b7cf","is_prod":false,"is_daily":false,"campfire_rituals":0,"campfire_upgraded":7,"is_hardmode":false,"path_taken":["M","?","M","?","M","M","?","?","T","$","E","R","M","?","R","BOSS","M","?","?","M","M","R","M","M","T","?","R","M","$","M","R","BOSS","M","?","?","$","M","R","M","R","T","M","M","$","?","?","R","BOSS"],"build_version":"2017-12-29-BETA1","purchased_purges":4,"victory":true,"master_deck":["Defend_G","Defend_G","Strike_G","Survivor","Neutralize","Quick Slash","Cloak And Dagger","Sucker Punch","Acrobatics","Die Die Die","Sucker Punch","Venomology","Leg Sweep","Backflip","Quick Slash","Flying Knee","Prepared","Underhanded Strike","Quick Slash","Wraith Form","Backflip","Flying Knee","Apotheosis","Dagger Throw","Backflip","Reflex","Underhanded Strike","Footwork"],"max_hp_per_floor":[70,70,70,67,67,67,67,67,67,67,67,67,67,67,67,67,67,67,67,67,67,67,67,67,67,67,67,67,67,67,67,67,67,67,67,67,67,67,67,67,67,67,67,67,67,67,67,67,67,67],"relics":["Philosopher\u0027s Stone","Bronze Scales","Old Coin","Darkstone Periapt","Orrery","Molten Egg","Paper Crane","Letter Opener","Eternal Feather","The Courier","Ice Cream"],"campfire_meditates":0,"card_choices":[{"not_picked":["Bouncing Flask","Blur"],"picked":"Quick Slash"},{"not_picked":["Concentrate","Acrobatics"],"picked":"Cloak And Dagger"},{"not_picked":["Setup","Masterful Stab"],"picked":"Sucker Punch"},{"not_picked":["Expertise","Calculated Gamble"],"picked":"Acrobatics"},{"not_picked":["Prepared","Slice"],"picked":"Die Die Die"},{"not_picked":["Slice","Bane"],"picked":"Sucker Punch"},{"not_picked":["A Thousand Cuts","Grand Finale"],"picked":"Venomology"},{"not_picked":["Bane","Acrobatics"],"picked":"Leg Sweep"},{"not_picked":["PiercingWail","Choke"],"picked":"Backflip"},{"not_picked":["Concentrate","Deadly Poison"],"picked":"Quick Slash"},{"not_picked":["Deadly Poison","Sucker Punch"],"picked":"Flying Knee"},{"not_picked":["Dodge and Roll","Acrobatics"],"picked":"Prepared"},{"not_picked":["Poisoned Stab","Flechettes"],"picked":"Underhanded Strike"},{"not_picked":["Dagger Spray","Sucker Punch"],"picked":"Quick Slash"},{"not_picked":["Tools of the Trade","Die Die Die"],"picked":"Wraith Form"},{"not_picked":["Outmaneuver","Choke"],"picked":"Backflip"},{"not_picked":["Backstab","Acrobatics"],"picked":"Dagger Throw"},{"not_picked":["Dagger Spray","Deflect"],"picked":"Backflip"},{"not_picked":["Dodge and Roll","Calculated Gamble"],"picked":"Reflex"},{"not_picked":["PiercingWail","Outmaneuver"],"picked":"Underhanded Strike"}],"player_experience":171232,"potions_floor_usage":[6,7,7,11,21,22,22,22,25,25,27,29,31,33,33,33,36,36,36,39,41,41,45,45,50,50,50],"damage_taken":[{"damage":1,"enemies":"Cultist","floor":1,"turns":5},{"damage":0,"enemies":"Small Slimes","floor":3,"turns":3},{"damage":0,"enemies":"2 Louse","floor":5,"turns":3},{"damage":3,"enemies":"Exordium Wildlife","floor":6,"turns":5},{"damage":1,"enemies":"Gremlin Nob","floor":7,"turns":3},{"damage":7,"enemies":"2 Fungi Beasts","floor":8,"turns":3},{"damage":12,"enemies":"Gremlin Nob","floor":11,"turns":4},{"damage":0,"enemies":"Large Slime","floor":13,"turns":5},{"damage":30,"enemies":"Hexaghost","floor":16,"turns":10},{"damage":2,"enemies":"Shell Parasite","floor":18,"turns":5},{"damage":0,"enemies":"Spheric Guardian","floor":21,"turns":3},{"damage":2,"enemies":"Centurion and Healer","floor":22,"turns":6},{"damage":16,"enemies":"3 Cultists","floor":24,"turns":5},{"damage":2,"enemies":"Snecko","floor":25,"turns":6},{"damage":6,"enemies":"Snake Plant","floor":27,"turns":4},{"damage":0,"enemies":"Centurion and Healer","floor":29,"turns":6},{"damage":5,"enemies":"3 Cultists","floor":31,"turns":4},{"damage":14,"enemies":"Collector","floor":33,"turns":16},{"damage":0,"enemies":"Orb Walker","floor":35,"turns":4},{"damage":4,"enemies":"Flame Bruiser 1 Orb","floor":36,"turns":13},{"damage":3,"enemies":"Sphere and 2 Shapes","floor":39,"turns":4},{"damage":6,"enemies":"4 Shapes","floor":41,"turns":8},{"damage":0,"enemies":"Maw","floor":44,"turns":8},{"damage":4,"enemies":"Flame Bruiser 2 Orb","floor":45,"turns":5},{"damage":15,"enemies":"Time Eater","floor":50,"turns":13}],"event_choices":[{"event_name":"Living Wall","player_choice":"Forget","floor":2,"damage_taken":0},{"event_name":"Golden Idol","player_choice":"Lose Max HP","floor":4,"damage_taken":0},{"event_name":"Dead Adventurer","player_choice":"Searched \u00271\u0027 times","floor":7,"damage_taken":0},{"event_name":"Golden Wing","player_choice":"Card Removal","floor":14,"damage_taken":0},{"event_name":"Back to Basics","player_choice":"Elegance","floor":19,"damage_taken":0},{"event_name":"The Lab","player_choice":"Got Potions","floor":20,"damage_taken":0},{"event_name":"The Moai Head","player_choice":"Gave Idol","floor":47,"damage_taken":0}],"boss_relics":[{"not_picked":["Tiny House","Sozu"],"picked":"Orrery"},{"not_picked":["Snecko Eye","Lizard Tail"],"picked":"Eternal Feather"}],"potions_floor_spawned":[1,3,6,7,13,21,24,27,29,33,36,45],"seed_played":"7201365077819966484","is_trial":false}