{"path_per_floor":["M","M","$","?","M","R","?","M","T","M","R","M","M","?","R","B",null,"M","?","?","M","M","$","?","R","T","R","M","M","?","M","R","B",null,"M","M","M","$","M","R"],"character_chosen":"THE_SILENT","items_purchased":["Footwork","Bandage Up"],"gold_per_floor":[119,131,56,131,145,145,145,165,165,180,180,196,210,210,210,311,311,322,247,162,149,164,93,93,93,144,144,155,166,166,178,178,282,282,302,312,326,133,143,143],"floor_reached":41,"campfire_rested":1,"playtime":4023,"current_hp_per_floor":[68,68,68,57,57,57,57,57,57,52,52,52,52,57,57,19,75,73,73,73,71,64,64,64,64,64,64,53,43,43,29,66,26,75,65,57,46,46,33,33],"items_purged":["Defend_G","Defend_G"],"gold":143,"play_id":"105bea05-7647-4555-a600-6bceaa8d97b6","is_prod":false,"is_daily":false,"campfire_rituals":0,"campfire_upgraded":6,"is_hardmode":false,"path_taken":["M","M","$","?","M","R","?","M","T","M","R","M","?","?","R","BOSS","M","?","?","M","M","$","?","R","T","R","?","M","?","M","R","BOSS","M","?","?","?","M","R","M"],"build_version":"2017-12-29-BETA1","purchased_purges":2,"victory":false,"master_deck":["Defend_G","Defend_G","Strike_G","Strike_G","Strike_G","Survivor","Neutralize","Backflip","Flying Knee","PiercingWail","Sucker Punch","Adrenaline","Predator","Blur","Outmaneuver","Die Die Die","Footwork","Deadly Poison","Prepared","Cloak And Dagger","Unload","A Thousand Cuts","Bane","Noxious Fumes","Footwork","Bandage Up","Backflip"],"max_hp_per_floor":[70,70,70,70,70,70,70,70,70,70,70,70,70,75,75,75,75,75,75,75,75,75,75,75,75,75,75,75,75,75,75,75,75,75,75,75,75,75,75,75],"relics":["Sozu","Ginger","Orrery","Regal Pillow","Dream Catcher","Question Card"],"campfire_meditates":0,"card_choices":[{"not_picked":["Dagger Throw","Prepared"],"picked":"Backflip"},{"not_picked":["Catalyst","PiercingWail"],"picked":"Flying Knee"},{"not_picked":["Skewer","Doppelganger"],"picked":"PiercingWail"},{"not_picked":["Blade Dance","Poisoned Stab"],"picked":"Sucker Punch"},{"not_picked":["Burst","Tools of the Trade"],"picked":"Adrenaline"},{"not_picked":["Cloak And Dagger","Deflect"],"picked":"Predator"},{"not_picked":["PiercingWail","Bane"],"picked":"Blur"},{"not_picked":["Masterful Stab","Slice"],"picked":"Outmaneuver"},{"not_picked":["Bouncing Flask","All Out Attack"],"picked":"Die Die Die"},{"not_picked":["Slice","PiercingWail"],"picked":"Deadly Poison"},{"not_picked":["Deflect","Backflip"],"picked":"Prepared"},{"not_picked":["Acrobatics","Backflip"],"picked":"Cloak And Dagger"},{"not_picked":["Deflect","Cloak And Dagger"],"picked":"Unload"},{"not_picked":["Tactician","Storm of Steel"],"picked":"A Thousand Cuts"},{"not_picked":["Endless Agony","Acrobatics","PiercingWail"],"picked":"Bane"},{"not_picked":["Accuracy","Prepared","Eviscerate"],"picked":"Noxious Fumes"},{"not_picked":["Flechettes","Dodge and Roll","Calculated Gamble"],"picked":"Footwork"},{"not_picked":["PiercingWail","Flying Knee","Phantasmal Killer"],"picked":"Backflip"}],"player_experience":182009,"potions_floor_usage":[],"damage_taken":[{"damage":2,"enemies":"Small Slimes","floor":1,"turns":4},{"damage":0,"enemies":"Jaw Worm","floor":2,"turns":5},{"damage":0,"enemies":"2 Louse","floor":5,"turns":3},{"damage":0,"enemies":"Exordium Wildlife","floor":8,"turns":5},{"damage":5,"enemies":"Lots of Slimes","floor":10,"turns":4},{"damage":0,"enemies":"2 Fungi Beasts","floor":12,"turns":3},{"damage":0,"enemies":"3 Louse","floor":13,"turns":3},{"damage":38,"enemies":"Slime Boss","floor":16,"turns":18},{"damage":2,"enemies":"Spheric Guardian","floor":18,"turns":5},{"damage":2,"enemies":"2 Thieves","floor":21,"turns":4},{"damage":7,"enemies":"Slaver and Parasite","floor":22,"turns":13},{"damage":11,"enemies":"Snecko","floor":28,"turns":5},{"damage":10,"enemies":"Snake Plant","floor":29,"turns":5},{"damage":14,"enemies":"Sentry and Sphere","floor":31,"turns":7},{"damage":40,"enemies":"Collector","floor":33,"turns":16},{"damage":10,"enemies":"Orb Walker","floor":35,"turns":6},{"damage":8,"enemies":"3 Darklings","floor":36,"turns":8},{"damage":11,"enemies":"Flame Bruiser 2 Orb","floor":37,"turns":5},{"damage":17,"enemies":"Spire Growth","floor":39,"turns":6},{"damage":45,"enemies":"Sphere and 2 Shapes","floor":41,"turns":5}],"event_choices":[{"event_name":"World of Goop","player_choice":"Gather Gold","floor":4,"damage_taken":0},{"event_name":"Purifier","player_choice":"One Purge","floor":7,"damage_taken":0},{"event_name":"Big Fish","player_choice":"Donut","floor":14,"damage_taken":0},{"event_name":"Beggar","player_choice":"Gave Gold","floor":19,"damage_taken":0},{"event_name":"Addict","player_choice":"Obtained Relic","floor":20,"damage_taken":0},{"event_name":"Back to Basics","player_choice":"Elegance","floor":24,"damage_taken":0},{"event_name":"Vampires","player_choice":"Ignored","floor":30,"damage_taken":0}],"boss_relics":[{"not_picked":["Calling Bell","Tiny House"],"picked":"Orrery"},{"not_picked":["Pandora\u0027s Box","Runic Pyramid"],"picked":"Question Card"}],"potions_floor_spawned":[5,10,12,22,31,33,35],"seed_played":"2159967704059844483","killed_by":"Sphere and 2 Shapes","is_trial":false}