{"path_per_floor":["M","M","$","M","?","R","E","R","T","E","?","M","M","$","R","B",null,"M","M","?","$","M","E","?","R","T","E","?","R","?","M","R","B",null,"M","?","M","?","?","R","E","R","T","M","?","R","$","E","R","B"],"character_chosen":"THE_SILENT","items_purchased":["Apotheosis","Ancient Tea Set","Unceasing Top"],"gold_per_floor":[112,124,124,137,137,137,167,167,249,274,274,292,311,236,236,339,339,356,371,296,2,13,41,41,41,93,127,127,127,127,137,137,236,236,254,254,272,272,272,272,303,303,303,317,369,369,12,45,45,45],"floor_reached":51,"campfire_rested":2,"playtime":3518,"current_hp_per_floor":[70,68,68,68,68,68,65,65,65,61,61,58,58,58,58,3,80,80,80,80,80,80,79,79,79,79,69,60,60,60,60,85,84,85,83,83,64,64,64,64,56,83,83,83,83,83,83,83,83,83],"items_purged":["Strike_G","Strike_G"],"gold":45,"play_id":"c6feda38-e5a4-4e6a-821e-dc22e6c01c08","is_prod":false,"is_daily":false,"campfire_rituals":0,"campfire_upgraded":8,"is_hardmode":false,"path_taken":["M","M","$","?","?","R","E","R","T","E","?","M","M","$","R","BOSS","M","M","?","$","M","E","?","R","T","E","?","R","?","M","R","BOSS","M","?","M","?","?","R","E","R","T","M","?","R","$","E","R","BOSS"],"build_version":"2018-01-01-BETA1","purchased_purges":4,"victory":true,"master_deck":["Defend_G","Defend_G","Strike_G","Strike_G","Survivor","Neutralize","Backflip","Flying Knee","Calculated Gamble","Quick Slash","Deflect","Unload","Backflip","Apotheosis","Dagger Throw","Blade Dance","Quick Slash","Die Die Die","Adrenaline","Adrenaline","Blade Dance","Cloak And Dagger","Escape Plan","Deflect"],"max_hp_per_floor":[70,70,70,70,70,70,70,70,70,80,80,80,80,80,80,80,80,80,80,80,80,80,80,80,80,80,80,85,85,85,85,85,85,85,85,85,85,85,85,85,92,92,92,92,92,92,92,92,92,92],"relics":["Black Star","Bottled Flame","Ninja Scroll","Paper Crane","Pear","Dodecahedron","The Courier","Shuriken","Nloth\u0027s Gift","Vajra","Prayer Wheel","Juzu Bracelet","Sozu","Strawberry","Bronze Scales","Dead Branch","Torii","Ancient Tea Set","Unceasing Top","Dream Catcher","Snake Skull"],"campfire_meditates":0,"card_choices":[{"not_picked":["Outmaneuver","Dodge and Roll"],"picked":"Backflip"},{"not_picked":["Expertise","Cloak And Dagger"],"picked":"Flying Knee"},{"not_picked":["Bane","Prepared"],"picked":"Quick Slash"},{"not_picked":["Dash","Reflex"],"picked":"Deflect"},{"not_picked":["Phantasmal Killer","Doppelganger"],"picked":"Unload"},{"not_picked":["Flying Knee","Poisoned Stab","Quick Slash"],"picked":"Backflip"},{"not_picked":["Reflex","Expertise","Quick Slash"],"picked":"Dagger Throw"},{"not_picked":["Flechettes","Heel Hook","Predator"],"picked":"Blade Dance"},{"not_picked":["PiercingWail","Dodge and Roll"],"picked":"Quick Slash"},{"not_picked":["Flying Knee","Distraction"],"picked":"Die Die Die"},{"not_picked":["Phantasmal Killer","Glass Knife"],"picked":"Adrenaline"},{"not_picked":["Dodge and Roll","Outmaneuver"],"picked":"Blade Dance"},{"not_picked":["Deflect","Deadly Poison"],"picked":"Cloak And Dagger"},{"not_picked":["Poisoned Stab","Prepared"],"picked":"Escape Plan"},{"not_picked":["Flying Knee","Escape Plan"],"picked":"Deflect"}],"player_experience":275746,"potions_floor_usage":[7,10,16,23,23,33],"damage_taken":[{"damage":0,"enemies":"Blue Slaver","floor":1,"turns":5},{"damage":2,"enemies":"Small Slimes","floor":2,"turns":5},{"damage":0,"enemies":"Jaw Worm","floor":4,"turns":3},{"damage":11,"enemies":"Lagavulin","floor":7,"turns":9},{"damage":14,"enemies":"3 Sentries","floor":10,"turns":5},{"damage":3,"enemies":"3 Louse","floor":12,"turns":2},{"damage":0,"enemies":"Gremlin Gang","floor":13,"turns":3},{"damage":55,"enemies":"Slime Boss","floor":16,"turns":17},{"damage":0,"enemies":"Spheric Guardian","floor":18,"turns":3},{"damage":0,"enemies":"3 Byrds","floor":19,"turns":5},{"damage":0,"enemies":"Snake Plant","floor":22,"turns":4},{"damage":1,"enemies":"Slavers","floor":23,"turns":5},{"damage":10,"enemies":"Gremlin Leader","floor":27,"turns":7},{"damage":0,"enemies":"Snecko","floor":31,"turns":5},{"damage":1,"enemies":"Collector","floor":33,"turns":6},{"damage":2,"enemies":"Orb Walker","floor":35,"turns":2},{"damage":19,"enemies":"3 Shapes","floor":37,"turns":3},{"damage":15,"enemies":"2 Orb Walkers","floor":41,"turns":3},{"damage":0,"enemies":"Spire Growth","floor":44,"turns":2},{"damage":0,"enemies":"Mysterious Sphere","floor":45,"turns":3},{"damage":0,"enemies":"Giant Head","floor":48,"turns":1},{"damage":0,"enemies":"Donu and Deca","floor":50,"turns":2}],"event_choices":[{"event_name":"Transmorgrifier","player_choice":"Transform","floor":5,"damage_taken":0},{"event_name":"Purifier","player_choice":"One Purge","floor":11,"damage_taken":0},{"event_name":"Beggar","player_choice":"Gave Gold","floor":20,"damage_taken":0},{"event_name":"N\u0027loth","player_choice":"Traded a Question Card","floor":24,"damage_taken":0},{"event_name":"Forgotten Altar","player_choice":"Shed Blood","floor":28,"damage_taken":0},{"event_name":"The Mausoleum","player_choice":"No","floor":30,"damage_taken":0},{"event_name":"Duplicator","player_choice":"One dupe","floor":36,"damage_taken":0},{"event_name":"Accursed Blacksmith","player_choice":"Forge","floor":38,"damage_taken":0},{"event_name":"Mysterious Sphere","player_choice":"Fight","floor":45,"damage_taken":0}],"boss_relics":[{"not_picked":["Tiny House","Snecko Eye"],"picked":"Question Card"},{"not_picked":["Runic Pyramid","Pandora\u0027s Box"],"picked":"Sozu"}],"potions_floor_spawned":[2,4,7,16,22,23,31,41,45],"seed_played":"8446238012467504247","is_trial":false}