{"path_per_floor":["M","M","?","?","?","E","R","M","T","?","E","M","R","E","R","B",null,"M","$","?","M","?","E","R","?","T","R","M","M","M","M","R","B",null,"M","?","$","?","$","R"],"character_chosen":"THE_SILENT","items_purchased":["Bottled Lightning","Gambling Chip"],"gold_per_floor":[114,133,133,208,208,241,241,252,300,300,336,352,352,390,390,511,511,530,199,199,214,214,253,253,253,324,324,344,360,380,403,403,528,528,546,546,253,253,203,203],"floor_reached":41,"campfire_rested":4,"playtime":3411,"current_hp_per_floor":[68,68,68,57,50,10,31,31,38,38,25,25,47,44,44,19,74,62,62,62,57,57,9,31,31,31,31,31,29,28,27,49,12,74,59,59,59,59,59,59],"items_purged":["Strike_G","Defend_G","Defend_G"],"gold":203,"play_id":"bc17c603-c5aa-40a3-bc49-be83d2c9bcb8","is_prod":false,"is_daily":false,"campfire_rituals":0,"campfire_upgraded":3,"is_hardmode":false,"path_taken":["M","M","?","?","?","E","R","M","T","?","E","M","R","E","R","BOSS","M","$","?","M","?","E","R","?","T","R","M","M","?","M","R","BOSS","M","?","$","?","$","R","E"],"build_version":"2018-01-01-BETA1","purchased_purges":3,"victory":false,"master_deck":["Defend_G","Strike_G","Survivor","Neutralize","Slice","Dagger Throw","Cloak And Dagger","Terror","Caltrops","Reflex","Choke","Noxious Fumes","Bane","Prepared","After Image","PiercingWail","Noxious Fumes","Concentrate","Noxious Fumes","Acrobatics","Tactician"],"max_hp_per_floor":[70,70,70,70,70,70,70,70,77,74,74,74,74,74,74,74,74,74,74,74,74,74,74,74,74,74,74,74,74,74,74,74,74,74,74,74,74,74,74,74],"relics":["Ring of the Snake","Bronze Scales","Strawberry","Golden Idol","Tingsha","Mummified Hand","Astrolabe","Bottled Lightning","Smiling Mask","The Courier","Philosopher\u0027s Stone","Gambling Chip"],"campfire_meditates":0,"card_choices":[{"not_picked":["Poisoned Stab","Underhanded Strike"],"picked":"Slice"},{"not_picked":["PiercingWail","Dagger Spray"],"picked":"Dagger Throw"},{"not_picked":["Predator","Sucker Punch"],"picked":"Cloak And Dagger"},{"not_picked":["Catalyst","Prepared"],"picked":"Terror"},{"not_picked":["Flechettes","Deflect"],"picked":"Caltrops"},{"not_picked":["Backflip","Dodge and Roll"],"picked":"Bane"},{"not_picked":["Well Laid Plans","Slice"],"picked":"Prepared"},{"not_picked":["Dash","Blur"],"picked":"PiercingWail"},{"not_picked":["Crippling Poison","Acrobatics"],"picked":"Noxious Fumes"},{"not_picked":["Deflect","Acrobatics"],"picked":"Concentrate"},{"not_picked":["Expertise","Deadly Poison"],"picked":"Noxious Fumes"},{"not_picked":["Leg Sweep","Finisher"],"picked":"Acrobatics"},{"not_picked":["Envenom","Wraith Form"],"picked":"Tactician"}],"player_experience":286998,"potions_floor_usage":[6,11,11,14],"damage_taken":[{"damage":2,"enemies":"Small Slimes","floor":1,"turns":6},{"damage":0,"enemies":"Cultist","floor":2,"turns":5},{"damage":40,"enemies":"3 Sentries","floor":6,"turns":15},{"damage":0,"enemies":"2 Louse","floor":8,"turns":2},{"damage":13,"enemies":"Lagavulin","floor":11,"turns":6},{"damage":0,"enemies":"Large Slime","floor":12,"turns":6},{"damage":3,"enemies":"Gremlin Nob","floor":14,"turns":3},{"damage":25,"enemies":"The Guardian","floor":16,"turns":10},{"damage":12,"enemies":"2 Thieves","floor":18,"turns":4},{"damage":5,"enemies":"3 Byrds","floor":21,"turns":3},{"damage":48,"enemies":"Slavers","floor":23,"turns":5},{"damage":0,"enemies":"Centurion and Healer","floor":28,"turns":5},{"damage":2,"enemies":"Snake Plant","floor":29,"turns":4},{"damage":1,"enemies":"3 Cultists","floor":30,"turns":4},{"damage":1,"enemies":"Snecko","floor":31,"turns":4},{"damage":37,"enemies":"Champ","floor":33,"turns":9},{"damage":15,"enemies":"3 Shapes","floor":35,"turns":5},{"damage":81,"enemies":"Nemesis","floor":41,"turns":9}],"event_choices":[{"event_name":"Accursed Blacksmith","player_choice":"Forge","floor":3,"damage_taken":0},{"event_name":"World of Goop","player_choice":"Gather Gold","floor":4,"damage_taken":0},{"event_name":"Golden Wing","player_choice":"Card Removal","floor":5,"damage_taken":0},{"event_name":"Golden Idol","player_choice":"Lose Max HP","floor":10,"damage_taken":0},{"event_name":"Upgrade Shrine","player_choice":"Upgraded","floor":20,"damage_taken":0},{"event_name":"Match and Keep!","player_choice":"1 cards matched","floor":22,"damage_taken":0},{"event_name":"Drug Dealer","player_choice":"Ignored","floor":25,"damage_taken":0},{"event_name":"Purifier","player_choice":"One Purge","floor":36,"damage_taken":0},{"event_name":"Tomb of Lord Red Mask","player_choice":"Ignored","floor":38,"damage_taken":0}],"boss_relics":[{"not_picked":["The Specimen","Calling Bell"],"picked":"Astrolabe"},{"not_picked":["White Beast Statue","Snecko Eye"],"picked":"Philosopher\u0027s Stone"}],"potions_floor_spawned":[2,6,8,11,23,29,30,31],"seed_played":"6373321047258113518","killed_by":"Nemesis","is_trial":false}