{"path_per_floor":["M","M","$","?","M","E","R","M","T","?","?","E","M","?","R","B",null,"M","?","M","$","M","R"],"character_chosen":"THE_SILENT","items_purchased":["Heel Hook","Sucker Punch","Thread and Needle"],"gold_per_floor":[217,236,109,72,87,122,122,141,141,141,141,168,182,182,182,279,279,293,493,508,118,136,136],"floor_reached":24,"campfire_rested":2,"playtime":2169,"current_hp_per_floor":[66,65,65,65,62,43,64,54,54,59,59,37,28,28,49,13,70,47,47,41,41,41,41],"items_purged":["Envenom"],"gold":136,"play_id":"9c03cc6b-a4a1-499d-8b22-f439a4276c49","is_prod":false,"is_daily":false,"campfire_rituals":0,"campfire_upgraded":0,"is_hardmode":false,"path_taken":["M","M","$","?","M","E","R","?","T","?","?","E","M","?","R","BOSS","M","?","M","$","M","R","E"],"build_version":"2017-12-21-PROD1","purchased_purges":1,"victory":false,"master_deck":["Defend_G","Defend_G","Defend_G","Defend_G","Defend_G","Strike_G","Strike_G","Strike_G","Strike_G","Strike_G","Survivor","Neutralize","Noxious Fumes","Heel Hook","Sucker Punch","Noxious Fumes","Quick Slash","Bane","Flying Knee","Die Die Die","Quick Slash","Heel Hook","PiercingWail"],"max_hp_per_floor":[70,70,70,70,70,70,70,70,70,70,70,70,70,70,70,70,70,70,70,70,70,70,70],"relics":["Ring of the Snake","Tingsha","Girya","Molten Egg","White Beast Statue","Thread and Needle"],"campfire_meditates":0,"card_choices":[{"not_picked":["Deadly Poison","Sucker Punch"],"picked":"Underhanded Strike"},{"not_picked":["Skewer","Acrobatics"],"picked":"Noxious Fumes"},{"not_picked":["Dagger Throw","Unload"],"picked":"Noxious Fumes"},{"not_picked":["Dodge and Roll","Underhanded Strike"],"picked":"Quick Slash"},{"not_picked":["All Out Attack","Outmaneuver"],"picked":"Bane"},{"not_picked":["Backstab","Quick Slash"],"picked":"Envenom"},{"not_picked":["Quick Slash","Deadly Poison"],"picked":"Flying Knee"},{"not_picked":["Adrenaline","Unload"],"picked":"Die Die Die"},{"not_picked":["Poisoned Stab","Acrobatics"],"picked":"Quick Slash"},{"not_picked":["Deflect","Masterful Stab"],"picked":"Heel Hook"},{"not_picked":["Outmaneuver","Sucker Punch"],"picked":"PiercingWail"}],"player_experience":38520,"potions_floor_usage":[6,20,20,22,24],"damage_taken":[{"damage":4,"enemies":"Looter","floor":1,"turns":3},{"damage":1,"enemies":"Cultist","floor":2,"turns":5},{"damage":3,"enemies":"Jaw Worm","floor":5,"turns":4},{"damage":19,"enemies":"Gremlin Nob","floor":6,"turns":5},{"damage":10,"enemies":"Red Slaver","floor":8,"turns":5},{"damage":22,"enemies":"Lagavulin","floor":12,"turns":6},{"damage":9,"enemies":"3 Louse","floor":13,"turns":3},{"damage":36,"enemies":"The Guardian","floor":16,"turns":9},{"damage":23,"enemies":"Chosen","floor":18,"turns":5},{"damage":6,"enemies":"2 Thieves","floor":20,"turns":4},{"damage":0,"enemies":"3 Cultists","floor":22,"turns":4},{"damage":44,"enemies":"Slavers","floor":24,"turns":3}],"event_choices":[{"event_name":"World of Goop","player_choice":"Left","floor":4,"damage_taken":0},{"event_name":"Bonfire Elementals","player_choice":"ATTACK","floor":10,"damage_taken":0},{"event_name":"Living Wall","player_choice":"Grow","floor":11,"damage_taken":0},{"event_name":"Golden Idol","player_choice":"Ignored","floor":14,"damage_taken":0},{"event_name":"Wheel of Change","player_choice":"Gold","floor":19,"damage_taken":0}],"boss_relics":[{"not_picked":["Question Card","The Specimen"],"picked":"White Beast Statue"}],"potions_floor_spawned":[5,12,16,18,20,22],"seed_played":"-1276840340801850323","killed_by":"Slavers","is_trial":false}