{"path_per_floor":["M","?","T","?","?","?","E","R","T","E","M","R","$","?","R","B",null,"M","?","M","$","M","E","?","M","T","M","T","M"],"character_chosen":"THE_SILENT","items_purchased":["Predator"],"gold_per_floor":[119,119,119,119,119,119,145,145,145,170,186,186,40,6,6,104,104,122,47,62,62,72,101,101,112,135,148,172,192],"floor_reached":30,"campfire_rested":1,"playtime":2480,"current_hp_per_floor":[69,69,69,69,62,48,20,41,41,29,29,29,29,29,29,19,70,61,61,53,53,30,30,30,28,28,22,22,24],"items_purged":["Strike_G"],"gold":227,"play_id":"0ec9d277-79c3-4dab-9e26-566654ca7fe2","is_prod":false,"is_daily":false,"campfire_rituals":0,"campfire_upgraded":2,"is_hardmode":false,"path_taken":["M","?","?","?","?","?","E","R","T","E","M","R","$","?","R","BOSS","M","?","M","$","M","E","?","M","T","M","?","?","E"],"build_version":"2018-01-01-BETA1","purchased_purges":1,"victory":false,"master_deck":["Defend_G","Defend_G","Defend_G","Defend_G","Defend_G","Strike_G","Strike_G","Strike_G","Survivor","Neutralize","Escape Plan","Acrobatics","Quick Slash","Flying Knee","Predator","Night Terror","Cloak And Dagger","Blade Dance","Quick Slash","Backflip","PiercingWail","Leg Sweep","Endless Agony","Cloak And Dagger","Infinite Blades","Backflip","Backflip"],"max_hp_per_floor":[70,70,70,70,70,70,70,70,70,70,70,70,70,70,70,70,70,70,70,70,70,70,70,70,70,70,70,70,70],"relics":["Runic Dome","Ice Cream","Art of War","Omamori","Lantern","Orrery","Bird Faced Urn","Happy Flower","Bag of Preparation","Snake Skull"],"campfire_meditates":0,"card_choices":[{"not_picked":["Deadly Poison","Expertise"],"picked":"Escape Plan"},{"not_picked":["Night Terror","Prepared"],"picked":"Acrobatics"},{"not_picked":["Leg Sweep","Deadly Poison"],"picked":"Quick Slash"},{"not_picked":["Malaise","Choke"],"picked":"Flying Knee"},{"not_picked":["After Image","Unload"],"picked":"Night Terror"},{"not_picked":["Choke","Dodge and Roll"],"picked":"Cloak And Dagger"},{"not_picked":["Slice","Dagger Throw"],"picked":"Blade Dance"},{"not_picked":["Dagger Throw","Bane"],"picked":"Quick Slash"},{"not_picked":["Deadly Poison","Phantasmal Killer"],"picked":"Backflip"},{"not_picked":["Underhanded Strike","Flying Knee"],"picked":"PiercingWail"},{"not_picked":["Cloak And Dagger","Poisoned Stab"],"picked":"Leg Sweep"},{"not_picked":["Acrobatics","Tools of the Trade"],"picked":"Cloak And Dagger"},{"not_picked":["Backstab","Bouncing Flask"],"picked":"Infinite Blades"},{"not_picked":["Caltrops","Dagger Throw"],"picked":"Backflip"},{"not_picked":["Tactician","Endless Agony"],"picked":"Backflip"}],"player_experience":267023,"potions_floor_usage":[23,23,30,30],"damage_taken":[{"damage":1,"enemies":"Cultist","floor":1,"turns":4},{"damage":28,"enemies":"Lagavulin","floor":7,"turns":10},{"damage":12,"enemies":"3 Sentries","floor":10,"turns":9},{"damage":0,"enemies":"2 Louse","floor":11,"turns":3},{"damage":10,"enemies":"Slime Boss","floor":16,"turns":8},{"damage":9,"enemies":"3 Byrds","floor":18,"turns":6},{"damage":8,"enemies":"Shell Parasite","floor":20,"turns":5},{"damage":23,"enemies":"Sentry and Sphere","floor":22,"turns":7},{"damage":0,"enemies":"Gremlin Leader","floor":23,"turns":7},{"damage":2,"enemies":"Centurion and Healer","floor":25,"turns":7},{"damage":6,"enemies":"Snecko","floor":27,"turns":6},{"damage":0,"enemies":"Snake Plant","floor":29,"turns":5},{"damage":7,"enemies":"Slavers","floor":30,"turns":6}],"event_choices":[{"event_name":"Wheel of Change","player_choice":"Curse","floor":2,"damage_taken":0},{"event_name":"Upgrade Shrine","player_choice":"Upgraded","floor":4,"damage_taken":0},{"event_name":"Golden Wing","player_choice":"Card Removal","floor":5,"damage_taken":0},{"event_name":"Shining Light","player_choice":"Entered Light","floor":6,"damage_taken":0},{"event_name":"World of Goop","player_choice":"Left","floor":14,"damage_taken":0},{"event_name":"Beggar","player_choice":"Gave Gold","floor":19,"damage_taken":0},{"event_name":"The Library","player_choice":"Read","floor":24,"damage_taken":0}],"boss_relics":[{"not_picked":["Lizard Tail","Eternal Feather"],"picked":"Orrery"}],"potions_floor_spawned":[10,11,16,22,27,29],"seed_played":"3896612872191267927","killed_by":"Slavers","is_trial":false}