{"path_per_floor":["M","M","T","?","M","E","R","E","T","?","M","M","M","M","R","B",null,"M","$","M","M","?"],"character_chosen":"THE_SILENT","items_purchased":["Apotheosis","Bullet Time","Energy Potion"],"gold_per_floor":[112,123,201,201,221,248,248,278,278,245,257,274,291,306,306,409,409,425,0,14,26,26],"floor_reached":23,"campfire_rested":0,"playtime":2991,"current_hp_per_floor":[70,68,68,54,54,62,62,59,59,59,56,56,56,55,55,45,70,69,69,46,27,27],"items_purged":[],"gold":26,"play_id":"07067f8a-b757-4d3b-b17f-7b19b1337f22","is_prod":false,"is_daily":false,"campfire_rituals":0,"campfire_upgraded":2,"is_hardmode":false,"path_taken":["M","M","?","?","?","E","R","E","T","?","?","M","M","?","R","BOSS","M","$","M","M","?","E"],"build_version":"2017-12-21-PROD1","purchased_purges":0,"victory":false,"master_deck":["Defend_G","Defend_G","Defend_G","Defend_G","Defend_G","Strike_G","Strike_G","Strike_G","Strike_G","Strike_G","Survivor","Neutralize","Deflect","Blade Dance","Dodge and Roll","Backflip","Dagger Throw","Caltrops","Flying Knee","Flying Knee","Slice","Calculated Gamble","After Image","Dodge and Roll","Apotheosis","Bullet Time","Backflip","Dagger Throw","Writhe"],"max_hp_per_floor":[70,70,70,70,70,70,70,70,70,70,70,70,70,70,70,70,70,70,70,70,70,70],"relics":["Ring of the Snake","Ornamental Fan","Unceasing Top","Prayer Wheel","Frozen Eye","Runic Pyramid","Dodecahedron"],"campfire_meditates":0,"card_choices":[{"not_picked":["Dagger Throw","Bane"],"picked":"Deflect"},{"not_picked":["Quick Slash","Outmaneuver"],"picked":"Blade Dance"},{"not_picked":["Catalyst","Crippling Poison"],"picked":"Dodge and Roll"},{"not_picked":["Sucker Punch","Finisher"],"picked":"Backflip"},{"not_picked":["Deadly Poison","Corpse Explosion"],"picked":"Dagger Throw"},{"not_picked":["PiercingWail","Dodge and Roll"],"picked":"Caltrops"},{"not_picked":["Acrobatics","Deadly Poison"],"picked":"Flying Knee"},{"not_picked":["Terror","Bane"],"picked":"Flying Knee"},{"not_picked":["Outmaneuver","Bane"],"picked":"Slice"},{"not_picked":["PiercingWail","Backstab"],"picked":"Calculated Gamble"},{"not_picked":["Corpse Explosion","Adrenaline"],"picked":"After Image"},{"not_picked":["Poisoned Stab","Well Laid Plans"],"picked":"Dodge and Roll"},{"not_picked":["Dagger Spray","Dash"],"picked":"Backflip"},{"not_picked":["Malaise","Poisoned Stab"],"picked":"Dagger Throw"}],"player_experience":27301,"potions_floor_usage":[6,6,6,13,16],"damage_taken":[{"damage":0,"enemies":"Blue Slaver","floor":1,"turns":7},{"damage":2,"enemies":"Jaw Worm","floor":2,"turns":5},{"damage":0,"enemies":"Looter","floor":5,"turns":4},{"damage":7,"enemies":"Lagavulin","floor":6,"turns":10},{"damage":3,"enemies":"3 Sentries","floor":8,"turns":10},{"damage":3,"enemies":"Lots of Slimes","floor":11,"turns":5},{"damage":0,"enemies":"2 Fungi Beasts","floor":12,"turns":3},{"damage":9,"enemies":"Exordium Thugs","floor":13,"turns":4},{"damage":1,"enemies":"Red Slaver","floor":14,"turns":2},{"damage":10,"enemies":"Hexaghost","floor":16,"turns":9},{"damage":1,"enemies":"Spheric Guardian","floor":18,"turns":7},{"damage":23,"enemies":"Chosen","floor":20,"turns":8},{"damage":19,"enemies":"Slaver and Parasite","floor":21,"turns":8},{"damage":27,"enemies":"Slavers","floor":23,"turns":3}],"event_choices":[{"event_name":"Shining Light","player_choice":"Entered Light","floor":4,"damage_taken":0},{"event_name":"World of Goop","player_choice":"Left","floor":10,"damage_taken":0},{"event_name":"The Mausoleum","player_choice":"Yes","floor":22,"damage_taken":0}],"boss_relics":[{"not_picked":["Eternal Feather","Velvet Choker"],"picked":"Runic Pyramid"}],"potions_floor_spawned":[2,8,14,16],"seed_played":"8074744758507425466","killed_by":"Slavers","is_trial":false}