{"path_per_floor":["M","?","M","M","$","R","E","?","T","M","E","M","M","M","R","B",null,"M","$","?","?","M","R","?","E","T","M","R","?","$","E","R","B"],"character_chosen":"THE_SILENT","items_purchased":["Vajra","Quick Slash","Escape Plan"],"gold_per_floor":[113,113,132,146,71,71,102,102,184,195,229,247,267,282,282,386,386,402,130,155,155,170,170,170,202,202,213,213,213,173,202,202,299],"floor_reached":34,"campfire_rested":0,"playtime":2413,"current_hp_per_floor":[70,70,70,67,67,67,44,67,67,67,67,66,66,66,66,62,70,70,70,69,69,69,69,69,69,69,69,69,69,69,69,69,8],"items_purged":["Bouncing Flask","Dash"],"gold":299,"play_id":"31a5f66e-ba63-4fff-9677-f3b6c6ffcc63","is_prod":false,"is_daily":false,"campfire_rituals":0,"campfire_upgraded":5,"is_hardmode":false,"path_taken":["M","?","M","M","$","R","E","?","T","M","E","M","M","?","R","BOSS","M","$","?","?","M","R","?","E","T","M","R","?","?","E","R","BOSS"],"build_version":"2018-01-01-BETA1","purchased_purges":3,"victory":false,"master_deck":["Survivor","Neutralize","Acrobatics","Dagger Throw","Escape Plan","Cloak And Dagger","PiercingWail","Dagger Throw","Underhanded Strike","Terror","Prepared","Backflip","Prepared","Blade Dance","Burst","Underhanded Strike","Quick Slash","Choke","Escape Plan","Reflex"],"max_hp_per_floor":[70,70,70,70,70,70,70,70,70,70,70,70,70,70,70,70,70,70,70,70,70,70,70,70,70,70,70,70,70,70,70,70,70],"relics":["Pandora\u0027s Box","Letter Opener","Blue Candle","Toxic Egg","Cursed Key","Vajra","Red Mask","Omamori","Matryoshka","Pantograph","Black Star"],"campfire_meditates":0,"card_choices":[{"not_picked":["Distraction","Skewer"],"picked":"Terror"},{"not_picked":["Flying Knee","Poisoned Stab"],"picked":"Prepared"},{"not_picked":["All Out Attack","Malaise"],"picked":"Backflip"},{"not_picked":["Sucker Punch","Slice"],"picked":"Prepared"},{"not_picked":["Noxious Fumes","Bane"],"picked":"Blade Dance"},{"not_picked":["Unload","Night Terror"],"picked":"Burst"},{"not_picked":["Flying Knee","Prepared"],"picked":"Underhanded Strike"},{"not_picked":["Prepared","Distraction"],"picked":"Reflex"}],"player_experience":271886,"potions_floor_usage":[33],"damage_taken":[{"damage":0,"enemies":"2 Louse","floor":1,"turns":2},{"damage":0,"enemies":"Jaw Worm","floor":3,"turns":2},{"damage":3,"enemies":"Blue Slaver","floor":4,"turns":3},{"damage":23,"enemies":"3 Sentries","floor":7,"turns":6},{"damage":0,"enemies":"Exordium Wildlife","floor":10,"turns":2},{"damage":0,"enemies":"Gremlin Nob","floor":11,"turns":3},{"damage":1,"enemies":"Looter","floor":12,"turns":2},{"damage":0,"enemies":"Exordium Thugs","floor":13,"turns":2},{"damage":0,"enemies":"Large Slime","floor":14,"turns":4},{"damage":4,"enemies":"Hexaghost","floor":16,"turns":6},{"damage":0,"enemies":"2 Thieves","floor":18,"turns":3},{"damage":1,"enemies":"Masked Bandits","floor":20,"turns":3},{"damage":0,"enemies":"Chosen","floor":22,"turns":2},{"damage":0,"enemies":"Book of Stabbing","floor":25,"turns":3},{"damage":0,"enemies":"3 Cultists","floor":27,"turns":3},{"damage":0,"enemies":"Slavers","floor":31,"turns":3},{"damage":62,"enemies":"Champ","floor":33,"turns":7}],"event_choices":[{"event_name":"Living Wall","player_choice":"Forget","floor":2,"damage_taken":0},{"event_name":"Big Fish","player_choice":"Banana","floor":8,"damage_taken":0},{"event_name":"Masked Bandits","player_choice":"Fought over 130 gold","floor":20,"damage_taken":0},{"event_name":"Drug Dealer","player_choice":"Ignored","floor":21,"damage_taken":0},{"event_name":"N\u0027loth","player_choice":"Ignored","floor":24,"damage_taken":0},{"event_name":"The Library","player_choice":"Read","floor":29,"damage_taken":0}],"boss_relics":[{"not_picked":["Runic Pyramid","Tiny House"],"picked":"Cursed Key"},{"not_picked":["Calling Bell","Runic Dome"],"picked":"Black Star"}],"potions_floor_spawned":[3,4,11,12,22,31,33],"seed_played":"258379693706687662","is_trial":false}