{"path_per_floor":["M","?","M","M","?","E","M","?","T","?","R","E","M","?","R","B",null,"M","$","M","M","?","E","?","M","T","E","M","R","M","?","R","B",null,"M","T","?","M","?","R","M","R","T","R","$","E","M","E","R","B"],"character_chosen":"THE_SILENT","items_purchased":["Bottled Lightning","Heel Hook"],"gold_per_floor":[109,109,119,136,136,161,178,178,202,202,202,228,245,245,245,349,349,365,32,48,66,66,96,96,114,114,171,186,186,197,197,197,292,292,310,310,310,329,329,329,345,345,395,395,218,244,260,293,293,293],"floor_reached":51,"campfire_rested":2,"playtime":3788,"current_hp_per_floor":[70,70,68,68,68,65,65,65,65,51,51,52,52,52,52,33,70,68,68,68,68,52,44,44,44,44,44,44,52,48,48,70,37,70,70,70,70,70,70,70,70,70,70,70,70,65,59,25,54,39],"items_purged":["Strike_G","Strike_G"],"gold":293,"play_id":"bacc3c2e-35f9-4f56-a2ca-64ae67fb968d","is_prod":false,"is_daily":false,"campfire_rituals":0,"campfire_upgraded":6,"is_hardmode":false,"path_taken":["M","?","M","M","?","E","M","?","T","?","R","E","M","?","R","BOSS","M","$","M","M","?","E","?","M","T","E","M","R","M","?","R","BOSS","M","?","?","M","?","R","M","R","T","R","$","E","M","E","R","BOSS"],"build_version":"2017-12-29-BETA1","purchased_purges":2,"victory":true,"master_deck":["Defend_G","Defend_G","Defend_G","Defend_G","Defend_G","Strike_G","Strike_G","Strike_G","Survivor","Neutralize","Quick Slash","Quick Slash","Terror","Backflip","Leg Sweep","Die Die Die","Dagger Spray","Necronomicurse","Dagger Spray","Quick Slash","Quick Slash","Predator","Heel Hook","Footwork"],"max_hp_per_floor":[70,70,70,70,70,70,70,70,70,70,70,70,70,70,70,70,70,70,70,70,70,70,70,70,70,70,70,70,70,70,70,70,70,70,70,70,70,70,70,70,70,70,70,70,70,70,70,70,70,70],"relics":["Runic Dome","Calipers","Juzu Bracelet","Lantern","Pen Nib","Eternal Feather","Bottled Lightning","Necronomicon","Orichalcum","Ginger","Tiny Chest","Velvet Choker","Sundial","Anchor","The Courier","Happy Flower"],"campfire_meditates":0,"card_choices":[{"not_picked":["Reflex","Deflect"],"picked":"Quick Slash"},{"not_picked":["Poisoned Stab","Backflip"],"picked":"Quick Slash"},{"not_picked":["Deflect","Deadly Poison"],"picked":"Terror"},{"not_picked":["Backstab","Grand Finale"],"picked":"Backflip"},{"not_picked":["Backstab","Cloak And Dagger"],"picked":"Leg Sweep"},{"not_picked":["Bullet Time","Venomology"],"picked":"Die Die Die"},{"not_picked":["Poisoned Stab","Deadly Poison"],"picked":"Dagger Spray"},{"not_picked":["Prepared","Flechettes"],"picked":"Dagger Spray"},{"not_picked":["Dagger Throw","Envenom"],"picked":"Distraction"},{"not_picked":["Calculated Gamble","Reflex"],"picked":"Quick Slash"},{"not_picked":["PiercingWail","Acrobatics"],"picked":"Footwork"}],"player_experience":258257,"potions_floor_usage":[12,21,23,27,27,33,38,46,50],"damage_taken":[{"damage":0,"enemies":"Cultist","floor":1,"turns":4},{"damage":2,"enemies":"Blue Slaver","floor":3,"turns":4},{"damage":0,"enemies":"Jaw Worm","floor":4,"turns":4},{"damage":3,"enemies":"Lagavulin","floor":6,"turns":6},{"damage":0,"enemies":"Exordium Wildlife","floor":7,"turns":3},{"damage":11,"enemies":"3 Sentries","floor":12,"turns":6},{"damage":0,"enemies":"Red Slaver","floor":13,"turns":2},{"damage":19,"enemies":"The Guardian","floor":16,"turns":8},{"damage":2,"enemies":"Spheric Guardian","floor":18,"turns":4},{"damage":0,"enemies":"Chosen","floor":20,"turns":3},{"damage":0,"enemies":"Centurion and Healer","floor":21,"turns":5},{"damage":8,"enemies":"Gremlin Leader","floor":23,"turns":6},{"damage":0,"enemies":"3 Cultists","floor":25,"turns":5},{"damage":0,"enemies":"Book of Stabbing","floor":27,"turns":4},{"damage":0,"enemies":"Snecko","floor":28,"turns":4},{"damage":4,"enemies":"Chosen and Byrds","floor":30,"turns":4},{"damage":33,"enemies":"Automaton","floor":33,"turns":12},{"damage":0,"enemies":"3 Darklings","floor":35,"turns":10},{"damage":0,"enemies":"Orb Walker","floor":38,"turns":2},{"damage":0,"enemies":"Flame Bruiser 2 Orb","floor":41,"turns":4},{"damage":5,"enemies":"2 Orb Walkers","floor":46,"turns":3},{"damage":6,"enemies":"Maw","floor":47,"turns":5},{"damage":34,"enemies":"Nemesis","floor":48,"turns":7},{"damage":15,"enemies":"Awakened One","floor":50,"turns":10}],"event_choices":[{"event_name":"Wheel of Change","player_choice":"Relic","floor":2,"damage_taken":0},{"event_name":"Accursed Blacksmith","player_choice":"Forge","floor":5,"damage_taken":0},{"event_name":"The Lab","player_choice":"Got Potions","floor":8,"damage_taken":0},{"event_name":"Shining Light","player_choice":"Entered Light","floor":10,"damage_taken":0},{"event_name":"The Woman in Blue","player_choice":"Bought 0 Potions","floor":14,"damage_taken":0},{"event_name":"Cursed Tome","player_choice":"Obtained Book","floor":22,"damage_taken":0},{"event_name":"Back to Basics","player_choice":"Simplicity","floor":24,"damage_taken":0},{"event_name":"The Mausoleum","player_choice":"No","floor":31,"damage_taken":0},{"event_name":"Duplicator","player_choice":"One dupe","floor":37,"damage_taken":0},{"event_name":"Transmorgrifier","player_choice":"Transform","floor":39,"damage_taken":0}],"boss_relics":[{"not_picked":["Tiny House","Question Card"],"picked":"Eternal Feather"},{"not_picked":["Cursed Key","Runic Pyramid"],"picked":"Velvet Choker"}],"potions_floor_spawned":[1,6,12,20,21,28,30,33,35,48],"seed_played":"3374526552900592999","is_trial":false}