{"path_per_floor":["M","?","M","?","M","R","M","R","T","M","M","$","M","M","R","B",null,"M","M","M","?","M","R","?","R","T","R","$","M","M","$","R"],"character_chosen":"THE_SILENT","items_purchased":["Dash"],"gold_per_floor":[115,115,135,85,97,97,117,117,117,131,141,66,82,92,92,187,187,204,215,234,234,253,253,253,253,253,253,178,191,208,108,108],"floor_reached":33,"campfire_rested":3,"playtime":4406,"current_hp_per_floor":[70,70,70,70,70,70,70,70,70,67,67,67,67,67,67,37,70,61,61,44,44,26,47,47,68,82,82,82,58,41,41,66],"items_purged":["Strike_G","Defend_G"],"gold":108,"play_id":"ce748e58-a171-4258-b0c5-dbfcca68c682","is_prod":false,"is_daily":false,"campfire_rituals":0,"campfire_upgraded":4,"is_hardmode":false,"path_taken":["M","?","M","?","M","R","?","R","T","M","?","$","M","M","R","BOSS","M","?","M","?","M","R","?","R","T","R","$","M","M","$","R","BOSS"],"build_version":"2017-12-29-BETA1","purchased_purges":2,"victory":false,"master_deck":["Defend_G","Defend_G","Defend_G","Strike_G","Strike_G","Strike_G","Survivor","Neutralize","Backflip","Dagger Throw","Cloak And Dagger","Dagger Spray","Dagger Throw","Dagger Spray","Burst","PiercingWail","Prepared","Sucker Punch","Dash","Blur","Deadly Poison"],"max_hp_per_floor":[70,70,70,70,70,70,70,70,70,70,70,70,70,70,70,70,70,70,70,70,70,70,70,70,70,84,84,84,84,84,84,84],"relics":["Ring of the Snake","Ginger","Sozu","Mango"],"campfire_meditates":0,"card_choices":[{"not_picked":["Dodge and Roll","Underhanded Strike"],"picked":"Backflip"},{"not_picked":["Dagger Spray","Skewer"],"picked":"Dagger Throw"},{"not_picked":["Underhanded Strike","Glass Knife"],"picked":"Cloak And Dagger"},{"not_picked":["Acrobatics","Slice"],"picked":"Dagger Spray"},{"not_picked":["Prepared","Dodge and Roll"],"picked":"Dagger Throw"},{"not_picked":["Underhanded Strike","Malaise"],"picked":"Dagger Spray"},{"not_picked":["Phantasmal Killer","After Image"],"picked":"Burst"},{"not_picked":["Slice","Catalyst"],"picked":"PiercingWail"},{"not_picked":["Finisher","Acrobatics"],"picked":"Prepared"},{"not_picked":["Masterful Stab","Well Laid Plans"],"picked":"Sucker Punch"},{"not_picked":["Outmaneuver","Cloak And Dagger"],"picked":"Blur"},{"not_picked":["Finisher","Acrobatics"],"picked":"Deadly Poison"}],"player_experience":242587,"potions_floor_usage":[10,11,13,16,16],"damage_taken":[{"damage":0,"enemies":"2 Louse","floor":1,"turns":3},{"damage":0,"enemies":"Blue Slaver","floor":3,"turns":7},{"damage":0,"enemies":"Jaw Worm","floor":5,"turns":3},{"damage":0,"enemies":"Looter","floor":7,"turns":4},{"damage":3,"enemies":"Exordium Wildlife","floor":10,"turns":7},{"damage":0,"enemies":"Gremlin Gang","floor":11,"turns":3},{"damage":0,"enemies":"Lots of Slimes","floor":13,"turns":2},{"damage":0,"enemies":"3 Louse","floor":14,"turns":2},{"damage":30,"enemies":"Slime Boss","floor":16,"turns":10},{"damage":9,"enemies":"Spheric Guardian","floor":18,"turns":4},{"damage":0,"enemies":"Shell Parasite","floor":19,"turns":6},{"damage":17,"enemies":"Snake Plant","floor":20,"turns":7},{"damage":18,"enemies":"Centurion and Healer","floor":22,"turns":16},{"damage":24,"enemies":"Sentry and Sphere","floor":29,"turns":6},{"damage":17,"enemies":"Slaver and Parasite","floor":30,"turns":10},{"damage":81,"enemies":"Champ","floor":33,"turns":11}],"event_choices":[{"event_name":"Bonfire Elementals","player_choice":"SKILL","floor":2,"damage_taken":0},{"event_name":"The Cleric","player_choice":"Card Removal","floor":4,"damage_taken":0},{"event_name":"The Woman in Blue","player_choice":"Bought 0 Potions","floor":21,"damage_taken":0},{"event_name":"Accursed Blacksmith","player_choice":"Forge","floor":24,"damage_taken":0}],"boss_relics":[{"not_picked":["Astrolabe","Eternal Feather"],"picked":"Sozu"}],"potions_floor_spawned":[11,13,14,18,19,29],"seed_played":"-2032548887249997476","killed_by":"Champ","is_trial":false}