{"path_per_floor":["M","?","?","?","M","R","M","R","T","E","M","M","E","M","R","B",null,"M","$","?","?","$"],"character_chosen":"THE_SILENT","items_purchased":["Storm of Steel","Cloak And Dagger"],"gold_per_floor":[19,19,19,19,30,30,44,44,97,129,149,164,197,209,209,306,306,321,83,83,83,33],"floor_reached":23,"campfire_rested":0,"playtime":1950,"current_hp_per_floor":[70,70,52,52,52,52,52,52,52,48,48,48,31,30,30,4,70,59,59,49,49,49],"items_purged":["Strike_G"],"gold":33,"play_id":"e5d1a75d-7b98-4a5f-b6ee-8c036ebd8e78","is_prod":false,"is_daily":false,"campfire_rituals":0,"campfire_upgraded":3,"is_hardmode":false,"path_taken":["M","?","?","?","M","R","M","R","T","E","M","M","E","M","R","BOSS","M","$","?","?","?","E"],"build_version":"2017-12-21-PROD1","purchased_purges":1,"victory":false,"master_deck":["Defend_G","Defend_G","Defend_G","Defend_G","Survivor","Neutralize","Blur","Injury","Dagger Throw","Dagger Throw","Endless Agony","Underhanded Strike","Slice","Underhanded Strike","Tactician","Storm of Steel","Bite_G","Bite_G","Bite_G","Bite_G","Bite_G","Cloak And Dagger"],"max_hp_per_floor":[70,70,70,70,70,70,70,70,70,70,70,70,70,70,70,70,70,70,70,49,49,49],"relics":["Ring of the Snake","Juzu Bracelet","Orichalcum","Ancient Tea Set","Tough Bandages","Cursed Key"],"campfire_meditates":0,"card_choices":[{"not_picked":["Outmaneuver","Crippling Poison"],"picked":"Blur"},{"not_picked":["Eviscerate","Flying Knee"],"picked":"Dagger Throw"},{"not_picked":["Noxious Fumes","All Out Attack"],"picked":"Dagger Throw"},{"not_picked":["Well Laid Plans","Dagger Spray"],"picked":"Endless Agony"},{"not_picked":["Dodge and Roll","PiercingWail"],"picked":"Underhanded Strike"},{"not_picked":["Glass Knife","Bouncing Flask"],"picked":"Slice"},{"not_picked":["Deflect","Dagger Spray"],"picked":"Underhanded Strike"},{"not_picked":["Envenom","Bullet Time"],"picked":"Tactician"}],"player_experience":114359,"potions_floor_usage":[10,10,12,16,23],"damage_taken":[{"damage":0,"enemies":"Jaw Worm","floor":1,"turns":6},{"damage":0,"enemies":"Blue Slaver","floor":5,"turns":6},{"damage":0,"enemies":"Looter","floor":7,"turns":3},{"damage":4,"enemies":"Lagavulin","floor":10,"turns":6},{"damage":0,"enemies":"3 Louse","floor":11,"turns":4},{"damage":0,"enemies":"Exordium Thugs","floor":12,"turns":5},{"damage":17,"enemies":"3 Sentries","floor":13,"turns":7},{"damage":1,"enemies":"Exordium Wildlife","floor":14,"turns":6},{"damage":26,"enemies":"The Guardian","floor":16,"turns":12},{"damage":11,"enemies":"Spheric Guardian","floor":18,"turns":4},{"damage":52,"enemies":"Book of Stabbing","floor":23,"turns":5}],"event_choices":[{"event_name":"Accursed Blacksmith","player_choice":"Forge","floor":2,"damage_taken":0},{"event_name":"Scrap Ooze","player_choice":"success","floor":3,"damage_taken":18},{"event_name":"The Lab","player_choice":"Got Potions","floor":4,"damage_taken":0},{"event_name":"Vampires","player_choice":"Became a vampire","floor":20,"damage_taken":0},{"event_name":"Cursed Tome","player_choice":"Ignored","floor":21,"damage_taken":0}],"boss_relics":[{"not_picked":["The Specimen","Runic Dome"],"picked":"Cursed Key"}],"potions_floor_spawned":[5,11,12,16],"seed_played":"5355273137894709115","killed_by":"Book of Stabbing","is_trial":false}