{"path_per_floor":["M","M","M","?","?","R","$","M","T","R","M","T","R","M","R","B",null,"M","?","$","M","M","R","M"],"character_chosen":"THE_SILENT","items_purchased":["Poisoned Stab"],"gold_per_floor":[115,127,138,138,138,138,63,74,155,155,165,191,191,210,210,309,309,327,327,182,195,208,208,220],"floor_reached":25,"campfire_rested":0,"playtime":2038,"current_hp_per_floor":[70,69,69,62,67,67,67,67,67,67,67,67,67,67,67,29,75,63,63,63,58,56,56,19],"items_purged":["Strike_G","Injury"],"gold":220,"play_id":"8e82492c-96c5-41a7-b55f-4227bf006963","is_prod":false,"is_daily":false,"campfire_rituals":0,"campfire_upgraded":5,"is_hardmode":false,"path_taken":["M","M","M","?","?","R","$","M","T","R","M","?","R","M","R","BOSS","M","?","$","M","M","R","M","E"],"build_version":"2017-12-29-BETA1","purchased_purges":2,"victory":false,"master_deck":["Defend_G","Defend_G","Defend_G","Defend_G","Defend_G","Strike_G","Strike_G","Strike_G","Survivor","Neutralize","Die Die Die","Bane","Poisoned Stab","PiercingWail","Footwork","Die Die Die","Quick Slash","Poisoned Stab","Blur","Terror","Bane"],"max_hp_per_floor":[70,70,70,70,75,75,75,75,75,75,75,75,75,75,75,75,75,75,75,75,75,75,75,75],"relics":["Philosopher\u0027s Stone","Blue Candle","Lantern","Runic Pyramid"],"campfire_meditates":0,"card_choices":[{"not_picked":["Flying Knee","Bane"],"picked":"Die Die Die"},{"not_picked":["Noxious Fumes","Outmaneuver"],"picked":"Bane"},{"not_picked":["Distraction","Dagger Throw"],"picked":"Poisoned Stab"},{"not_picked":["Calculated Gamble","Bane"],"picked":"PiercingWail"},{"not_picked":["Setup","Doppelganger"],"picked":"Footwork"},{"not_picked":["Wraith Form","Unload"],"picked":"Die Die Die"},{"not_picked":["PiercingWail","Choke"],"picked":"Quick Slash"},{"not_picked":["Sucker Punch","Poisoned Stab"],"picked":"Blur"},{"not_picked":["PiercingWail","Slice"],"picked":"Terror"},{"not_picked":["Calculated Gamble","Choke"],"picked":"Bane"}],"player_experience":187463,"potions_floor_usage":[16,21,21,22],"damage_taken":[{"damage":0,"enemies":"2 Louse","floor":1,"turns":4},{"damage":1,"enemies":"Jaw Worm","floor":2,"turns":3},{"damage":0,"enemies":"Small Slimes","floor":3,"turns":2},{"damage":0,"enemies":"Looter","floor":8,"turns":2},{"damage":0,"enemies":"2 Fungi Beasts","floor":11,"turns":2},{"damage":0,"enemies":"Red Slaver","floor":14,"turns":3},{"damage":38,"enemies":"Slime Boss","floor":16,"turns":20},{"damage":12,"enemies":"Shell Parasite","floor":18,"turns":7},{"damage":14,"enemies":"Spheric Guardian","floor":21,"turns":6},{"damage":2,"enemies":"3 Cultists","floor":22,"turns":6},{"damage":37,"enemies":"Slaver and Parasite","floor":24,"turns":7},{"damage":33,"enemies":"Gremlin Leader","floor":25,"turns":11}],"event_choices":[{"event_name":"Golden Wing","player_choice":"Card Removal","floor":4,"damage_taken":0},{"event_name":"Big Fish","player_choice":"Donut","floor":5,"damage_taken":0},{"event_name":"Accursed Blacksmith","player_choice":"Forge","floor":19,"damage_taken":0}],"boss_relics":[{"not_picked":["Snecko Eye","Pandora\u0027s Box"],"picked":"Runic Pyramid"}],"potions_floor_spawned":[2,3,14,21],"seed_played":"2911068964425296111","killed_by":"Gremlin Leader","is_trial":false}