{"path_per_floor":["M","M","?","$","M","E","R","M","T","R","M","R","?","M","R","B",null,"M","?","M","T","?","E","M","R","T","?","M","R","$","M","R","B",null,"M","$","M","M","M","R","M","?","T","R"],"character_chosen":"THE_SILENT","items_purchased":["Bottled Tornado","Corpse Explosion","Footwork"],"gold_per_floor":[313,330,330,5,22,57,57,76,76,76,89,89,111,124,124,228,258,275,275,289,289,214,243,254,254,303,303,322,322,72,89,89,192,192,209,10,25,38,57,57,73,73,73,73],"floor_reached":45,"campfire_rested":3,"playtime":2838,"current_hp_per_floor":[66,64,57,57,57,40,40,33,33,33,31,31,28,28,49,41,88,83,83,72,72,72,63,52,52,52,52,40,40,40,28,69,43,88,74,74,59,56,39,39,2,2,2,43],"items_purged":["Strike_G","Decay","Strike_G"],"gold":73,"play_id":"441338f2-cd65-4e9a-8b72-9689f914db32","is_prod":false,"is_daily":false,"campfire_rituals":0,"campfire_upgraded":6,"is_hardmode":false,"path_taken":["M","?","?","$","M","E","R","M","T","R","M","R","?","M","R","BOSS","M","?","M","?","?","E","M","R","T","?","M","R","$","?","R","BOSS","M","$","M","M","M","R","M","?","T","R","E"],"build_version":"2018-01-02-BETA1","purchased_purges":4,"victory":false,"master_deck":["Defend_G","Defend_G","Defend_G","Defend_G","Defend_G","Strike_G","Survivor","Neutralize","Noxious Fumes","Flying Knee","Well Laid Plans","Sucker Punch","PiercingWail","Die Die Die","Quick Slash","Bane","Escape Plan","Corpse Explosion","Bane","Night Terror","Footwork","Poisoned Stab","Dodge and Roll","Bane"],"max_hp_per_floor":[70,70,70,70,70,70,70,70,70,70,70,70,70,70,70,70,88,88,88,88,88,88,88,88,88,88,88,88,88,88,88,88,88,88,88,88,88,88,88,88,88,88,88,88],"relics":["Ring of the Snake","Old Coin","Darkstone Periapt","Bottled Tornado","Snake Skull","Frozen Egg","Odd Mushroom","Calling Bell","Regal Pillow","Dodecahedron","Tiny Chest","Spirit Poop","Whetstone","Ancient Tea Set","Pen Nib","The Specimen"],"campfire_meditates":0,"card_choices":[{"not_picked":["Accuracy","Outmaneuver"],"picked":"Noxious Fumes"},{"not_picked":["Outmaneuver","Backflip"],"picked":"Flying Knee"},{"not_picked":["Crippling Poison","Slice"],"picked":"Well Laid Plans"},{"not_picked":["Finisher","Acrobatics"],"picked":"Sucker Punch"},{"not_picked":["Cloak And Dagger","Finisher"],"picked":"PiercingWail"},{"not_picked":["Phantasmal Killer","Tools of the Trade"],"picked":"Die Die Die"},{"not_picked":["Accuracy","Eviscerate"],"picked":"Quick Slash"},{"not_picked":["Acrobatics","Bouncing Flask"],"picked":"Bane"},{"not_picked":["Backstab","Acrobatics"],"picked":"Escape Plan"},{"not_picked":["Blade Dance","Heel Hook"],"picked":"Bane"},{"not_picked":["Glass Knife","Bullet Time"],"picked":"Night Terror"},{"not_picked":["Setup","Sucker Punch"],"picked":"Poisoned Stab"},{"not_picked":["Choke","Leg Sweep"],"picked":"Dodge and Roll"},{"not_picked":["Slice","Poisoned Stab"],"picked":"Bane"}],"player_experience":301097,"potions_floor_usage":[6,16,20,23,35],"damage_taken":[{"damage":4,"enemies":"Blue Slaver","floor":1,"turns":6},{"damage":2,"enemies":"Small Slimes","floor":2,"turns":4},{"damage":0,"enemies":"Jaw Worm","floor":5,"turns":4},{"damage":32,"enemies":"Lagavulin","floor":6,"turns":8},{"damage":7,"enemies":"Exordium Thugs","floor":8,"turns":5},{"damage":2,"enemies":"2 Fungi Beasts","floor":11,"turns":3},{"damage":3,"enemies":"The Mushroom Lair","floor":13,"turns":4},{"damage":0,"enemies":"Large Slime","floor":14,"turns":4},{"damage":8,"enemies":"Hexaghost","floor":16,"turns":10},{"damage":5,"enemies":"3 Byrds","floor":18,"turns":4},{"damage":11,"enemies":"Chosen","floor":20,"turns":5},{"damage":9,"enemies":"Gremlin Leader","floor":23,"turns":7},{"damage":11,"enemies":"Sentry and Sphere","floor":24,"turns":6},{"damage":12,"enemies":"Centurion and Healer","floor":28,"turns":5},{"damage":12,"enemies":"Snake Plant","floor":31,"turns":4},{"damage":26,"enemies":"Automaton","floor":33,"turns":10},{"damage":14,"enemies":"3 Darklings","floor":35,"turns":4},{"damage":15,"enemies":"3 Shapes","floor":37,"turns":6},{"damage":3,"enemies":"Maw","floor":38,"turns":8},{"damage":17,"enemies":"Sphere and 2 Shapes","floor":39,"turns":5},{"damage":37,"enemies":"3 Darklings","floor":41,"turns":5},{"damage":54,"enemies":"Nemesis","floor":45,"turns":9}],"event_choices":[{"event_name":"Scrap Ooze","player_choice":"success","floor":3,"damage_taken":7},{"event_name":"Mushrooms","player_choice":"Fought Mushrooms","floor":13,"damage_taken":0},{"event_name":"Bonfire Elementals","player_choice":"CURSE","floor":19,"damage_taken":0},{"event_name":"Beggar","player_choice":"Gave Gold","floor":22,"damage_taken":0},{"event_name":"Back to Basics","player_choice":"Elegance","floor":27,"damage_taken":0}],"boss_relics":[{"not_picked":["Cursed Key","Lizard Tail"],"picked":"Calling Bell"},{"not_picked":["White Beast Statue","Tiny House"],"picked":"The Specimen"}],"potions_floor_spawned":[1,2,14,16,23,24,28,31,33,38,41],"seed_played":"-7941879055846606912","killed_by":"Nemesis","is_trial":false}