{"path_per_floor":["M","?","?","M","M","R","$","E","T","M","?","M","$","?","R","B",null,"M","M","M","?","M","E","R","?","T","R","?","$","M","M","R"],"character_chosen":"THE_SILENT","items_purchased":["Footwork"],"gold_per_floor":[118,118,118,137,150,150,75,118,144,164,164,183,16,16,16,141,141,154,172,191,191,206,245,245,245,291,291,291,166,179,195,195],"floor_reached":33,"campfire_rested":3,"playtime":1703,"current_hp_per_floor":[70,67,67,64,64,64,64,64,64,57,62,58,58,58,58,20,72,72,72,71,71,39,7,28,28,33,54,54,54,50,29,50],"items_purged":["Strike_G","Strike_G","Strike_G"],"gold":195,"play_id":"e9e9bf09-6622-4df6-8b1b-0ba8ff7d1a81","is_prod":false,"is_daily":false,"campfire_rituals":0,"campfire_upgraded":2,"is_hardmode":false,"path_taken":["M","?","?","M","M","R","$","E","T","?","?","M","$","?","R","BOSS","M","M","M","?","M","E","R","?","T","R","?","$","M","?","R","BOSS"],"build_version":"2018-01-05-BETA1","purchased_purges":3,"victory":false,"master_deck":["Defend_G","Defend_G","Defend_G","Defend_G","Defend_G","Strike_G","Strike_G","Survivor","Neutralize","Poisoned Stab","Noxious Fumes","Catalyst","Bane","Dash","Leg Sweep","Quick Slash","Deadly Poison","Footwork","Bane","Backflip","Poisoned Stab"],"max_hp_per_floor":[70,67,67,67,67,67,67,67,67,67,72,72,72,72,72,72,72,72,72,72,72,72,72,72,72,72,72,72,72,72,72,72],"relics":["Orrery","Bloody Idol","Snake Skull","Black Star","Gremlin Horn","Shuriken","Dream Catcher"],"campfire_meditates":0,"card_choices":[{"not_picked":["Bane","Flying Knee"],"picked":"Poisoned Stab"},{"not_picked":["Endless Agony","Prepared"],"picked":"Noxious Fumes"},{"not_picked":["Concentrate","PiercingWail"],"picked":"Catalyst"},{"not_picked":["Backflip","Outmaneuver"],"picked":"Bane"},{"not_picked":["Finisher","Deflect"],"picked":"Dash"},{"not_picked":["Quick Slash","Outmaneuver"],"picked":"Leg Sweep"},{"not_picked":["Finisher","Expertise"],"picked":"Quick Slash"},{"not_picked":["Dagger Spray","Cloak And Dagger"],"picked":"Deadly Poison"},{"not_picked":["Underhanded Strike","Bouncing Flask"],"picked":"Bane"},{"not_picked":["Catalyst","Outmaneuver"],"picked":"Backflip"},{"not_picked":["Cloak And Dagger","Dagger Throw"],"picked":"Poisoned Stab"}],"player_experience":390139,"potions_floor_usage":[8,8,16,20,22,23],"damage_taken":[{"damage":0,"enemies":"Cultist","floor":1,"turns":4},{"damage":3,"enemies":"Small Slimes","floor":4,"turns":4},{"damage":0,"enemies":"Blue Slaver","floor":5,"turns":3},{"damage":0,"enemies":"Gremlin Nob","floor":8,"turns":4},{"damage":7,"enemies":"3 Louse","floor":10,"turns":3},{"damage":4,"enemies":"Gremlin Gang","floor":12,"turns":5},{"damage":38,"enemies":"The Guardian","floor":16,"turns":9},{"damage":0,"enemies":"Chosen","floor":18,"turns":6},{"damage":0,"enemies":"Spheric Guardian","floor":19,"turns":6},{"damage":1,"enemies":"Centurion and Healer","floor":20,"turns":7},{"damage":32,"enemies":"Snecko","floor":22,"turns":7},{"damage":32,"enemies":"Slavers","floor":23,"turns":8},{"damage":9,"enemies":"Snake Plant","floor":30,"turns":5},{"damage":26,"enemies":"3 Cultists","floor":31,"turns":8},{"damage":67,"enemies":"Champ","floor":33,"turns":12}],"event_choices":[{"event_name":"Golden Idol","player_choice":"Lose Max HP","floor":2,"damage_taken":0},{"event_name":"Transmorgrifier","player_choice":"Skipped","floor":3,"damage_taken":0},{"event_name":"Big Fish","player_choice":"Donut","floor":11,"damage_taken":0},{"event_name":"The Lab","player_choice":"Got Potions","floor":14,"damage_taken":0},{"event_name":"Drug Dealer","player_choice":"Ignored","floor":21,"damage_taken":0},{"event_name":"Forgotten Altar","player_choice":"Gave Idol","floor":25,"damage_taken":0},{"event_name":"Vampires","player_choice":"Ignored","floor":28,"damage_taken":0}],"boss_relics":[{"not_picked":["Lizard Tail","Question Card"],"picked":"Black Star"}],"potions_floor_spawned":[1,5,12,16,22,31],"seed_played":"-4515132924502500885","killed_by":"Champ","is_trial":false}