{"path_per_floor":["M","M","M","M","M","R","E","R","T","R","M","M","M","M","R","B",null,"M","?","$","M","$","R","M","M","T","?","R","M","R","M","R","B",null,"M","?","?","M","?","R","M","R","T","M","M","$","?","M","R","B"],"character_chosen":"THE_SILENT","items_purchased":["Blur"],"gold_per_floor":[11,31,49,62,72,72,99,99,151,151,164,180,197,216,216,312,312,312,262,187,187,87,87,87,87,87,87,87,87,87,87,87,87,87,87,87,87,87,87,87,87,87,87,87,87,52,52,52,52,52],"floor_reached":51,"campfire_rested":3,"playtime":3157,"current_hp_per_floor":[70,70,70,70,68,68,44,44,44,44,40,40,38,38,38,22,70,60,60,60,60,60,60,44,44,44,28,49,40,40,39,60,60,70,68,68,68,68,68,68,68,68,68,62,62,62,56,41,62,9],"items_purged":["Strike_G","Strike_G"],"gold":52,"play_id":"fd0bad65-af62-4e52-a34e-0557171fc36a","is_prod":false,"is_daily":false,"campfire_rituals":0,"campfire_upgraded":5,"is_hardmode":false,"path_taken":["M","M","M","M","?","R","E","R","T","R","M","M","M","M","R","BOSS","M","?","$","M","$","R","M","M","T","?","R","M","R","M","R","BOSS","M","?","?","M","?","R","M","R","T","M","?","$","?","M","R","BOSS"],"build_version":"2018-01-05-BETA1","purchased_purges":2,"victory":true,"master_deck":["Defend_G","Defend_G","Defend_G","Strike_G","Survivor","Neutralize","Dash","Noxious Fumes","Dagger Throw","Quick Slash","Adrenaline","Cloak And Dagger","Choke","Flying Knee","Blade Dance","Cloak And Dagger","Blur","Terror"],"max_hp_per_floor":[70,70,70,70,70,70,70,70,70,70,70,70,70,70,70,70,70,70,70,70,70,70,70,70,70,70,70,70,70,70,70,70,70,70,70,70,70,70,70,70,70,70,70,70,70,70,70,70,70,70],"relics":["Ring of the Snake","Sundial","Peace Pipe","Molten Egg","Ectoplasm","Orichalcum","Enchiridion","White Beast Statue","Happy Flower","Tingsha"],"campfire_meditates":0,"card_choices":[{"not_picked":["Cloak And Dagger","Bane"],"picked":"Blade Dance"},{"not_picked":["Choke","Poisoned Stab"],"picked":"Dash"},{"not_picked":["Deflect","Slice"],"picked":"Noxious Fumes"},{"not_picked":["All Out Attack","Dodge and Roll"],"picked":"Dagger Throw"},{"not_picked":["Dash","Malaise"],"picked":"Quick Slash"},{"not_picked":["Grand Finale","Bullet Time"],"picked":"Adrenaline"},{"not_picked":["Heel Hook","Poisoned Stab"],"picked":"Cloak And Dagger"},{"not_picked":["Deadly Poison","Sucker Punch"],"picked":"Choke"},{"not_picked":["Quick Slash","Dash"],"picked":"Flying Knee"},{"not_picked":["Sucker Punch","Bane"],"picked":"Blade Dance"},{"not_picked":["Prepared","Deflect"],"picked":"Cloak And Dagger"},{"not_picked":["Bouncing Flask","Masterful Stab"],"picked":"Terror"}],"player_experience":376446,"potions_floor_usage":[3,7,16,33,33,41,44,47,47,50,50,50],"damage_taken":[{"damage":0,"enemies":"Blue Slaver","floor":1,"turns":6},{"damage":0,"enemies":"2 Louse","floor":2,"turns":3},{"damage":0,"enemies":"Jaw Worm","floor":3,"turns":3},{"damage":0,"enemies":"Looter","floor":4,"turns":4},{"damage":2,"enemies":"3 Louse","floor":5,"turns":5},{"damage":24,"enemies":"Gremlin Nob","floor":7,"turns":5},{"damage":4,"enemies":"Lots of Slimes","floor":11,"turns":5},{"damage":0,"enemies":"Large Slime","floor":12,"turns":6},{"damage":2,"enemies":"Gremlin Gang","floor":13,"turns":4},{"damage":0,"enemies":"2 Fungi Beasts","floor":14,"turns":3},{"damage":31,"enemies":"The Guardian","floor":16,"turns":9},{"damage":10,"enemies":"Spheric Guardian","floor":18,"turns":3},{"damage":0,"enemies":"Chosen","floor":21,"turns":4},{"damage":16,"enemies":"Sentry and Sphere","floor":24,"turns":6},{"damage":0,"enemies":"Chosen and Byrds","floor":25,"turns":5},{"damage":9,"enemies":"Snake Plant","floor":29,"turns":5},{"damage":1,"enemies":"Centurion and Healer","floor":31,"turns":5},{"damage":0,"enemies":"Collector","floor":33,"turns":10},{"damage":2,"enemies":"3 Shapes","floor":35,"turns":6},{"damage":0,"enemies":"3 Darklings","floor":38,"turns":4},{"damage":0,"enemies":"Flame Bruiser 2 Orb","floor":41,"turns":5},{"damage":6,"enemies":"4 Shapes","floor":44,"turns":8},{"damage":0,"enemies":"3 Darklings","floor":45,"turns":3},{"damage":6,"enemies":"Mysterious Sphere","floor":47,"turns":5},{"damage":15,"enemies":"Flame Bruiser 2 Orb","floor":48,"turns":4},{"damage":53,"enemies":"Awakened One","floor":50,"turns":11}],"event_choices":[{"event_name":"The Joust","player_choice":"Bet on Murderer","floor":19,"damage_taken":0},{"event_name":"Cursed Tome","player_choice":"Obtained Book","floor":27,"damage_taken":0},{"event_name":"Bonfire Elementals","player_choice":"SKILL","floor":37,"damage_taken":0},{"event_name":"Upgrade Shrine","player_choice":"Upgraded","floor":39,"damage_taken":0},{"event_name":"Mysterious Sphere","player_choice":"Fight","floor":47,"damage_taken":0}],"boss_relics":[{"not_picked":["Lizard Tail","Question Card"],"picked":"Ectoplasm"},{"not_picked":["Eternal Feather","Tiny House"],"picked":"White Beast Statue"}],"potions_floor_spawned":[2,3,11,13,14,16,18,21,25,31,35,38,41,44,45,47,48],"seed_played":"7226032862770111494","is_trial":false}