{"path_per_floor":["M","$","?","M","?","R","M","M","T","$","R","E","M","M","R","B",null,"M","M","?","$","?","R","M","R","T","R","M","?","R","M","R"],"character_chosen":"THE_SILENT","items_purchased":["Reflex"],"gold_per_floor":[115,40,40,60,60,60,76,89,89,13,13,43,61,76,76,174,174,184,196,196,96,96,96,115,115,191,191,203,128,128,145,145],"floor_reached":33,"campfire_rested":1,"playtime":2200,"current_hp_per_floor":[70,70,63,63,60,60,60,57,57,57,57,22,22,22,43,2,70,69,43,43,43,43,43,42,42,42,42,44,44,44,40,40],"items_purged":["Defend_G","Strike_G"],"gold":145,"play_id":"104dcffe-e442-4372-bb7c-cdc13aefcd0d","is_prod":false,"is_daily":false,"campfire_rituals":0,"campfire_upgraded":7,"is_hardmode":false,"path_taken":["M","$","?","?","?","R","M","?","T","$","R","E","M","M","R","BOSS","M","M","?","?","?","R","M","R","T","R","?","?","R","M","R","BOSS"],"build_version":"2018-01-02-BETA1","purchased_purges":2,"victory":false,"master_deck":["Defend_G","Defend_G","Defend_G","Strike_G","Strike_G","Survivor","Neutralize","Slice","Escape Plan","Reflex","Dagger Throw","Concentrate","Prepared","Slice","Deflect"],"max_hp_per_floor":[70,70,70,70,70,70,70,70,70,70,70,70,70,70,70,70,70,70,70,70,70,70,70,70,70,70,70,70,70,70,70,70],"relics":["Ring of the Snake","Gremlin Horn","Calipers","Bronze Scales","Question Card","Dodecahedron"],"campfire_meditates":0,"card_choices":[{"not_picked":["After Image","Dagger Spray"],"picked":"Slice"},{"not_picked":["Leg Sweep","Cloak And Dagger"],"picked":"Escape Plan"},{"not_picked":["Backflip","Acrobatics"],"picked":"Dagger Throw"},{"not_picked":["Deadly Poison","Outmaneuver"],"picked":"Concentrate"},{"not_picked":["Eviscerate","Leg Sweep","Poisoned Stab"],"picked":"Prepared"},{"not_picked":["Outmaneuver","Infinite Blades","Deadly Poison"],"picked":"Slice"},{"not_picked":["Poisoned Stab","Accuracy","Dodge and Roll"],"picked":"Deflect"}],"player_experience":303935,"potions_floor_usage":[13,16,16,28,33,33],"damage_taken":[{"damage":0,"enemies":"Blue Slaver","floor":1,"turns":6},{"damage":0,"enemies":"Jaw Worm","floor":4,"turns":5},{"damage":0,"enemies":"Small Slimes","floor":7,"turns":3},{"damage":3,"enemies":"Red Slaver","floor":8,"turns":5},{"damage":35,"enemies":"Lagavulin","floor":12,"turns":11},{"damage":0,"enemies":"Exordium Thugs","floor":13,"turns":4},{"damage":0,"enemies":"2 Fungi Beasts","floor":14,"turns":2},{"damage":41,"enemies":"Hexaghost","floor":16,"turns":11},{"damage":1,"enemies":"3 Byrds","floor":18,"turns":4},{"damage":26,"enemies":"Spheric Guardian","floor":19,"turns":6},{"damage":1,"enemies":"Centurion and Healer","floor":24,"turns":9},{"damage":10,"enemies":"3 Cultists","floor":28,"turns":6},{"damage":4,"enemies":"Snake Plant","floor":31,"turns":5},{"damage":58,"enemies":"Champ","floor":33,"turns":19}],"event_choices":[{"event_name":"Golden Wing","player_choice":"Card Removal","floor":3,"damage_taken":0},{"event_name":"Scrap Ooze","player_choice":"success","floor":5,"damage_taken":3},{"event_name":"Match and Keep!","player_choice":"0 cards matched","floor":20,"damage_taken":0},{"event_name":"Drug Dealer","player_choice":"Ignored","floor":22,"damage_taken":0},{"event_name":"Beggar","player_choice":"Gave Gold","floor":29,"damage_taken":0}],"boss_relics":[{"not_picked":["Philosopher\u0027s Stone","White Beast Statue"],"picked":"Question Card"}],"potions_floor_spawned":[7,13,14,24,28,31],"seed_played":"-763707027693685949","killed_by":"Champ","is_trial":false}