{"path_per_floor":["M","$","?","M","?","E","M","M","T","M","M","R","M","M","R","B",null,"M","?","M","?","$","E","R","$","T","M","E","R","E","$","R"],"character_chosen":"THE_SILENT","items_purchased":["Backflip","Acrobatics","Dagger Throw"],"gold_per_floor":[115,16,16,28,28,57,77,91,91,111,123,123,93,111,111,206,206,226,141,152,152,100,134,134,34,34,53,86,86,118,68,68],"floor_reached":33,"campfire_rested":0,"playtime":2733,"current_hp_per_floor":[70,70,70,70,63,63,55,45,45,42,41,41,41,27,27,18,70,68,68,70,49,49,49,49,49,49,49,49,49,41,41,41],"items_purged":["Defend_G","Defend_G"],"gold":68,"play_id":"fe8c76d3-ee75-4777-9686-334a2b83db91","is_prod":false,"is_daily":false,"campfire_rituals":0,"campfire_upgraded":4,"is_hardmode":false,"path_taken":["M","$","?","M","?","E","M","M","T","M","M","R","M","M","R","BOSS","M","?","M","?","$","E","R","$","T","M","E","R","E","?","R","BOSS"],"build_version":"2018-01-12-BETA1","purchased_purges":2,"victory":false,"master_deck":["Defend_G","Defend_G","Defend_G","Survivor","Neutralize","Backflip","Sucker Punch","Malaise","Outmaneuver","Leg Sweep","Cloak And Dagger","Quick Slash","Flying Knee","Tactician","Dodge and Roll","Flying Knee","Bite_G","Bite_G","Bite_G","Bite_G","Bite_G","Acrobatics","Reflex","Concentrate","Acrobatics","Dagger Throw"],"max_hp_per_floor":[70,70,70,70,70,70,70,70,70,70,70,70,70,70,70,70,70,70,70,70,49,49,49,49,49,49,49,49,49,49,49,49],"relics":["Ring of the Snake","NeowsBlessing","Tingsha","Bird Faced Urn","Runic Dome","Toolbox","Bottled Lightning","Shovel","Mummified Hand","Omamori","Gremlin Horn"],"campfire_meditates":0,"card_choices":[{"not_picked":["Bane","Underhanded Strike"],"picked":"Sucker Punch"},{"not_picked":["Sucker Punch","Endless Agony"],"picked":"Malaise"},{"not_picked":["Backstab","Night Terror"],"picked":"Outmaneuver"},{"not_picked":["Deadly Poison","Poisoned Stab"],"picked":"Leg Sweep"},{"not_picked":["Outmaneuver","Slice"],"picked":"Cloak And Dagger"},{"not_picked":["Cloak And Dagger","Infinite Blades"],"picked":"Quick Slash"},{"not_picked":["Backflip","Prepared"],"picked":"Flying Knee"},{"not_picked":["Die Die Die","Glass Knife"],"picked":"Tactician"},{"not_picked":["Eviscerate","Malaise"],"picked":"Dodge and Roll"},{"not_picked":["Poisoned Stab","Deadly Poison"],"picked":"Flying Knee"},{"not_picked":["Underhanded Strike","Prepared"],"picked":"Reflex"},{"not_picked":["Deadly Poison","Underhanded Strike"],"picked":"Concentrate"},{"not_picked":["Backflip","Deadly Poison"],"picked":"Acrobatics"}],"player_experience":163383,"potions_floor_usage":[11,23,23,23,30],"damage_taken":[{"damage":0,"enemies":"Jaw Worm","floor":1,"turns":1},{"damage":0,"enemies":"Cultist","floor":4,"turns":1},{"damage":0,"enemies":"Gremlin Nob","floor":6,"turns":1},{"damage":8,"enemies":"Blue Slaver","floor":7,"turns":5},{"damage":10,"enemies":"Exordium Wildlife","floor":8,"turns":7},{"damage":3,"enemies":"Large Slime","floor":10,"turns":10},{"damage":1,"enemies":"3 Louse","floor":11,"turns":5},{"damage":0,"enemies":"Looter","floor":13,"turns":4},{"damage":14,"enemies":"Large Slime","floor":14,"turns":9},{"damage":9,"enemies":"The Guardian","floor":16,"turns":15},{"damage":2,"enemies":"Shell Parasite","floor":18,"turns":11},{"damage":0,"enemies":"3 Byrds","floor":20,"turns":8},{"damage":5,"enemies":"Slavers","floor":23,"turns":6},{"damage":2,"enemies":"Snake Plant","floor":27,"turns":8},{"damage":6,"enemies":"Book of Stabbing","floor":28,"turns":9},{"damage":20,"enemies":"Slavers","floor":30,"turns":8},{"damage":60,"enemies":"Collector","floor":33,"turns":6}],"event_choices":[{"event_name":"Wheel of Change","player_choice":"Full Heal","floor":3,"damage_taken":0},{"event_name":"Golden Wing","player_choice":"Card Removal","floor":5,"damage_taken":0},{"event_name":"Addict","player_choice":"Obtained Relic","floor":19,"damage_taken":0},{"event_name":"Vampires","player_choice":"Became a vampire","floor":21,"damage_taken":0}],"boss_relics":[{"not_picked":["Philosopher\u0027s Stone","Velvet Choker"],"picked":"Runic Dome"}],"potions_floor_spawned":[1,6,11,14,16,18,23],"seed_played":"-9024925836741280909","killed_by":"Collector","is_trial":false}