{"path_per_floor":["M","M","M","M","M","R","M","M","T","$","E","M","?","M","R","B",null,"M","?","$","M","$","?","R","?","T","?","M","$","M","M","R","B",null,"M","?","$","M","?","R","T","M","T","R","M","?","?","?","R","B"],"character_chosen":"THE_SILENT","items_purchased":["Torii"],"gold_per_floor":[13,26,40,55,70,70,80,93,116,41,68,84,143,163,163,268,268,288,288,188,200,75,75,75,75,75,75,92,92,107,118,118,220,220,237,287,2,12,12,12,37,52,52,52,66,0,0,0,0,0],"floor_reached":51,"campfire_rested":1,"playtime":3340,"current_hp_per_floor":[70,70,70,67,67,67,65,65,65,65,62,62,56,56,56,40,77,77,77,77,74,74,74,74,74,74,74,63,63,63,60,60,49,77,67,32,32,31,21,59,59,59,59,59,59,59,59,59,59,52],"items_purged":["Strike_G","Strike_G","Strike_G"],"gold":0,"play_id":"95822b82-5236-4e3c-b77e-987a3f761c01","is_prod":false,"is_daily":false,"campfire_rituals":0,"campfire_upgraded":4,"is_hardmode":false,"path_taken":["M","M","M","M","M","R","M","M","T","$","E","M","?","M","R","BOSS","M","?","$","?","$","?","R","?","T","?","M","$","?","M","R","BOSS","M","?","$","M","?","R","?","M","T","R","M","?","?","?","R","BOSS"],"build_version":"2018-01-08-BETA1","purchased_purges":3,"victory":true,"master_deck":["Defend_G","Defend_G","Strike_G","Survivor","Neutralize","Leg Sweep","Dagger Throw","Footwork","Choke","Outmaneuver","Flying Knee","Dagger Spray","Malaise","After Image","Terror","Escape Plan","Quick Slash","Dagger Throw","Adrenaline","Backflip","Escape Plan","Madness","Madness","Quick Slash"],"max_hp_per_floor":[70,70,70,70,70,70,70,70,70,70,77,77,77,77,77,77,77,77,77,77,77,77,77,77,77,77,77,77,77,77,77,77,77,77,77,77,77,77,77,77,77,77,77,77,77,77,77,77,77,77],"relics":["Ring of the Snake","Regal Pillow","Strawberry","Matryoshka","Philosopher\u0027s Stone","Toxic Egg","Shovel","Ice Cream","Sozu","Peace Pipe","Torii","The Courier","Whetstone","Juzu Bracelet","Red Mask"],"campfire_meditates":0,"card_choices":[{"not_picked":["Sucker Punch","Terror"],"picked":"Leg Sweep"},{"not_picked":["Sucker Punch","Prepared"],"picked":"Dagger Throw"},{"not_picked":["Catalyst","Underhanded Strike"],"picked":"Footwork"},{"not_picked":["Backflip","Caltrops"],"picked":"Choke"},{"not_picked":["Quick Slash","Corpse Explosion"],"picked":"Outmaneuver"},{"not_picked":["Bullet Time","Tactician"],"picked":"Flying Knee"},{"not_picked":["Prepared","Cloak And Dagger"],"picked":"Dagger Spray"},{"not_picked":["Slice","Cloak And Dagger"],"picked":"Malaise"},{"not_picked":["Phantasmal Killer","Unload"],"picked":"After Image"},{"not_picked":["Dodge and Roll","Endless Agony"],"picked":"Terror"},{"not_picked":["Reflex","Bane"],"picked":"Escape Plan"},{"not_picked":["Dagger Spray","Outmaneuver"],"picked":"Dagger Throw"},{"not_picked":["Envenom","Doppelganger"],"picked":"Adrenaline"},{"not_picked":["Dodge and Roll","PiercingWail"],"picked":"Backflip"},{"not_picked":["Quick Slash","Noxious Fumes"],"picked":"Escape Plan"},{"not_picked":["Slice","Glass Knife"],"picked":"Quick Slash"}],"player_experience":124047,"potions_floor_usage":[13,13,28,28,31],"damage_taken":[{"damage":0,"enemies":"Blue Slaver","floor":1,"turns":5},{"damage":0,"enemies":"Small Slimes","floor":2,"turns":4},{"damage":0,"enemies":"Jaw Worm","floor":3,"turns":4},{"damage":3,"enemies":"2 Fungi Beasts","floor":4,"turns":5},{"damage":0,"enemies":"Exordium Wildlife","floor":5,"turns":3},{"damage":2,"enemies":"Red Slaver","floor":7,"turns":5},{"damage":0,"enemies":"2 Fungi Beasts","floor":8,"turns":4},{"damage":10,"enemies":"Lagavulin","floor":11,"turns":10},{"damage":0,"enemies":"Large Slime","floor":12,"turns":5},{"damage":6,"enemies":"Gremlin Nob","floor":13,"turns":3},{"damage":0,"enemies":"Looter","floor":14,"turns":3},{"damage":16,"enemies":"The Guardian","floor":16,"turns":16},{"damage":0,"enemies":"3 Byrds","floor":18,"turns":5},{"damage":3,"enemies":"Shell Parasite","floor":21,"turns":5},{"damage":11,"enemies":"Chosen and Byrds","floor":28,"turns":5},{"damage":0,"enemies":"Centurion and Healer","floor":30,"turns":8},{"damage":3,"enemies":"Slaver and Parasite","floor":31,"turns":6},{"damage":11,"enemies":"Champ","floor":33,"turns":12},{"damage":10,"enemies":"3 Darklings","floor":35,"turns":8},{"damage":35,"enemies":"Mysterious Sphere","floor":36,"turns":10},{"damage":1,"enemies":"Flame Bruiser 1 Orb","floor":38,"turns":5},{"damage":0,"enemies":"Maw","floor":42,"turns":6},{"damage":0,"enemies":"3 Darklings","floor":45,"turns":4},{"damage":7,"enemies":"Time Eater","floor":50,"turns":15}],"event_choices":[{"event_name":"Dead Adventurer","player_choice":"Searched \u00271\u0027 times","floor":13,"damage_taken":0},{"event_name":"The Mausoleum","player_choice":"No","floor":19,"damage_taken":0},{"event_name":"The Library","player_choice":"Read","floor":23,"damage_taken":0},{"event_name":"Back to Basics","player_choice":"Elegance","floor":25,"damage_taken":0},{"event_name":"Vampires","player_choice":"Ignored","floor":27,"damage_taken":0},{"event_name":"Mysterious Sphere","player_choice":"Fight","floor":36,"damage_taken":0},{"event_name":"Winding Halls","player_choice":"Embrace Madness","floor":39,"damage_taken":0},{"event_name":"Tomb of Lord Red Mask","player_choice":"Paid","floor":46,"damage_taken":0},{"event_name":"Accursed Blacksmith","player_choice":"Forge","floor":48,"damage_taken":0}],"boss_relics":[{"not_picked":["Velvet Choker","Astrolabe"],"picked":"Philosopher\u0027s Stone"},{"not_picked":["Question Card","Orrery"],"picked":"Sozu"}],"potions_floor_spawned":[1,4,5,12,13,16,18,28,36,42],"seed_played":"5206571815471472758","is_trial":false}