{"path_per_floor":["M","$","M","M","M","R","?","R","T","R","M","R","?","?","R","B",null,"M","M","M","?","M","E","?","M","T","$","R","E","$","M","R","B",null,"M","?","M","M","?","R","M","M","T","?","T","$","R","M","R","B"],"character_chosen":"THE_SILENT","items_purchased":["Dagger Throw","Vajra","Predator","Bandage Up"],"gold_per_floor":[212,112,127,144,162,162,112,112,135,135,149,149,149,212,212,312,312,332,342,358,408,425,460,460,473,473,154,154,183,58,71,71,170,170,180,225,236,253,253,253,267,281,281,281,281,26,26,41,41,41],"floor_reached":51,"campfire_rested":2,"playtime":3123,"current_hp_per_floor":[59,59,58,57,57,57,57,57,57,57,57,57,57,47,47,14,70,70,62,62,62,62,32,32,26,26,26,47,47,47,47,47,33,70,67,48,41,39,39,39,39,32,32,32,32,32,32,36,57,8],"items_purged":["Strike_G","Injury","Strike_G","Defend_G"],"gold":41,"play_id":"48e5723c-e2d5-4c2b-bfab-0d37900ca26e","is_prod":false,"is_daily":false,"campfire_rituals":0,"campfire_upgraded":8,"is_hardmode":false,"path_taken":["M","$","M","M","M","R","?","R","T","R","M","R","?","?","R","BOSS","M","M","M","?","M","E","?","?","T","$","R","E","$","M","R","BOSS","M","?","?","M","?","R","M","M","T","?","?","$","R","M","R","BOSS"],"build_version":"2018-01-12-BETA1","purchased_purges":4,"victory":true,"master_deck":["Defend_G","Defend_G","Defend_G","Strike_G","Strike_G","Survivor","Neutralize","Dagger Throw","Dash","Dagger Throw","Adrenaline","Leg Sweep","Quick Slash","Predator","Wraith Form","Acrobatics","Blur","Blur","Malaise","Bandage Up"],"max_hp_per_floor":[70,70,70,70,70,70,70,70,70,70,70,70,70,70,70,70,70,70,70,70,70,70,70,70,70,70,70,70,70,70,70,70,70,70,70,70,70,70,70,70,70,70,70,70,70,70,70,70,70,70],"relics":["Ring of the Snake","Ancient Tea Set","Mercury Hourglass","Cursed Key","Art of War","Vajra","Toolbox","Runic Dome","Du-Vu Doll"],"campfire_meditates":0,"card_choices":[{"not_picked":["Underhanded Strike","Tools of the Trade"],"picked":"Dash"},{"not_picked":["Infinite Blades","Distraction"],"picked":"Dagger Throw"},{"not_picked":["Tools of the Trade","Storm of Steel"],"picked":"Adrenaline"},{"not_picked":["Sucker Punch","Dodge and Roll"],"picked":"Leg Sweep"},{"not_picked":["Deflect","Reflex"],"picked":"Flying Knee"},{"not_picked":["Dodge and Roll","Skewer"],"picked":"Quick Slash"},{"not_picked":["Venomology","Grand Finale"],"picked":"Wraith Form"},{"not_picked":["Slice","Flechettes"],"picked":"Acrobatics"},{"not_picked":["Bane","Slice"],"picked":"Blur"},{"not_picked":["Underhanded Strike","Calculated Gamble"],"picked":"Blur"},{"not_picked":["Flying Knee","Underhanded Strike"],"picked":"Malaise"}],"player_experience":159254,"potions_floor_usage":[23,23,33,36,50,50],"damage_taken":[{"damage":11.0,"enemies":"2 Louse","floor":1.0,"turns":3.0},{"damage":1.0,"enemies":"Jaw Worm","floor":3.0,"turns":5.0},{"damage":1.0,"enemies":"Cultist","floor":4.0,"turns":4.0},{"damage":0.0,"enemies":"Looter","floor":5.0,"turns":3.0},{"damage":0.0,"enemies":"Large Slime","floor":11.0,"turns":4.0},{"damage":10.0,"enemies":"Gremlin Nob","floor":14.0,"turns":3.0},{"damage":33.0,"enemies":"Hexaghost","floor":16.0,"turns":10.0},{"damage":0,"enemies":"Shell Parasite","floor":18,"turns":4},{"damage":8,"enemies":"Spheric Guardian","floor":19,"turns":4},{"damage":0,"enemies":"Slaver and Parasite","floor":20,"turns":6},{"damage":0,"enemies":"Centurion and Healer","floor":22,"turns":6},{"damage":30,"enemies":"Gremlin Leader","floor":23,"turns":11},{"damage":6,"enemies":"Snecko","floor":25,"turns":5},{"damage":0,"enemies":"Slavers","floor":29,"turns":5},{"damage":0,"enemies":"Snake Plant","floor":31,"turns":3},{"damage":18,"enemies":"Collector","floor":33,"turns":12},{"damage":3,"enemies":"3 Shapes","floor":35,"turns":4},{"damage":19,"enemies":"Mysterious Sphere","floor":36,"turns":5},{"damage":7,"enemies":"3 Darklings","floor":37,"turns":3},{"damage":2,"enemies":"Spire Growth","floor":38,"turns":4},{"damage":0,"enemies":"Maw","floor":41,"turns":7},{"damage":7,"enemies":"Sphere and 2 Shapes","floor":42,"turns":5},{"damage":0,"enemies":"3 Darklings","floor":48,"turns":4},{"damage":53,"enemies":"Time Eater","floor":50,"turns":13}],"event_choices":[{"event_name":"The Cleric","player_choice":"Card Removal","floor":7.0,"damage_taken":0.0},{"event_name":"Living Wall","player_choice":"Forget","floor":13.0,"damage_taken":0.0},{"event_name":"Dead Adventurer","player_choice":"Searched \u00273\u0027 times","floor":14.0,"damage_taken":0.0},{"event_name":"The Joust","player_choice":"Bet on Murderer","floor":21,"damage_taken":0},{"event_name":"Accursed Blacksmith","player_choice":"Forge","floor":24,"damage_taken":0},{"event_name":"Mysterious Sphere","player_choice":"Fight","floor":36,"damage_taken":0},{"event_name":"Fountain of Cleansing","player_choice":"Removed Curse","floor":39,"damage_taken":0}],"boss_relics":[{"not_picked":["White Beast Statue","Tiny House"],"picked":"Cursed Key"},{"not_picked":["Snecko Eye","Pandora\u0027s Box"],"picked":"Runic Dome"}],"potions_floor_spawned":[1,4,14,16,22,23,33,37,38,42,48],"seed_played":"-46127114747320992","is_trial":false}