{"path_per_floor":["M","M","M","M","$","R","E","M","T","R","?","E","?","$","R","B",null,"M","M","?","M","?","R","M","R","T","E","R","M","$","M","R","B",null,"M","$","?","M","M","R","M","M","T","?","?","M","$","M","R","B"],"character_chosen":"THE_SILENT","items_purchased":["Dagger Throw","Pantograph","Terror","Quick Slash","Paper Crane"],"gold_per_floor":[118,128,138,148,50,50,77,93,93,93,93,429,429,3,3,133,133,149,173,173,193,193,193,211,211,261,300,300,321,143,161,161,280,280,299,57,57,82,98,98,121,145,145,145,478,488,338,352,352,352],"floor_reached":51,"campfire_rested":1,"playtime":3279,"current_hp_per_floor":[66,66,65,62,62,62,51,47,47,47,47,29,16,16,16,33,65,65,65,65,65,65,65,65,65,72,72,72,72,72,72,72,68,72,72,72,72,72,72,72,72,71,71,71,71,71,71,71,72,72],"items_purged":["Strike_G","Strike_G","Defend_G","Defend_G"],"gold":352,"play_id":"3deb5081-de6f-4f9b-b5cf-425531009610","is_prod":false,"is_daily":false,"campfire_rituals":0,"campfire_upgraded":8,"is_hardmode":false,"path_taken":["M","M","M","M","$","R","E","M","T","R","?","E","?","$","R","BOSS","M","M","?","M","?","R","M","R","T","E","R","?","$","M","R","BOSS","M","$","?","M","M","R","M","M","T","?","?","M","$","M","R","BOSS"],"build_version":"2018-01-11-BETA2","purchased_purges":5,"victory":true,"master_deck":["Defend_G","Defend_G","Defend_G","Strike_G","Strike_G","Neutralize","Dagger Spray","Leg Sweep","Dagger Throw","Adrenaline","Die Die Die","Terror","Bullet Time","Quick Slash","Outmaneuver","Quick Slash","Adrenaline","Acrobatics","Backflip"],"max_hp_per_floor":[70,70,70,70,70,70,70,70,70,70,65,65,65,65,65,65,65,65,65,65,65,65,65,65,65,72,72,72,72,72,72,72,72,72,72,72,72,72,72,72,72,72,72,72,72,72,72,72,72,72],"relics":["Ring of the Snake","Calipers","Dead Branch","Old Coin","Pantograph","Runic Dome","Strawberry","Thread and Needle","White Beast Statue","Paper Crane","Unceasing Top"],"campfire_meditates":0,"card_choices":[{"not_picked":["Prepared","Deflect"],"picked":"Dagger Spray"},{"not_picked":["Cloak And Dagger","All Out Attack"],"picked":"Leg Sweep"},{"not_picked":["Riddle With Holes","Deadly Poison"],"picked":"Adrenaline"},{"not_picked":["Leg Sweep","Noxious Fumes"],"picked":"Die Die Die"},{"not_picked":["Wraith Form","Venomology"],"picked":"Bullet Time"},{"not_picked":["Expertise","Slice"],"picked":"Quick Slash"},{"not_picked":["Dagger Spray","Quick Slash"],"picked":"Outmaneuver"},{"not_picked":["Skewer","PiercingWail"],"picked":"Adrenaline"},{"not_picked":["Flying Knee","Outmaneuver"],"picked":"Acrobatics"},{"not_picked":["Slice","Prepared"],"picked":"Backflip"}],"player_experience":155975,"potions_floor_usage":[7,7,12,27,27,38,39,41,41,50],"damage_taken":[{"damage":4,"enemies":"Cultist","floor":1,"turns":6},{"damage":0,"enemies":"Small Slimes","floor":2,"turns":4},{"damage":1,"enemies":"2 Louse","floor":3,"turns":2},{"damage":3,"enemies":"Large Slime","floor":4,"turns":9},{"damage":11,"enemies":"3 Sentries","floor":7,"turns":6},{"damage":4,"enemies":"Looter","floor":8,"turns":4},{"damage":18,"enemies":"Lagavulin","floor":12,"turns":8},{"damage":8,"enemies":"Hexaghost","floor":16,"turns":9},{"damage":0,"enemies":"Chosen","floor":18,"turns":5},{"damage":0,"enemies":"Shell Parasite","floor":19,"turns":6},{"damage":0,"enemies":"Snake Plant","floor":21,"turns":3},{"damage":0,"enemies":"Centurion and Healer","floor":24,"turns":2},{"damage":0,"enemies":"Slavers","floor":27,"turns":4},{"damage":0,"enemies":"3 Cultists","floor":29,"turns":4},{"damage":0,"enemies":"Sentry and Sphere","floor":31,"turns":4},{"damage":4,"enemies":"Collector","floor":33,"turns":7},{"damage":0,"enemies":"Orb Walker","floor":35,"turns":2},{"damage":0,"enemies":"3 Darklings","floor":38,"turns":2},{"damage":0,"enemies":"Flame Bruiser 2 Orb","floor":39,"turns":2},{"damage":0,"enemies":"4 Shapes","floor":41,"turns":4},{"damage":1,"enemies":"3 Darklings","floor":42,"turns":3},{"damage":0,"enemies":"Maw","floor":46,"turns":5},{"damage":0,"enemies":"Spire Growth","floor":48,"turns":2},{"damage":0,"enemies":"Awakened One","floor":50,"turns":15}],"event_choices":[{"event_name":"Golden Idol","player_choice":"Lose Max HP","floor":11,"damage_taken":0},{"event_name":"Shining Light","player_choice":"Entered Light","floor":13,"damage_taken":0},{"event_name":"Vampires","player_choice":"Ignored","floor":20,"damage_taken":0},{"event_name":"Back to Basics","player_choice":"Elegance","floor":22,"damage_taken":0},{"event_name":"Tomb of Lord Red Mask","player_choice":"Ignored","floor":44,"damage_taken":0},{"event_name":"The Moai Head","player_choice":"Gave Idol","floor":45,"damage_taken":0}],"boss_relics":[{"not_picked":["Black Star","Calling Bell"],"picked":"Runic Dome"},{"not_picked":["Eternal Feather","Snecko Eye"],"picked":"White Beast Statue"}],"potions_floor_spawned":[4,12,16,19,29,33,35,38,39,41,42,46,48],"seed_played":"3058332354953911883","is_trial":false}