{"path_per_floor":["M","M","M","?","$","R","M","?","T","M","R","M","R","M","R","B",null,"M","M","$","?","$","R","E","$","T","?","M","M","?","?","R","B",null,"M","M","?","M","M","?","R","?","T","M","R","$","$","M","R","B"],"character_chosen":"THE_SILENT","items_purchased":["Quick Slash","Blade Dance","After Image"],"gold_per_floor":[112,122,136,136,35,35,46,46,46,59,59,73,73,93,93,194,194,209,227,177,177,54,54,79,29,29,29,49,67,67,67,67,164,164,184,194,239,250,260,260,260,260,283,298,298,248,61,77,77,77],"floor_reached":51,"campfire_rested":2,"playtime":3896,"current_hp_per_floor":[58,58,58,46,46,46,44,44,44,30,30,30,30,30,30,18,63,60,60,60,60,60,60,29,29,29,29,26,26,26,26,44,21,63,63,63,52,55,35,35,35,35,35,34,34,34,34,34,52,31],"items_purged":["Defend_G","Strike_G","Strike_G","Strike_G","Strike_G","Storm of Steel"],"gold":77,"play_id":"60094836-3ee7-4149-a0c0-2ae0ea91dc62","is_prod":false,"is_daily":false,"campfire_rituals":0,"campfire_upgraded":7,"is_hardmode":false,"path_taken":["M","M","M","?","$","R","M","?","T","M","R","M","R","M","R","BOSS","M","M","$","?","$","R","E","$","T","?","M","?","?","?","R","BOSS","M","M","?","M","M","?","R","?","T","M","R","?","$","?","R","BOSS"],"build_version":"2018-01-11-BETA2","purchased_purges":6,"victory":true,"master_deck":["Defend_G","Defend_G","Survivor","Neutralize","Cloak And Dagger","Noxious Fumes","Quick Slash","Accuracy","Leg Sweep","Blur","Well Laid Plans","Blade Dance","Backflip","Heel Hook","Bullet Time","Crippling Poison","Poisoned Stab","Infinite Blades","Footwork","After Image","Choke"],"max_hp_per_floor":[63,63,63,63,63,63,63,63,63,63,63,63,63,63,63,63,63,63,63,63,63,63,63,63,63,63,63,63,63,63,63,63,63,63,63,63,63,63,63,63,63,63,63,63,63,63,63,63,63,63],"relics":["Ring of the Snake","Smiling Mask","The Specimen","Paper Crane","Du-Vu Doll","Philosopher\u0027s Stone","Ice Cream","Bag of Preparation"],"campfire_meditates":0,"card_choices":[{"not_picked":["Caltrops","Slice"],"picked":"Cloak And Dagger"},{"not_picked":["Bane","Masterful Stab"],"picked":"Noxious Fumes"},{"not_picked":["Bane","Underhanded Strike"],"picked":"Accuracy"},{"not_picked":["Backflip","Dash"],"picked":"Leg Sweep"},{"not_picked":["Corpse Explosion","Unload"],"picked":"Storm of Steel"},{"not_picked":["Backflip","Terror"],"picked":"Blur"},{"not_picked":["Sucker Punch","Dagger Throw"],"picked":"Well Laid Plans"},{"not_picked":["Flechettes","Endless Agony"],"picked":"Backflip"},{"not_picked":["Sucker Punch","Well Laid Plans"],"picked":"Heel Hook"},{"not_picked":["Corpse Explosion","Tactician"],"picked":"Bullet Time"},{"not_picked":["Slice","Prepared"],"picked":"Crippling Poison"},{"not_picked":["PiercingWail","Skewer"],"picked":"Poisoned Stab"},{"not_picked":["Expertise","Heel Hook"],"picked":"Infinite Blades"},{"not_picked":["PiercingWail","Well Laid Plans"],"picked":"Footwork"},{"not_picked":["Flechettes","Deadly Poison"],"picked":"Choke"}],"player_experience":148485,"potions_floor_usage":[16,16,28,37,37,38],"damage_taken":[{"damage":5,"enemies":"Small Slimes","floor":1,"turns":5},{"damage":0,"enemies":"Jaw Worm","floor":2,"turns":4},{"damage":0,"enemies":"2 Louse","floor":3,"turns":2},{"damage":2,"enemies":"Looter","floor":7,"turns":4},{"damage":14,"enemies":"Exordium Thugs","floor":10,"turns":5},{"damage":0,"enemies":"Large Slime","floor":12,"turns":4},{"damage":0,"enemies":"3 Louse","floor":14,"turns":3},{"damage":12,"enemies":"Hexaghost","floor":16,"turns":10},{"damage":3,"enemies":"3 Byrds","floor":18,"turns":8},{"damage":0,"enemies":"Shell Parasite","floor":19,"turns":7},{"damage":31,"enemies":"Gremlin Leader","floor":24,"turns":8},{"damage":18,"enemies":"3 Cultists","floor":28,"turns":6},{"damage":0,"enemies":"Snecko","floor":29,"turns":7},{"damage":23,"enemies":"Champ","floor":33,"turns":13},{"damage":0,"enemies":"3 Shapes","floor":35,"turns":8},{"damage":0,"enemies":"3 Darklings","floor":36,"turns":5},{"damage":11,"enemies":"Mysterious Sphere","floor":37,"turns":8},{"damage":12,"enemies":"Maw","floor":38,"turns":9},{"damage":20,"enemies":"Flame Bruiser 2 Orb","floor":39,"turns":6},{"damage":1,"enemies":"4 Shapes","floor":44,"turns":7},{"damage":0,"enemies":"Maw","floor":48,"turns":7},{"damage":21,"enemies":"Time Eater","floor":50,"turns":12}],"event_choices":[{"event_name":"Shining Light","player_choice":"Entered Light","floor":4,"damage_taken":0},{"event_name":"Living Wall","player_choice":"Grow","floor":8,"damage_taken":0},{"event_name":"Drug Dealer","player_choice":"Ignored","floor":21,"damage_taken":0},{"event_name":"Beggar","player_choice":"Ignored","floor":27,"damage_taken":0},{"event_name":"Vampires","player_choice":"Ignored","floor":30,"damage_taken":0},{"event_name":"The Mausoleum","player_choice":"No","floor":31,"damage_taken":0},{"event_name":"Mysterious Sphere","player_choice":"Fight","floor":37,"damage_taken":0},{"event_name":"Tomb of Lord Red Mask","player_choice":"Ignored","floor":42,"damage_taken":0}],"boss_relics":[{"not_picked":["Sozu","Runic Dome"],"picked":"The Specimen"},{"not_picked":["Eternal Feather","Lizard Tail"],"picked":"Philosopher\u0027s Stone"}],"potions_floor_spawned":[2,7,10,24,29,33,35,44],"seed_played":"-5838547947952217542","is_trial":false}