{"path_per_floor":["M","M","M","M","?","R","E","R","T","M","M","?","M","$","R","B",null,"M","$","T","?","$","R","M","M","T","M","E","M","R","M","R","B",null,"M","$","M","?","$","E","R","?","T","M","M","?","?","T","R","B"],"character_chosen":"THE_SILENT","items_purchased":["Membership Card","Footwork","Bottled Flame","Crippling Poison"],"gold_per_floor":[115,130,141,151,151,151,189,189,189,205,218,218,242,50,50,181,181,195,81,81,6,6,6,31,55,55,80,114,134,134,149,149,280,280,293,22,35,35,7,45,45,45,94,113,138,0,63,63,63,63],"floor_reached":51,"campfire_rested":1,"playtime":3586,"current_hp_per_floor":[70,70,70,70,65,65,49,49,49,49,49,36,36,36,36,3,65,64,64,64,64,64,64,64,61,61,61,52,52,52,52,52,45,65,65,65,65,65,65,38,38,54,54,54,32,32,31,31,50,49],"items_purged":["Strike_G","Strike_G"],"gold":63,"play_id":"4ea7ed62-26a0-4a8f-aa50-ad7af826ab94","is_prod":false,"is_daily":false,"campfire_rituals":0,"campfire_upgraded":7,"is_hardmode":false,"path_taken":["M","M","M","M","?","R","E","R","T","?","M","?","M","$","R","BOSS","M","$","?","?","$","R","M","M","T","M","E","M","R","M","R","BOSS","M","$","?","?","$","E","R","?","T","M","?","?","?","?","R","BOSS"],"build_version":"2018-01-19-BETA1","purchased_purges":2,"victory":true,"master_deck":["Defend_G","Defend_G","Defend_G","Defend_G","Strike_G","Strike_G","Survivor","Neutralize","Flying Knee","Dash","Malaise","Quick Slash","Flying Knee","Doppelganger","Die Die Die","Footwork","Dagger Throw","Heel Hook","Quick Slash","Crippling Poison","Expertise","Dodge and Roll"],"max_hp_per_floor":[70,70,70,70,65,65,65,65,65,65,65,65,65,65,65,65,65,65,65,65,65,65,65,65,65,65,65,65,65,65,65,65,65,65,65,65,65,65,65,65,65,65,65,65,65,65,65,65,65,65],"relics":["Ring of the Snake","Golden Idol","Paper Crane","Bronze Scales","Membership Card","Velvet Choker","Mummified Hand","Torii","Kunai","Black Star","Bottled Flame","Omamori","Anchor","Art of War","Red Mask","Girya","Ice Cream"],"campfire_meditates":0,"card_choices":[{"not_picked":["Accuracy","Prepared"],"picked":"Flying Knee"},{"not_picked":["Dodge and Roll","Dagger Throw"],"picked":"Dash"},{"not_picked":["Infinite Blades","Skewer"],"picked":"Malaise"},{"not_picked":["Bane","Grand Finale"],"picked":"Quick Slash"},{"not_picked":["Dodge and Roll","Deflect"],"picked":"Flying Knee"},{"not_picked":["Caltrops","Dagger Throw"],"picked":"Doppelganger"},{"not_picked":["Bullet Time","Venomology"],"picked":"Die Die Die"},{"not_picked":["Poisoned Stab","Bane"],"picked":"Dagger Throw"},{"not_picked":["Expertise","Die Die Die"],"picked":"Heel Hook"},{"not_picked":["Dagger Spray","Masterful Stab"],"picked":"Quick Slash"},{"not_picked":["Reflex","Outmaneuver"],"picked":"Expertise"},{"not_picked":["Underhanded Strike","Acrobatics"],"picked":"Dodge and Roll"}],"player_experience":261701,"potions_floor_usage":[16,16,25,28,50,50,50],"damage_taken":[{"damage":0,"enemies":"Jaw Worm","floor":1,"turns":5},{"damage":0,"enemies":"Small Slimes","floor":2,"turns":4},{"damage":0,"enemies":"Cultist","floor":3,"turns":3},{"damage":0,"enemies":"2 Fungi Beasts","floor":4,"turns":5},{"damage":16,"enemies":"3 Sentries","floor":7,"turns":9},{"damage":0,"enemies":"Exordium Thugs","floor":10,"turns":5},{"damage":0,"enemies":"Lots of Slimes","floor":11,"turns":3},{"damage":0,"enemies":"3 Louse","floor":13,"turns":3},{"damage":33,"enemies":"Slime Boss","floor":16,"turns":11},{"damage":1,"enemies":"Shell Parasite","floor":18,"turns":6},{"damage":0,"enemies":"3 Byrds","floor":24,"turns":3},{"damage":3,"enemies":"Snake Plant","floor":25,"turns":4},{"damage":0,"enemies":"Snecko","floor":27,"turns":6},{"damage":9,"enemies":"Gremlin Leader","floor":28,"turns":10},{"damage":0,"enemies":"Slaver and Parasite","floor":29,"turns":5},{"damage":0,"enemies":"Centurion and Healer","floor":31,"turns":7},{"damage":7,"enemies":"Collector","floor":33,"turns":21},{"damage":0,"enemies":"Orb Walker","floor":35,"turns":4},{"damage":0,"enemies":"Flame Bruiser 1 Orb","floor":37,"turns":7},{"damage":27,"enemies":"Nemesis","floor":40,"turns":13},{"damage":0,"enemies":"3 Darklings","floor":44,"turns":7},{"damage":22,"enemies":"Sphere and 2 Shapes","floor":45,"turns":7},{"damage":1,"enemies":"Mysterious Sphere","floor":47,"turns":8},{"damage":1,"enemies":"Time Eater","floor":50,"turns":13}],"event_choices":[{"event_name":"Golden Idol","player_choice":"Lose Max HP","floor":5,"damage_taken":0},{"event_name":"Shining Light","player_choice":"Entered Light","floor":12,"damage_taken":0},{"event_name":"Beggar","player_choice":"Gave Gold","floor":21,"damage_taken":0},{"event_name":"Winding Halls","player_choice":"Writhe","floor":42,"damage_taken":0},{"event_name":"Tomb of Lord Red Mask","player_choice":"Paid","floor":46,"damage_taken":0},{"event_name":"Mysterious Sphere","player_choice":"Fight","floor":47,"damage_taken":0}],"boss_relics":[{"not_picked":["Pandora\u0027s Box","Lizard Tail"],"picked":"Velvet Choker"},{"not_picked":["The Specimen","Runic Dome"],"picked":"Black Star"}],"potions_floor_spawned":[1,11,16,18,24,29,31,35,47],"seed_played":"421606431648070052","is_trial":false}