{"path_per_floor":["M","?","?","M","M","R","M","$","T","?","E","$","M","M","R","B",null,"M","M","?","?","M","R","$","R","T","?","M","$","M","?","R","B",null,"M","$","?"],"character_chosen":"THE_SILENT","items_purchased":["Expertise"],"gold_per_floor":[115,115,115,135,148,148,163,88,88,38,73,73,85,99,99,204,204,219,231,231,156,171,171,71,71,119,34,53,19,29,29,29,131,131,150,25,70],"floor_reached":38,"campfire_rested":1,"playtime":1739,"current_hp_per_floor":[70,70,70,70,70,70,66,66,66,66,67,67,64,62,62,36,70,51,51,51,51,51,51,51,51,51,51,35,35,29,20,42,38,75,75,75,3],"items_purged":["Strike_G","Grand Finale","Defend_G"],"gold":70,"play_id":"25f9a429-bad9-4924-9e8c-e6b2d996226f","is_prod":false,"is_daily":false,"campfire_rituals":0,"campfire_upgraded":4,"is_hardmode":false,"path_taken":["M","?","?","M","?","R","M","$","T","?","E","$","M","M","R","BOSS","M","M","?","?","?","R","$","R","T","?","M","?","M","?","R","BOSS","M","?","?","M"],"build_version":"2018-01-18-BETA1","purchased_purges":3,"victory":false,"master_deck":["Defend_G","Defend_G","Survivor","Neutralize","Noxious Fumes","Venomology","Flying Knee","Grand Finale","Dagger Throw","Phantasmal Killer","Catalyst","Die Die Die","Prepared","Footwork","Prepared","Expertise","Acrobatics"],"max_hp_per_floor":[70,70,70,70,70,70,70,70,70,70,70,70,70,70,70,70,70,70,70,70,70,70,70,70,70,70,70,70,70,70,75,75,75,75,75,75,75],"relics":["Ring of the Snake","NeowsBlessing","Art of War","Gremlin Horn","Astrolabe","Juzu Bracelet","Shuriken","Sozu","Calipers"],"campfire_meditates":0,"card_choices":[{"not_picked":["Deflect","Underhanded Strike"],"picked":"Noxious Fumes"},{"not_picked":["Dodge and Roll","Underhanded Strike"],"picked":"Venomology"},{"not_picked":["PiercingWail","Catalyst"],"picked":"Flying Knee"},{"not_picked":["Deadly Poison","Finisher"],"picked":"Grand Finale"},{"not_picked":["Dodge and Roll","Poisoned Stab"],"picked":"Dagger Throw"},{"not_picked":["Envenom","A Thousand Cuts"],"picked":"Grand Finale"},{"not_picked":["Outmaneuver","Poisoned Stab"],"picked":"Prepared"},{"not_picked":["Cloak And Dagger","Outmaneuver"],"picked":"Dagger Spray"},{"not_picked":["Underhanded Strike","Bane"],"picked":"Footwork"},{"not_picked":["Dodge and Roll","Outmaneuver"],"picked":"Prepared"},{"not_picked":["Calculated Gamble","PiercingWail"],"picked":"Acrobatics"}],"player_experience":256585,"potions_floor_usage":[11,11,13,13,16,18,19,19,22,22,30,30,33,33],"damage_taken":[{"damage":0,"enemies":"Jaw Worm","floor":1,"turns":1},{"damage":0,"enemies":"2 Louse","floor":4,"turns":1},{"damage":0,"enemies":"Small Slimes","floor":5,"turns":1},{"damage":4,"enemies":"Looter","floor":7,"turns":4},{"damage":9,"enemies":"Lagavulin","floor":11,"turns":8},{"damage":3,"enemies":"Exordium Thugs","floor":13,"turns":4},{"damage":2,"enemies":"3 Louse","floor":14,"turns":4},{"damage":26,"enemies":"The Guardian","floor":16,"turns":11},{"damage":19,"enemies":"Shell Parasite","floor":18,"turns":6},{"damage":0,"enemies":"3 Byrds","floor":19,"turns":1},{"damage":0,"enemies":"Snecko","floor":22,"turns":4},{"damage":16,"enemies":"Centurion and Healer","floor":28,"turns":4},{"damage":6,"enemies":"Slaver and Parasite","floor":30,"turns":3},{"damage":4,"enemies":"Automaton","floor":33,"turns":11},{"damage":0,"enemies":"Flame Bruiser 1 Orb","floor":35,"turns":3},{"damage":72,"enemies":"Mysterious Sphere","floor":37,"turns":8},{"damage":5,"enemies":"3 Shapes","floor":38,"turns":1}],"event_choices":[{"event_name":"Living Wall","player_choice":"Forget","floor":2,"damage_taken":0},{"event_name":"Upgrade Shrine","player_choice":"Upgraded","floor":3,"damage_taken":0},{"event_name":"The Cleric","player_choice":"Card Removal","floor":10,"damage_taken":0},{"event_name":"Back to Basics","player_choice":"Elegance","floor":20,"damage_taken":0},{"event_name":"Beggar","player_choice":"Gave Gold","floor":21,"damage_taken":0},{"event_name":"Addict","player_choice":"Obtained Relic","floor":27,"damage_taken":0},{"event_name":"Forgotten Altar","player_choice":"Shed Blood","floor":31,"damage_taken":0},{"event_name":"Mysterious Sphere","player_choice":"Fight","floor":37,"damage_taken":0}],"boss_relics":[{"not_picked":["Velvet Choker","Runic Pyramid"],"picked":"Astrolabe"},{"not_picked":["Cursed Key","Orrery"],"picked":"Sozu"}],"potions_floor_spawned":[1,5,11,14,16,19,30],"seed_played":"-2716082319670900109","killed_by":"3 Shapes","is_trial":false}