{"path_per_floor":["M","$","M","?","M","R","$","M","T","R","M","R","E","$","R","B",null,"M","?","$","M","M","R","M","R","T","R","?","R","$","M","R","B",null,"M","$","?","M","M","R","M","?","T","R"],"character_chosen":"THE_SILENT","items_purchased":["Footwork","Quick Slash","Flying Knee"],"gold_per_floor":[118,41,52,52,69,69,22,35,82,82,98,98,125,50,50,150,150,161,161,36,54,66,66,81,81,81,81,81,81,81,99,99,200,200,216,91,91,104,114,114,131,131,131,131],"floor_reached":45,"campfire_rested":0,"playtime":2391,"current_hp_per_floor":[69,69,69,62,61,61,61,61,61,61,61,61,70,70,70,48,84,84,75,75,63,63,63,62,62,62,62,62,62,62,62,62,28,89,89,89,89,89,62,62,31,31,31,31],"items_purged":["Strike_G","Strike_G","Strike_G"],"gold":131,"play_id":"877d3b08-0a80-44d2-a26d-2ca7e7c219ad","is_prod":false,"is_daily":false,"is_ascension_mode":true,"campfire_rituals":0,"campfire_upgraded":11,"path_taken":["M","$","M","?","M","R","?","M","T","R","M","R","E","$","R","BOSS","M","?","?","M","M","R","M","R","T","R","?","R","$","M","R","BOSS","M","$","?","M","M","R","M","?","T","R","E"],"build_version":"2018-01-22-BETA2","purchased_purges":3,"victory":false,"master_deck":["Defend_G","Defend_G","Defend_G","Defend_G","Survivor","Neutralize","Backflip","Footwork","Dagger Spray","Quick Slash","Noxious Fumes","Backflip","Die Die Die","Flying Knee","Outmaneuver","Dash","Escape Plan","Phantasmal Killer","Leg Sweep","PiercingWail","Noxious Fumes","Regret"],"max_hp_per_floor":[70,70,70,70,70,70,70,70,70,70,70,70,84,84,84,84,84,84,89,89,89,89,89,89,89,89,89,89,89,89,89,89,89,89,89,89,89,89,89,89,89,89,89,89],"relics":["Ring of the Snake","Molten Egg","Mango","Cursed Key","Snecko Eye","Du-Vu Doll"],"campfire_meditates":0,"card_choices":[{"not_picked":["Endless Agony","Catalyst"],"picked":"Backflip"},{"not_picked":["Dodge and Roll","Infinite Blades"],"picked":"Dagger Spray"},{"not_picked":["Slice","Backstab"],"picked":"Noxious Fumes"},{"not_picked":["Poisoned Stab","Heel Hook"],"picked":"Backflip"},{"not_picked":["Envenom","Storm of Steel"],"picked":"Die Die Die"},{"not_picked":["Bane","Slice"],"picked":"Outmaneuver"},{"not_picked":["Slice","Dagger Spray"],"picked":"Dash"},{"not_picked":["PiercingWail","Dagger Throw"],"picked":"Escape Plan"},{"not_picked":["Envenom","Tools of the Trade"],"picked":"Phantasmal Killer"},{"not_picked":["Dodge and Roll","Bane"],"picked":"Leg Sweep"},{"not_picked":["Expertise","Poisoned Stab"],"picked":"PiercingWail"},{"not_picked":["Cloak And Dagger","Backflip"],"picked":"Noxious Fumes"}],"player_experience":300789,"potions_floor_usage":[13,16,21,24,33],"damage_taken":[{"damage":1,"enemies":"Small Slimes","floor":1,"turns":4},{"damage":0,"enemies":"Cultist","floor":3,"turns":4},{"damage":1,"enemies":"2 Louse","floor":5,"turns":3},{"damage":0,"enemies":"2 Fungi Beasts","floor":8,"turns":3},{"damage":0,"enemies":"Exordium Wildlife","floor":11,"turns":3},{"damage":5,"enemies":"Lagavulin","floor":13,"turns":7},{"damage":22,"enemies":"Slime Boss","floor":16,"turns":10},{"damage":0,"enemies":"Shell Parasite","floor":18,"turns":5},{"damage":12,"enemies":"2 Thieves","floor":21,"turns":3},{"damage":0,"enemies":"Snecko","floor":22,"turns":6},{"damage":1,"enemies":"3 Cultists","floor":24,"turns":4},{"damage":0,"enemies":"Snake Plant","floor":31,"turns":5},{"damage":34,"enemies":"Champ","floor":33,"turns":14},{"damage":0,"enemies":"Orb Walker","floor":35,"turns":3},{"damage":0,"enemies":"3 Darklings","floor":38,"turns":4},{"damage":27,"enemies":"Flame Bruiser 2 Orb","floor":39,"turns":7},{"damage":31,"enemies":"Maw","floor":41,"turns":9},{"damage":38,"enemies":"Giant Head","floor":45,"turns":8}],"event_choices":[{"event_name":"Golden Wing","player_choice":"Card Removal","floor":4,"damage_taken":0},{"event_name":"Forgotten Altar","player_choice":"Shed Blood","floor":19,"damage_taken":0},{"event_name":"Back to Basics","player_choice":"Elegance","floor":28,"damage_taken":0},{"event_name":"Upgrade Shrine","player_choice":"Upgraded","floor":37,"damage_taken":0}],"boss_relics":[{"not_picked":["Eternal Feather","Lizard Tail"],"picked":"Cursed Key"},{"not_picked":["Calling Bell","White Beast Statue"],"picked":"Snecko Eye"}],"potions_floor_spawned":[3,11,13,16,21,33,38,39],"seed_played":"4441263615329027477","killed_by":"Giant Head","ascension_level":3,"is_trial":false}