{"path_per_floor":["M","$","M","?","?","R","?","E","T","$","R","M","E","M","R","B",null,"M","$","M","?","M","E","R","?","T","R","E","?","R","E","R","B",null,"M","$","M","M","$","R","M"],"character_chosen":"THE_SILENT","items_purchased":["Footwork","Dagger Spray","Backflip","War Paint"],"gold_per_floor":[117,7,25,25,100,100,100,126,151,0,0,14,40,60,60,155,155,169,19,39,39,53,81,81,81,126,126,157,157,157,184,184,286,286,306,7,20,38,38,38,54],"floor_reached":42,"campfire_rested":1,"playtime":4720,"current_hp_per_floor":[63,63,63,56,45,45,68,68,75,75,75,75,57,57,57,53,71,71,71,71,71,71,26,49,49,55,55,55,55,55,57,57,60,77,63,63,65,64,64,74,66],"items_purged":["Strike_G","Strike_G","Strike_G","Injury"],"gold":54,"play_id":"97b23659-4f3a-4551-acea-a27218aa086b","is_prod":false,"is_daily":false,"is_ascension_mode":true,"campfire_upgraded":7,"path_taken":["M","$","M","?","?","R","?","E","T","$","R","?","E","?","R","BOSS","M","$","M","?","?","E","R","?","T","R","E","?","R","E","R","BOSS","M","$","M","M","$","R","M","E"],"build_version":"2018-01-25-BETA1","purchased_purges":4,"victory":false,"master_deck":["Defend_G+1","Defend_G+1","Defend_G+1","Defend_G+1","Defend_G+1","Strike_G+1","Survivor","Neutralize+1","Footwork+1","Quick Slash+1","Blur+1","Dagger Spray","Flying Knee","Cloak And Dagger+1","Caltrops+1","Wraith Form+1","Dagger Throw+1","Backflip+1","PiercingWail+1","Dagger Throw+1","Caltrops","Burst+1","Distraction+1","Outmaneuver+1","Acrobatics+1"],"max_hp_per_floor":[70,70,70,70,70,70,70,70,77,77,77,77,77,77,77,77,77,77,77,77,77,77,77,77,77,83,83,83,83,83,83,83,83,83,83,83,83,83,83,83,83],"relics":["Ring of the Snake","NeowsBlessing","Strawberry","Darkstone Periapt","Cursed Key","Ornamental Fan","Regal Pillow","Blood Vial","Bottled Flame","Eternal Feather","War Paint"],"card_choices":[{"not_picked":["Flechettes","Poisoned Stab"],"picked":"Quick Slash"},{"not_picked":["Burst","Skewer"],"picked":"Blur"},{"not_picked":["Acrobatics","Backstab"],"picked":"Flying Knee"},{"not_picked":["Poisoned Stab","Slice"],"picked":"Cloak And Dagger"},{"not_picked":["Slice","Catalyst"],"picked":"Caltrops"},{"not_picked":["A Thousand Cuts","Venomology"],"picked":"Wraith Form"},{"not_picked":["Reflex","Bane"],"picked":"Dagger Throw"},{"not_picked":["Bane","Outmaneuver"],"picked":"PiercingWail"},{"not_picked":["Dodge and Roll","Expertise"],"picked":"Dagger Throw"},{"not_picked":["Distraction","Blade Dance"],"picked":"Caltrops"},{"not_picked":["A Thousand Cuts","Wraith Form"],"picked":"Burst"},{"not_picked":["PiercingWail","Poisoned Stab"],"picked":"Distraction"},{"not_picked":["Backflip","Acrobatics"],"picked":"Outmaneuver"},{"not_picked":["Deflect","Poisoned Stab"],"picked":"Acrobatics"}],"player_experience":315421,"potions_floor_usage":[16,23,23,31,33,33,41,42],"damage_taken":[{"damage":0,"enemies":"2 Louse","floor":1,"turns":1},{"damage":0,"enemies":"Jaw Worm","floor":3,"turns":1},{"damage":0,"enemies":"3 Sentries","floor":8,"turns":1},{"damage":0,"enemies":"Small Slimes","floor":12,"turns":3},{"damage":18,"enemies":"Gremlin Nob","floor":13,"turns":5},{"damage":0,"enemies":"2 Fungi Beasts","floor":14,"turns":4},{"damage":19,"enemies":"The Guardian","floor":16,"turns":13},{"damage":0,"enemies":"3 Byrds","floor":18,"turns":5},{"damage":0,"enemies":"Spheric Guardian","floor":20,"turns":4},{"damage":0,"enemies":"Centurion and Healer","floor":22,"turns":10},{"damage":45,"enemies":"Slavers","floor":23,"turns":6},{"damage":0,"enemies":"Book of Stabbing","floor":28,"turns":6},{"damage":0,"enemies":"Gremlin Leader","floor":31,"turns":11},{"damage":14,"enemies":"Automaton","floor":33,"turns":13},{"damage":16,"enemies":"3 Darklings","floor":35,"turns":6},{"damage":0,"enemies":"Orb Walker","floor":37,"turns":4},{"damage":3,"enemies":"Maw","floor":38,"turns":9},{"damage":10,"enemies":"Spire Growth","floor":41,"turns":7},{"damage":79,"enemies":"2 Orb Walkers","floor":42,"turns":6}],"event_choices":[{"event_name":"Golden Wing","player_choice":"Card Removal","floor":4,"damage_taken":0},{"event_name":"World of Goop","player_choice":"Gather Gold","floor":5,"damage_taken":0},{"event_name":"Big Fish","player_choice":"Banana","floor":7,"damage_taken":0},{"event_name":"Vampires","player_choice":"Ignored","floor":21,"damage_taken":0},{"event_name":"Back to Basics","player_choice":"Simplicity","floor":25,"damage_taken":0},{"event_name":"Cursed Tome","player_choice":"Ignored","floor":29,"damage_taken":0}],"boss_relics":[{"not_picked":["Orrery","Calling Bell"],"picked":"Cursed Key"},{"not_picked":["The Specimen","Pandora\u0027s Box"],"picked":"Eternal Feather"}],"potions_floor_spawned":[1,14,16,18,23,31,35,37],"seed_played":"-3135611451613581599","killed_by":"2 Orb Walkers","ascension_level":6,"is_trial":false}