{"path_per_floor":["M","?","M","M","M","E","R","M","T","E","$","R","E","M","R","B",null,"M","M","$","?","M","E","R","E","T","$","?","?","R","M","R","B",null,"M","M","M","M","$","R","?","M","T","$","M","M","M","?","R","B"],"character_chosen":"THE_SILENT","items_purchased":["Anchor","Dash"],"gold_per_floor":[116,116,134,149,168,198,198,216,216,249,47,47,72,87,87,187,187,198,211,161,86,96,125,125,160,184,134,134,134,134,148,148,248,248,261,275,295,307,257,257,257,276,276,145,162,180,190,0,0,0],"floor_reached":51,"campfire_rested":1,"playtime":5474,"current_hp_per_floor":[70,63,63,63,63,63,63,63,63,49,49,49,47,47,47,31,70,70,70,70,70,70,70,70,65,65,65,65,65,65,67,67,51,70,70,70,70,70,70,70,70,65,65,65,59,61,58,58,70,65],"items_purged":["Strike_G","Strike_G","Strike_G","Defend_G","Defend_G"],"gold":0,"play_id":"ffe7d2d9-7346-4c98-9939-debd38a042f0","is_prod":false,"is_daily":false,"is_ascension_mode":true,"campfire_upgraded":7,"path_taken":["M","?","?","M","?","E","R","M","T","E","$","R","E","M","R","BOSS","M","M","$","?","?","E","R","E","T","$","?","?","R","M","R","BOSS","M","M","?","M","$","R","?","M","T","$","M","?","?","?","R","BOSS"],"build_version":"2018-01-23-BETA1","purchased_purges":5,"victory":true,"master_deck":["Defend_G","Defend_G","Survivor","Neutralize","Dagger Spray","Flying Knee","Terror","Adrenaline","Dagger Throw","Backflip","Glass Knife","Backflip","Malaise","Predator","Die Die Die","Dash","Flying Knee","Die Die Die","Choke","Deflect","Dash","Prepared","Deflect"],"max_hp_per_floor":[70,70,70,70,70,70,70,70,70,70,70,70,70,70,70,70,70,70,70,70,70,70,70,70,70,70,70,70,70,70,70,70,70,70,70,70,70,70,70,70,70,70,70,70,70,70,70,70,70,70],"relics":["Ring of the Snake","Vajra","War Paint","Gremlin Horn","Smiling Mask","Tough Bandages","Anchor","Ornamental Fan","Sozu","Blue Candle","Orichalcum","Blood Vial","Orrery","Toolbox","Red Mask"],"card_choices":[{"not_picked":["Prepared","Crippling Poison"],"picked":"Dagger Spray"},{"not_picked":["All Out Attack","Outmaneuver"],"picked":"Flying Knee"},{"not_picked":["Deadly Poison","Dagger Throw"],"picked":"Terror"},{"not_picked":["Terror","Storm of Steel"],"picked":"Adrenaline"},{"not_picked":["Catalyst","PiercingWail"],"picked":"Dagger Throw"},{"not_picked":["Catalyst","Slice"],"picked":"Backflip"},{"not_picked":["Venomology","Corpse Explosion"],"picked":"Glass Knife"},{"not_picked":["Heel Hook","Outmaneuver"],"picked":"Backflip"},{"not_picked":["Bane","Dodge and Roll"],"picked":"Malaise"},{"not_picked":["Expertise","Well Laid Plans"],"picked":"Predator"},{"not_picked":["Wraith Form","A Thousand Cuts"],"picked":"Die Die Die"},{"not_picked":["Escape Plan","Deadly Poison"],"picked":"Dash"},{"not_picked":["Noxious Fumes","Masterful Stab"],"picked":"Flying Knee"},{"not_picked":["Underhanded Strike","Prepared"],"picked":"Die Die Die"},{"not_picked":["Prepared","Expertise"],"picked":"Choke"},{"not_picked":["Dagger Spray","Cloak And Dagger"],"picked":"Deflect"},{"not_picked":["Deflect","Deadly Poison"],"picked":"Prepared"},{"not_picked":["Cloak And Dagger","Eviscerate"],"picked":"Deflect"}],"player_experience":303180,"potions_floor_usage":[6,10],"damage_taken":[{"damage":0,"enemies":"Jaw Worm","floor":1,"turns":4},{"damage":0,"enemies":"Cultist","floor":3,"turns":3},{"damage":0,"enemies":"2 Louse","floor":4,"turns":2},{"damage":0,"enemies":"Red Slaver","floor":5,"turns":4},{"damage":0,"enemies":"Gremlin Nob","floor":6,"turns":2},{"damage":0,"enemies":"Gremlin Gang","floor":8,"turns":4},{"damage":14,"enemies":"Lagavulin","floor":10,"turns":5},{"damage":2,"enemies":"3 Sentries","floor":13,"turns":5},{"damage":0,"enemies":"Exordium Wildlife","floor":14,"turns":1},{"damage":16,"enemies":"The Guardian","floor":16,"turns":9},{"damage":0,"enemies":"Spheric Guardian","floor":18,"turns":3},{"damage":0,"enemies":"Chosen","floor":19,"turns":3},{"damage":0,"enemies":"Snake Plant","floor":22,"turns":3},{"damage":0,"enemies":"Slavers","floor":23,"turns":4},{"damage":5,"enemies":"Book of Stabbing","floor":25,"turns":6},{"damage":0,"enemies":"Snecko","floor":31,"turns":3},{"damage":18,"enemies":"Automaton","floor":33,"turns":7},{"damage":0,"enemies":"Flame Bruiser 1 Orb","floor":35,"turns":2},{"damage":0,"enemies":"Orb Walker","floor":36,"turns":2},{"damage":0,"enemies":"Spire Growth","floor":37,"turns":3},{"damage":0,"enemies":"Flame Bruiser 2 Orb","floor":38,"turns":2},{"damage":5,"enemies":"Maw","floor":42,"turns":6},{"damage":8,"enemies":"4 Shapes","floor":45,"turns":2},{"damage":0,"enemies":"Flame Bruiser 2 Orb","floor":46,"turns":2},{"damage":5,"enemies":"Spire Growth","floor":47,"turns":4},{"damage":5,"enemies":"Awakened One","floor":50,"turns":19}],"event_choices":[{"event_name":"Scrap Ooze","player_choice":"success","floor":2,"damage_taken":7},{"event_name":"Beggar","player_choice":"Gave Gold","floor":21,"damage_taken":0},{"event_name":"Bonfire Elementals","player_choice":"BASIC","floor":28,"damage_taken":0},{"event_name":"Back to Basics","player_choice":"Elegance","floor":29,"damage_taken":0},{"event_name":"Transmorgrifier","player_choice":"Skipped","floor":41,"damage_taken":0},{"event_name":"Tomb of Lord Red Mask","player_choice":"Paid","floor":48,"damage_taken":0}],"boss_relics":[{"not_picked":["The Specimen","Runic Pyramid"],"picked":"Sozu"},{"not_picked":["Lizard Tail","Tiny House"],"picked":"Orrery"}],"potions_floor_spawned":[3,4,13,14,19,25,33,35,37,38,47],"seed_played":"2320080560077200620","ascension_level":3,"is_trial":false}