{"path_per_floor":["M","M","?","$","?","R","M","R","T","M","M","M","?","$","R","B",null,"M","$","M","M","?","R","M","E","T","M","R","?","R","E","R","B",null,"M","?","T","?","M","E","R","M","T","R","M","E","M","E","R","B"],"character_chosen":"THE_SILENT","items_purchased":["Terror","Bottled Tornado"],"gold_per_floor":[369,385,385,274,224,224,235,235,235,253,272,282,347,2,2,99,99,99,99,24,24,24,24,24,24,24,24,24,24,24,24,24,24,24,24,24,24,24,24,24,24,24,24,24,24,24,24,24,24,24],"floor_reached":51,"campfire_rested":1,"playtime":3958,"current_hp_per_floor":[28,28,21,21,21,21,21,21,35,32,32,31,24,24,24,4,84,84,84,82,82,82,82,82,82,82,82,82,82,82,82,82,62,84,84,74,74,74,72,51,51,47,47,47,47,39,39,45,70,68],"items_purged":["Defend_G","Strike_G"],"gold":24,"play_id":"488b6315-d104-4ed0-aa42-45930177ab68","is_prod":false,"is_daily":false,"campfire_rituals":0,"campfire_upgraded":9,"is_hardmode":false,"path_taken":["M","M","?","$","?","R","M","R","T","M","M","M","?","$","R","BOSS","M","$","M","M","?","R","M","E","T","?","R","?","R","E","R","BOSS","M","?","?","?","M","E","R","M","T","R","M","E","M","E","R","BOSS"],"build_version":"2018-01-19-BETA1","purchased_purges":2,"victory":true,"master_deck":["Defend_G","Defend_G","Defend_G","Defend_G","Strike_G","Strike_G","Survivor","Neutralize","Footwork","Terror","Dagger Spray","Quick Slash","Dash","Adrenaline","Malaise","Skewer","Endless Agony","Backflip","PiercingWail","Venomology","Flying Knee","Prepared","Backflip","Dagger Throw","Dagger Throw","Madness","Madness","Distraction","Quick Slash","Dodge and Roll","Outmaneuver"],"max_hp_per_floor":[70,70,70,70,70,70,70,70,84,84,84,84,84,84,84,84,84,84,84,84,84,84,84,84,84,84,84,84,84,84,84,84,84,84,84,84,84,84,84,84,84,84,84,84,84,84,84,84,84,84],"relics":["Ring of the Snake","Mango","Dead Branch","Bottled Tornado","Ectoplasm","Gambling Chip","Omamori","Pantograph","Orrery","Ice Cream","Lantern","Tough Bandages","Toxic Egg","Ancient Tea Set"],"campfire_meditates":0,"card_choices":[{"not_picked":["Masterful Stab","Dagger Spray"],"picked":"Footwork"},{"not_picked":["Wraith Form","Riddle With Holes"],"picked":"Dagger Spray"},{"not_picked":["Heel Hook","Cloak And Dagger"],"picked":"Quick Slash"},{"not_picked":["Crippling Poison","Deadly Poison"],"picked":"Dash"},{"not_picked":["Bullet Time","Tactician"],"picked":"Adrenaline"},{"not_picked":["Deadly Poison","Sucker Punch"],"picked":"Malaise"},{"not_picked":["Flying Knee","Backflip"],"picked":"Skewer"},{"not_picked":["Deadly Poison","Burst"],"picked":"Endless Agony"},{"not_picked":["Quick Slash","Deflect"],"picked":"Backflip"},{"not_picked":["Dagger Spray","Bouncing Flask"],"picked":"PiercingWail"},{"not_picked":["Doppelganger","Glass Knife"],"picked":"Venomology"},{"not_picked":["Slice","PiercingWail"],"picked":"Flying Knee"},{"not_picked":["Backflip","Underhanded Strike"],"picked":"Prepared"},{"not_picked":["Accuracy","Dagger Spray"],"picked":"Backflip"},{"not_picked":["Dagger Spray","Cloak And Dagger"],"picked":"Dagger Throw"},{"not_picked":["Dodge and Roll","Backflip"],"picked":"Dagger Throw"},{"not_picked":["Caltrops","Poisoned Stab"],"picked":"Skewer"},{"not_picked":["Grand Finale","Poisoned Stab"],"picked":"Quick Slash"},{"not_picked":["All Out Attack","Terror"],"picked":"Dodge and Roll"},{"not_picked":["Skewer","Deflect"],"picked":"Outmaneuver"}],"player_experience":274215,"potions_floor_usage":[16,25,33,40,40,45,45,48,48,50,50],"damage_taken":[{"damage":7,"enemies":"Cultist","floor":1,"turns":5},{"damage":0,"enemies":"2 Louse","floor":2,"turns":3},{"damage":0,"enemies":"Jaw Worm","floor":7,"turns":3},{"damage":3,"enemies":"Large Slime","floor":10,"turns":9},{"damage":0,"enemies":"Looter","floor":11,"turns":2},{"damage":1,"enemies":"2 Fungi Beasts","floor":12,"turns":3},{"damage":7,"enemies":"Gremlin Nob","floor":13,"turns":4},{"damage":20,"enemies":"Slime Boss","floor":16,"turns":14},{"damage":0,"enemies":"3 Byrds","floor":18,"turns":3},{"damage":2,"enemies":"2 Thieves","floor":20,"turns":4},{"damage":0,"enemies":"Centurion and Healer","floor":21,"turns":9},{"damage":0,"enemies":"3 Cultists","floor":24,"turns":6},{"damage":0,"enemies":"Book of Stabbing","floor":25,"turns":7},{"damage":0,"enemies":"Snake Plant","floor":27,"turns":4},{"damage":0,"enemies":"Slavers","floor":31,"turns":6},{"damage":22,"enemies":"Collector","floor":33,"turns":14},{"damage":0,"enemies":"3 Darklings","floor":35,"turns":3},{"damage":2,"enemies":"3 Shapes","floor":39,"turns":4},{"damage":21,"enemies":"Nemesis","floor":40,"turns":7},{"damage":4,"enemies":"Spire Growth","floor":42,"turns":5},{"damage":0,"enemies":"3 Darklings","floor":45,"turns":6},{"damage":8,"enemies":"Giant Head","floor":46,"turns":7},{"damage":0,"enemies":"Flame Bruiser 2 Orb","floor":47,"turns":3},{"damage":0,"enemies":"Nemesis","floor":48,"turns":4},{"damage":16,"enemies":"Time Eater","floor":50,"turns":14}],"event_choices":[{"event_name":"Golden Wing","player_choice":"Card Removal","floor":3,"damage_taken":0},{"event_name":"The Cleric","player_choice":"Card Removal","floor":5,"damage_taken":0},{"event_name":"Dead Adventurer","player_choice":"Searched \u00273\u0027 times","floor":13,"damage_taken":0},{"event_name":"Golden Shrine","player_choice":"Pray","floor":22,"damage_taken":0},{"event_name":"Beggar","player_choice":"Ignored","floor":29,"damage_taken":0},{"event_name":"Winding Halls","player_choice":"Embrace Madness","floor":36,"damage_taken":0},{"event_name":"Transmorgrifier","player_choice":"Transform","floor":38,"damage_taken":0}],"boss_relics":[{"not_picked":["White Beast Statue","The Specimen"],"picked":"Ectoplasm"},{"not_picked":["Question Card","Tiny House"],"picked":"Orrery"}],"potions_floor_spawned":[11,12,13,16,24,33,35,39,46,47],"seed_played":"-5592320317798937884","is_trial":false}