{"path_per_floor":["M","?","$","M","?","R","M","M","T","$","M","E","R","M","R","B",null,"M","?","$","M","M","R","?","M","T","?","$","M","M","M","R"],"character_chosen":"THE_SILENT","items_purchased":["Lantern","Flying Knee","Whetstone"],"gold_per_floor":[363,313,92,111,111,111,129,147,147,97,108,137,137,150,150,248,248,268,268,168,186,204,204,304,319,319,234,83,96,115,131,131],"floor_reached":33,"campfire_rested":1,"playtime":2195,"current_hp_per_floor":[63,63,63,63,68,68,68,68,68,68,68,32,32,32,32,3,68,68,68,68,68,49,49,49,40,40,40,40,32,32,24,44],"items_purged":["Defend_G","Defend_G"],"gold":131,"play_id":"3986b35a-cbfa-4ace-8e87-c513d0870375","is_prod":false,"is_daily":false,"campfire_rituals":0,"campfire_upgraded":3,"is_hardmode":false,"path_taken":["M","?","$","M","?","R","M","?","T","$","M","E","R","M","R","BOSS","M","?","$","M","M","R","?","M","T","?","$","M","M","M","R","BOSS"],"build_version":"2018-01-19-BETA1","purchased_purges":2,"victory":false,"master_deck":["Defend_G","Defend_G","Defend_G","Strike_G","Strike_G","Strike_G","Survivor","Neutralize","Blur","Backflip","Dagger Throw","Leg Sweep","Flying Knee","Burst","Acrobatics","Blur","Dash","Clumsy","Choke"],"max_hp_per_floor":[63,63,63,63,68,68,68,68,68,68,68,68,68,68,68,68,68,68,68,68,68,68,68,68,68,68,68,68,68,68,68,68],"relics":["Ring of the Snake","Lantern","Peace Pipe","Mummified Hand","Cursed Key","Vajra","Anchor","Whetstone"],"campfire_meditates":0,"card_choices":[{"not_picked":["Flying Knee","Bane"],"picked":"Blur"},{"not_picked":["Acrobatics","Underhanded Strike"],"picked":"Backflip"},{"not_picked":["Backstab","PiercingWail"],"picked":"Dagger Throw"},{"not_picked":["Dodge and Roll","Dagger Spray"],"picked":"Leg Sweep"},{"not_picked":["A Thousand Cuts","Bullet Time"],"picked":"Burst"},{"not_picked":["Deflect","Dodge and Roll"],"picked":"Acrobatics"},{"not_picked":["Slice","Cloak And Dagger"],"picked":"Dash"},{"not_picked":["Cloak And Dagger","Catalyst"],"picked":"Choke"}],"player_experience":280546,"potions_floor_usage":[12,16,16,22,33,33],"damage_taken":[{"damage":0,"enemies":"2 Louse","floor":1,"turns":2},{"damage":0,"enemies":"Small Slimes","floor":4,"turns":5},{"damage":0,"enemies":"Jaw Worm","floor":7,"turns":5},{"damage":0,"enemies":"2 Fungi Beasts","floor":8,"turns":4},{"damage":0,"enemies":"Looter","floor":11,"turns":3},{"damage":36,"enemies":"Lagavulin","floor":12,"turns":9},{"damage":0,"enemies":"Red Slaver","floor":14,"turns":3},{"damage":29,"enemies":"The Guardian","floor":16,"turns":20},{"damage":0,"enemies":"Chosen","floor":18,"turns":7},{"damage":0,"enemies":"3 Byrds","floor":21,"turns":13},{"damage":19,"enemies":"3 Cultists","floor":22,"turns":11},{"damage":9,"enemies":"Snake Plant","floor":25,"turns":8},{"damage":8,"enemies":"Slaver and Parasite","floor":29,"turns":10},{"damage":0,"enemies":"Snecko","floor":30,"turns":6},{"damage":8,"enemies":"Centurion and Healer","floor":31,"turns":7},{"damage":45,"enemies":"Automaton","floor":33,"turns":6}],"event_choices":[{"event_name":"The Cleric","player_choice":"Card Removal","floor":2,"damage_taken":0},{"event_name":"Big Fish","player_choice":"Donut","floor":5,"damage_taken":0},{"event_name":"Duplicator","player_choice":"One dupe","floor":19,"damage_taken":0},{"event_name":"Golden Shrine","player_choice":"Pray","floor":24,"damage_taken":0},{"event_name":"Addict","player_choice":"Obtained Relic","floor":27,"damage_taken":0}],"boss_relics":[{"not_picked":["Tiny House","Black Star"],"picked":"Cursed Key"}],"potions_floor_spawned":[8,12,14,16,18,22,29],"seed_played":"5652803311153113121","killed_by":"Automaton","is_trial":false}