{"path_per_floor":["M","?","M","M","?","E","R","E","T","?","M","M","R","$","R","B",null,"M","?","?","T","$","E","R","M","T","?","R","E","M","?","R","B",null,"M","$","?","$","?","R","M","T","T","R","?","R","$","M","R","B"],"character_chosen":"THE_SILENT","items_purchased":["Quick Slash","Whetstone","Die Die Die"],"gold_per_floor":[114,114,134,151,151,187,187,221,221,221,234,252,252,124,124,250,250,264,264,264,287,33,76,76,97,97,97,97,131,155,205,205,325,325,348,223,193,43,43,43,61,108,108,108,0,0,0,23,23,23],"floor_reached":51,"campfire_rested":0,"playtime":2323,"current_hp_per_floor":[70,70,70,70,65,46,46,24,24,45,43,43,43,43,43,5,65,56,56,45,45,45,31,31,41,41,41,41,43,43,43,43,22,45,45,45,45,45,45,45,45,45,45,45,45,45,45,45,45,29],"items_purged":["Strike_G","Bite_G","Bite_G"],"gold":23,"play_id":"9ce24c35-f8ec-4ab7-8742-316fe7833828","is_prod":false,"is_daily":false,"is_ascension_mode":true,"campfire_rituals":0,"campfire_upgraded":10,"path_taken":["M","?","?","M","?","E","R","E","T","?","M","M","R","$","R","BOSS","M","?","?","?","$","E","R","M","T","?","R","E","M","?","R","BOSS","M","$","?","$","?","R","M","?","T","R","?","R","?","M","R","BOSS"],"build_version":"2018-01-22-BETA2","purchased_purges":3,"victory":true,"master_deck":["Defend_G","Defend_G","Defend_G","Defend_G","Defend_G","Survivor","Neutralize","Dash","Dagger Spray","Skewer","Dagger Spray","Flying Knee","Quick Slash","After Image","Flying Knee","Bite_G","Bite_G","Bite_G","Leg Sweep","Backflip","After Image","Backflip","Die Die Die","Caltrops"],"max_hp_per_floor":[70,70,70,70,65,65,65,65,65,65,65,65,65,65,65,65,65,65,65,45,45,45,45,45,45,45,45,45,45,45,45,45,45,45,45,45,45,45,45,45,45,45,45,45,45,45,45,45,45,45],"relics":["Ring of the Snake","NeowsBlessing","Golden Idol","Tough Bandages","Centennial Puzzle","Anchor","Velvet Choker","Juzu Bracelet","Whetstone","Regal Pillow","Pantograph","Prayer Wheel","Black Star","Dodecahedron","Dream Catcher","Red Mask"],"campfire_meditates":0,"card_choices":[{"not_picked":["Bouncing Flask","Backflip"],"picked":"Dash"},{"not_picked":["Deflect","Backflip"],"picked":"Dagger Spray"},{"not_picked":["Accuracy","Riddle With Holes"],"picked":"Skewer"},{"not_picked":["Underhanded Strike","Cloak And Dagger"],"picked":"Dagger Spray"},{"not_picked":["Dagger Spray","Prepared"],"picked":"Flying Knee"},{"not_picked":["A Thousand Cuts","Burst"],"picked":"After Image"},{"not_picked":["Sucker Punch","Choke"],"picked":"Flying Knee"},{"not_picked":["Underhanded Strike","Poisoned Stab"],"picked":"Leg Sweep"},{"not_picked":["Underhanded Strike","Sucker Punch"],"picked":"Backflip"},{"not_picked":["Unload","Tactician"],"picked":"After Image"},{"not_picked":["Endless Agony","Skewer"],"picked":"Backflip"},{"not_picked":["Quick Slash","Finisher"],"picked":"Caltrops"}],"player_experience":295609,"potions_floor_usage":[33,48,50],"damage_taken":[{"damage":0.0,"enemies":"Jaw Worm","floor":1.0,"turns":1.0},{"damage":0.0,"enemies":"Small Slimes","floor":3.0,"turns":1.0},{"damage":0,"enemies":"Blue Slaver","floor":4,"turns":1},{"damage":19,"enemies":"Gremlin Nob","floor":6,"turns":5},{"damage":22,"enemies":"Lagavulin","floor":8,"turns":7},{"damage":2,"enemies":"Looter","floor":11,"turns":3},{"damage":0,"enemies":"3 Louse","floor":12,"turns":5},{"damage":38,"enemies":"Hexaghost","floor":16,"turns":12},{"damage":9,"enemies":"Spheric Guardian","floor":18,"turns":4},{"damage":20,"enemies":"Book of Stabbing","floor":23,"turns":6},{"damage":0,"enemies":"Shell Parasite","floor":25,"turns":4},{"damage":14,"enemies":"Gremlin Leader","floor":29,"turns":8},{"damage":2,"enemies":"Snake Plant","floor":30,"turns":4},{"damage":37,"enemies":"Automaton","floor":33,"turns":15},{"damage":3,"enemies":"3 Shapes","floor":35,"turns":8},{"damage":0,"enemies":"Orb Walker","floor":41,"turns":4},{"damage":0,"enemies":"4 Shapes","floor":48,"turns":7},{"damage":25,"enemies":"Time Eater","floor":50,"turns":16}],"event_choices":[{"event_name":"Living Wall","player_choice":"Forget","floor":2.0,"damage_taken":0.0},{"event_name":"Golden Idol","player_choice":"Lose Max HP","floor":5,"damage_taken":0},{"event_name":"Big Fish","player_choice":"Banana","floor":10,"damage_taken":0},{"event_name":"The Mausoleum","player_choice":"No","floor":19,"damage_taken":0},{"event_name":"Vampires","player_choice":"Became a vampire","floor":20,"damage_taken":0},{"event_name":"Back to Basics","player_choice":"Simplicity","floor":27,"damage_taken":0},{"event_name":"The Joust","player_choice":"Bet on Murderer","floor":31,"damage_taken":0},{"event_name":"The Woman in Blue","player_choice":"Bought 2 Potions","floor":37,"damage_taken":0},{"event_name":"Wheel of Change","player_choice":"Relic","floor":39,"damage_taken":0},{"event_name":"Tomb of Lord Red Mask","player_choice":"Paid","floor":45,"damage_taken":0}],"boss_relics":[{"not_picked":["Ectoplasm","Astrolabe"],"picked":"Velvet Choker"},{"not_picked":["White Beast Statue","Runic Dome"],"picked":"Black Star"}],"potions_floor_spawned":[1,4,12,23,25,41],"seed_played":"-3615359599482373624","ascension_level":1,"is_trial":false}