{"path_per_floor":["M","M","?","?","M","R","M","R","T","M","R","$","E","?","R","B",null,"M","M","?","?","M","R","$","R","T","E","?","R","?"],"character_chosen":"THE_SILENT","items_purchased":["Blur"],"gold_per_floor":[113,126,126,126,142,142,154,154,154,174,174,26,60,60,60,155,155,171,188,188,188,206,206,206,206,206,231,231,231,257],"floor_reached":31,"campfire_rested":3,"playtime":4175,"current_hp_per_floor":[60,60,65,58,58,58,58,58,58,57,57,57,44,44,44,43,65,43,43,43,67,4,25,25,46,46,25,25,46,34],"items_purged":["Pain"],"gold":257,"play_id":"db6ab58e-a5c0-449b-9f89-4e760249d45b","is_prod":false,"is_daily":false,"is_ascension_mode":true,"campfire_upgraded":4,"path_taken":["M","M","?","?","M","R","?","R","T","M","R","$","E","?","R","BOSS","M","M","?","?","M","R","$","R","T","E","?","R","?","M"],"build_version":"2018-02-02-BETA1","purchased_purges":1,"victory":false,"master_deck":["Defend_G+1","Defend_G+1","Defend_G+1","Defend_G+1","Defend_G+1","Strike_G+1","Strike_G+1","Strike_G+1","Strike_G+1","Survivor","Neutralize+1","Backflip","Escape Plan","PiercingWail","Dagger Throw+1","Choke+1","Blur+1","Infinite Blades","Dodge and Roll","Bullet Time","Quick Slash","Backflip","Acrobatics","Leg Sweep","Cloak And Dagger","Dagger Spray","Leg Sweep"],"max_hp_per_floor":[70,70,75,72,72,72,72,72,72,72,72,72,72,72,72,72,72,72,72,72,72,72,72,72,72,72,72,72,72,72],"relics":["Cursed Key","Juzu Bracelet","Dodecahedron","Orrery","Ice Cream","Snake Skull","Red Mask"],"card_choices":[{"not_picked":["Underhanded Strike","Masterful Stab"],"picked":"Backflip"},{"not_picked":["Distraction","Bane"],"picked":"Escape Plan"},{"not_picked":["Reflex","Backstab"],"picked":"PiercingWail"},{"not_picked":["Cloak And Dagger","Infinite Blades"],"picked":"Dagger Throw"},{"not_picked":["Sucker Punch","Blade Dance"],"picked":"Choke"},{"not_picked":["Outmaneuver","Dagger Throw"],"picked":"Infinite Blades"},{"not_picked":["A Thousand Cuts","Tools of the Trade"],"picked":"Bullet Time"},{"not_picked":["Poisoned Stab","Eviscerate"],"picked":"Quick Slash"},{"not_picked":["Outmaneuver","Sucker Punch"],"picked":"Backflip"},{"not_picked":["Distraction","Prepared"],"picked":"Acrobatics"},{"not_picked":["Choke","Underhanded Strike"],"picked":"Leg Sweep"},{"not_picked":["All Out Attack","Quick Slash"],"picked":"Cloak And Dagger"},{"not_picked":["Envenom","Calculated Gamble"],"picked":"Dagger Spray"},{"not_picked":["Underhanded Strike","Bane"],"picked":"Leg Sweep"}],"player_experience":381014,"potions_floor_usage":[13,16,18,27,30,31],"damage_taken":[{"damage":3,"enemies":"Jaw Worm","floor":1,"turns":5},{"damage":0,"enemies":"2 Louse","floor":2,"turns":4},{"damage":0,"enemies":"Small Slimes","floor":5,"turns":4},{"damage":0,"enemies":"2 Fungi Beasts","floor":7,"turns":5},{"damage":1,"enemies":"Red Slaver","floor":10,"turns":4},{"damage":13,"enemies":"3 Sentries","floor":13,"turns":10},{"damage":1,"enemies":"The Guardian","floor":16,"turns":10},{"damage":22,"enemies":"Spheric Guardian","floor":18,"turns":6},{"damage":0,"enemies":"Shell Parasite","floor":19,"turns":7},{"damage":63,"enemies":"Cultist and Chosen","floor":22,"turns":12},{"damage":21,"enemies":"Slavers","floor":27,"turns":8},{"damage":12,"enemies":"Masked Bandits","floor":30,"turns":5},{"damage":40,"enemies":"3 Cultists","floor":31,"turns":10}],"event_choices":[{"event_name":"Big Fish","player_choice":"Donut","floor":3,"damage_taken":0},{"event_name":"Golden Wing","player_choice":"Card Removal","floor":4,"damage_taken":0},{"event_name":"Transmorgrifier","player_choice":"Transform","floor":14,"damage_taken":0},{"event_name":"Back to Basics","player_choice":"Simplicity","floor":20,"damage_taken":0},{"event_name":"The Library","player_choice":"Heal","floor":21,"damage_taken":0},{"event_name":"Fountain of Cleansing","player_choice":"Removed Curse","floor":28,"damage_taken":0},{"event_name":"Masked Bandits","player_choice":"Fought over 231 gold","floor":30,"damage_taken":0}],"boss_relics":[{"not_picked":["The Specimen","Runic Pyramid"],"picked":"Orrery"}],"potions_floor_spawned":[10,13,16,22,27,30],"seed_played":"4647072707518884523","killed_by":"3 Cultists","ascension_level":10,"is_trial":false}