{"path_per_floor":["M","M","?","$","M","R","E","M","T","?","R","M","R","E","R","B",null,"M","?","?","M","M","R","E","R","T","R","?","$","M","$","R"],"character_chosen":"THE_SILENT","items_purchased":["Toxic Egg 2"],"gold_per_floor":[110,124,124,49,59,59,89,109,109,89,89,103,103,131,131,226,226,244,244,244,260,278,278,306,306,306,306,306,58,70,70,70],"floor_reached":33,"campfire_rested":1,"playtime":4038,"current_hp_per_floor":[56,54,47,47,46,46,22,22,22,22,22,22,22,27,27,23,64,51,51,51,50,50,50,33,33,33,33,33,33,32,32,70],"items_purged":["Strike_G"],"gold":70,"play_id":"f7176776-a23e-4087-b5a5-d58999b8d23f","is_prod":false,"is_daily":false,"is_ascension_mode":true,"campfire_upgraded":7,"path_taken":["M","M","?","$","M","R","E","M","T","?","R","?","R","E","R","BOSS","M","?","?","?","M","R","E","R","T","R","?","$","M","$","R","BOSS"],"build_version":"2018-02-02-BETA1","purchased_purges":1,"victory":false,"master_deck":["Defend_G","Defend_G","Defend_G","Defend_G","Defend_G","Strike_G","Strike_G","Survivor+1","Neutralize+1","Sucker Punch+1","Predator+1","Footwork+1","Skewer+1","Dagger Spray","After Image","After Image","Quick Slash+1","Flying Knee+1"],"max_hp_per_floor":[70,70,70,70,70,70,70,70,70,70,70,70,70,77,77,77,77,77,77,77,77,77,77,77,77,77,77,77,77,77,77,77],"relics":["Ring of the Snake","Regal Pillow","Torii","Strawberry","Runic Dome","Pen Nib","Calipers","Toxic Egg 2"],"card_choices":[{"not_picked":["Deflect","Endless Agony"],"picked":"Sucker Punch"},{"not_picked":["Backflip","Outmaneuver"],"picked":"Predator"},{"not_picked":["Deadly Poison","Quick Slash"],"picked":"Footwork"},{"not_picked":["Dash","Crippling Poison"],"picked":"Skewer"},{"not_picked":["Venomology","Prepared"],"picked":"Dagger Spray"},{"not_picked":["Night Terror","Envenom"],"picked":"After Image"},{"not_picked":["Well Laid Plans","Reflex"],"picked":"Quick Slash"},{"not_picked":["Dash","Dagger Spray"],"picked":"Flying Knee"}],"player_experience":329150,"potions_floor_usage":[7,14,18,24,33],"damage_taken":[{"damage":7,"enemies":"Small Slimes","floor":1,"turns":5},{"damage":2,"enemies":"Cultist","floor":2,"turns":4},{"damage":1,"enemies":"Jaw Worm","floor":5,"turns":4},{"damage":24,"enemies":"Gremlin Nob","floor":7,"turns":5},{"damage":0,"enemies":"Large Slime","floor":8,"turns":7},{"damage":0,"enemies":"2 Fungi Beasts","floor":12,"turns":4},{"damage":2,"enemies":"3 Sentries","floor":14,"turns":6},{"damage":4,"enemies":"The Guardian","floor":16,"turns":14},{"damage":13,"enemies":"Chosen","floor":18,"turns":5},{"damage":1,"enemies":"Shell Parasite","floor":21,"turns":7},{"damage":0,"enemies":"Centurion and Healer","floor":22,"turns":9},{"damage":17,"enemies":"Slavers","floor":24,"turns":5},{"damage":1,"enemies":"Slaver and Parasite","floor":30,"turns":7},{"damage":77,"enemies":"Champ","floor":33,"turns":15}],"event_choices":[{"event_name":"Wheel of Change","player_choice":"Damage","floor":3,"damage_taken":0},{"event_name":"World of Goop","player_choice":"Left","floor":10,"damage_taken":0},{"event_name":"Bonfire Elementals","player_choice":"BASIC","floor":19,"damage_taken":0},{"event_name":"Transmorgrifier","player_choice":"Transform","floor":20,"damage_taken":0},{"event_name":"Drug Dealer","player_choice":"Ignored","floor":28,"damage_taken":0}],"boss_relics":[{"not_picked":["The Specimen","Runic Pyramid"],"picked":"Runic Dome"}],"potions_floor_spawned":[5,7,12,24],"seed_played":"-3875808542477980142","killed_by":"Champ","ascension_level":7,"is_trial":false}