{"path_per_floor":["M","M","?","?","M","R","M","$","T","R","$","R","M","M","R","B",null,"M","$","?","?","?","R","$","R","T","R","?","M","R","$","R","B",null,"M","T","?","$","M","E","M","T","T","M","M","R","?","$","R","B"],"character_chosen":"THE_SILENT","items_purchased":["Terror","Whetstone"],"gold_per_floor":[114,132,132,82,97,97,113,1,1,1,1,1,21,37,37,139,139,154,1,1,1,1,1,1,1,1,1,1,19,19,19,19,122,122,137,137,0,0,11,41,60,60,86,99,116,116,116,16,16,16],"floor_reached":51,"campfire_rested":1,"playtime":3839,"current_hp_per_floor":[63,62,62,62,62,62,59,59,59,59,59,59,59,59,59,47,64,63,63,63,63,47,47,47,47,47,47,47,47,47,47,47,6,54,54,54,54,54,45,18,18,18,18,18,7,28,80,80,80,7],"items_purged":["Strike_G","Strike_G"],"gold":16,"play_id":"12ce554a-1704-41b4-bd2e-7dadeebcb275","is_prod":false,"is_daily":false,"is_ascension_mode":true,"campfire_upgraded":10,"path_taken":["M","M","?","?","M","R","M","$","T","R","$","R","?","M","R","BOSS","M","$","?","?","?","R","$","R","T","R","?","?","R","?","R","BOSS","M","?","?","$","M","E","M","?","T","?","M","R","?","?","R","BOSS"],"build_version":"2018-02-02-BETA1","purchased_purges":4,"victory":true,"master_deck":["Defend_G","Defend_G","Defend_G","Defend_G","Defend_G","Strike_G+1","Strike_G","Survivor","Neutralize+1","PiercingWail+1","Predator+1","Die Die Die+1","Terror+1","Dagger Throw+1","After Image+1","Skewer+1","Blur+1","Flying Knee+1","Flying Knee+1","Backflip+1","Sucker Punch+1","Necronomicurse","Outmaneuver+1","Dagger Throw+1"],"max_hp_per_floor":[70,70,70,70,70,70,70,70,70,70,70,70,70,70,70,70,70,70,70,70,70,70,70,70,70,70,70,70,70,70,70,70,70,70,70,70,70,70,70,70,70,70,70,70,70,70,80,80,80,80],"relics":["Ring of the Snake","Bag of Marbles","Frozen Eye","Orrery","Whetstone","Necronomicon","Du-Vu Doll","Snecko Eye","Calipers","Red Mask","Mummified Hand","Snake Skull","Ancient Tea Set"],"card_choices":[{"not_picked":["Masterful Stab","Malaise"],"picked":"PiercingWail"},{"not_picked":["Sucker Punch","Dagger Throw"],"picked":"Predator"},{"not_picked":["Underhanded Strike","Finisher"],"picked":"Die Die Die"},{"not_picked":["Backflip","Accuracy"],"picked":"Dagger Throw"},{"not_picked":["Wraith Form","Envenom"],"picked":"After Image"},{"not_picked":["Escape Plan","Outmaneuver"],"picked":"Skewer"},{"not_picked":["Bouncing Flask","Outmaneuver"],"picked":"Blur"},{"not_picked":["Dagger Throw","Dagger Spray"],"picked":"Flying Knee"},{"not_picked":["Setup","Sucker Punch"],"picked":"Flying Knee"},{"not_picked":["Quick Slash","Underhanded Strike"],"picked":"Backflip"},{"not_picked":["Tactician","Bane"],"picked":"Sucker Punch"},{"not_picked":["Tools of the Trade","A Thousand Cuts"],"picked":"Doppelganger"},{"not_picked":["Bane","Deadly Poison"],"picked":"Outmaneuver"},{"not_picked":["Flechettes","Distraction"],"picked":"Dagger Throw"}],"player_experience":349447,"potions_floor_usage":[18,18,33,33,40,45],"damage_taken":[{"damage":0,"enemies":"Cultist","floor":1,"turns":4},{"damage":1,"enemies":"Jaw Worm","floor":2,"turns":7},{"damage":0,"enemies":"2 Louse","floor":5,"turns":2},{"damage":3,"enemies":"Looter","floor":7,"turns":4},{"damage":0,"enemies":"Exordium Thugs","floor":13,"turns":3},{"damage":0,"enemies":"Large Slime","floor":14,"turns":3},{"damage":12,"enemies":"Hexaghost","floor":16,"turns":8},{"damage":1,"enemies":"2 Thieves","floor":18,"turns":2},{"damage":0,"enemies":"Spheric Guardian","floor":29,"turns":1},{"damage":41,"enemies":"Collector","floor":33,"turns":8},{"damage":0,"enemies":"Orb Walker","floor":35,"turns":2},{"damage":9,"enemies":"3 Shapes","floor":39,"turns":5},{"damage":27,"enemies":"2 Orb Walkers","floor":40,"turns":4},{"damage":0,"enemies":"Sphere and 2 Shapes","floor":41,"turns":4},{"damage":0,"enemies":"3 Darklings","floor":44,"turns":2},{"damage":11,"enemies":"Spire Growth","floor":45,"turns":3},{"damage":73,"enemies":"Awakened One","floor":50,"turns":12}],"event_choices":[{"event_name":"Liars Game","player_choice":"disagreed","floor":3,"damage_taken":0},{"event_name":"The Cleric","player_choice":"Card Removal","floor":4,"damage_taken":0},{"event_name":"Accursed Blacksmith","player_choice":"Forge","floor":20,"damage_taken":0},{"event_name":"The Mausoleum","player_choice":"No","floor":21,"damage_taken":0},{"event_name":"Cursed Tome","player_choice":"Obtained Book","floor":22,"damage_taken":0},{"event_name":"Addict","player_choice":"Ignored","floor":28,"damage_taken":0},{"event_name":"Tomb of Lord Red Mask","player_choice":"Paid","floor":37,"damage_taken":0},{"event_name":"Bonfire Elementals","player_choice":"RARE","floor":47,"damage_taken":0}],"boss_relics":[{"not_picked":["Calling Bell","Lizard Tail"],"picked":"Orrery"},{"not_picked":["The Specimen","Runic Dome"],"picked":"Snecko Eye"}],"potions_floor_spawned":[1,7,16,18,35,41,44],"seed_played":"-115500546850617183","ascension_level":8,"is_trial":false}