{"path_per_floor":["M","?","M","M","$","R","M","M","T","R","M","R","T","E","R","B",null,"M","?","M","M","?","R","?","R","T","R","?","M","$","M","R"],"character_chosen":"THE_SILENT","items_purchased":["Dagger Spray","War Paint"],"gold_per_floor":[115,115,130,150,21,21,41,54,54,54,67,67,67,92,92,192,192,204,204,215,232,232,232,232,232,232,232,232,247,2,14,14],"floor_reached":33,"campfire_rested":1,"playtime":2641,"current_hp_per_floor":[63,63,63,63,63,63,63,62,62,62,62,62,62,62,62,34,59,59,59,53,38,38,38,22,42,42,42,42,42,42,42,42],"items_purged":["Strike_G","Storm of Steel"],"gold":14,"play_id":"29103303-df88-4670-b6a3-302ae4089703","is_prod":false,"is_daily":false,"is_ascension_mode":true,"campfire_upgraded":7,"path_taken":["M","?","M","?","$","R","M","M","T","R","M","R","?","E","R","BOSS","M","?","M","M","?","R","?","R","T","R","?","M","$","M","R","BOSS"],"build_version":"2018-02-02-BETA1","purchased_purges":2,"victory":false,"master_deck":["Defend_G+1","Defend_G+1","Defend_G+1","Defend_G+1","Strike_G+1","Strike_G+1","Survivor+1","Neutralize+1","Dagger Spray","Backflip+1","Die Die Die+1","Dagger Spray+1","Dagger Throw+1","Poisoned Stab+1","Skewer+1","Tactician+1","Prepared+1","Expertise+1","Flying Knee"],"max_hp_per_floor":[70,67,67,67,67,67,67,67,67,67,67,67,67,67,67,67,67,67,67,67,67,67,67,67,67,67,67,67,67,67,67,67],"relics":["Ring of the Snake","NeowsBlessing","Darkstone Periapt","Tough Bandages","Orichalcum","Astrolabe","Nilry\u0027s Codex","Ninja Scroll","War Paint"],"card_choices":[{"not_picked":["Outmaneuver","Poisoned Stab"],"picked":"Dagger Spray"},{"not_picked":["Prepared","PiercingWail"],"picked":"Backflip"},{"not_picked":["Dodge and Roll","Cloak And Dagger"],"picked":"Die Die Die"},{"not_picked":["Poisoned Stab","PiercingWail"],"picked":"Dagger Throw"},{"not_picked":["Acrobatics","Bane"],"picked":"Poisoned Stab"},{"not_picked":["Reflex","Deadly Poison"],"picked":"Skewer"},{"not_picked":["Wraith Form","Phantasmal Killer"],"picked":"Tactician"},{"not_picked":["Accuracy","Deflect"],"picked":"Flying Knee"}],"player_experience":378373,"potions_floor_usage":[14,16,33],"damage_taken":[{"damage":0,"enemies":"Small Slimes","floor":1,"turns":1},{"damage":0,"enemies":"Jaw Worm","floor":3,"turns":1},{"damage":0,"enemies":"Blue Slaver","floor":4,"turns":1},{"damage":0,"enemies":"3 Louse","floor":7,"turns":2},{"damage":1,"enemies":"Looter","floor":8,"turns":3},{"damage":0,"enemies":"Large Slime","floor":11,"turns":4},{"damage":0,"enemies":"3 Sentries","floor":14,"turns":3},{"damage":28,"enemies":"Slime Boss","floor":16,"turns":11},{"damage":0,"enemies":"3 Byrds","floor":18,"turns":3},{"damage":6,"enemies":"Shell Parasite","floor":20,"turns":6},{"damage":15,"enemies":"Snake Plant","floor":21,"turns":5},{"damage":0,"enemies":"Centurion and Healer","floor":29,"turns":6},{"damage":0,"enemies":"Slaver and Parasite","floor":31,"turns":5},{"damage":49,"enemies":"Collector","floor":33,"turns":5}],"event_choices":[{"event_name":"Living Wall","player_choice":"Forget","floor":2,"damage_taken":0},{"event_name":"Drug Dealer","player_choice":"Ignored","floor":19,"damage_taken":0},{"event_name":"Back to Basics","player_choice":"Simplicity","floor":22,"damage_taken":0},{"event_name":"Cursed Tome","player_choice":"Obtained Book","floor":24,"damage_taken":0},{"event_name":"Vampires","player_choice":"Ignored","floor":28,"damage_taken":0}],"boss_relics":[{"not_picked":["Tiny House","Eternal Feather"],"picked":"Astrolabe"}],"potions_floor_spawned":[3,11,21,31],"seed_played":"-4384931012563308836","killed_by":"Collector","ascension_level":10,"is_trial":false}