{"path_per_floor":["M","$","M","M","?","E","R","M","T","R","?","?","E","M","R","B",null,"M","M","$","?","$","R","M","R","T","R","E","?","R","M","R","B",null,"M","?","M","?","?","R","T","$","T","M","M","E","R","M","R","B"],"character_chosen":"THE_SILENT","items_purchased":["Whetstone","Adrenaline"],"gold_per_floor":[114,39,55,66,66,105,105,129,129,129,129,165,208,228,228,347,347,347,347,39,39,39,39,39,39,39,39,39,39,39,39,39,39,39,39,39,39,39,0,0,0,0,0,0,0,0,0,0,0,0],"floor_reached":51,"campfire_rested":1,"playtime":6287,"current_hp_per_floor":[63,63,59,59,59,55,55,55,55,55,55,55,46,46,46,46,60,57,57,57,57,57,57,54,54,54,54,42,26,26,26,45,45,60,60,60,64,64,64,64,64,64,64,64,64,55,55,55,55,30],"items_purged":["Finisher"],"gold":0,"play_id":"63b2e7e0-9b78-44f5-bb9b-fac9246ea6d6","is_prod":false,"is_daily":false,"is_ascension_mode":true,"campfire_upgraded":10,"path_taken":["M","$","M","M","?","E","R","M","T","R","?","?","E","M","R","BOSS","M","M","$","?","$","R","M","R","T","R","E","?","R","M","R","BOSS","M","?","M","?","?","R","?","?","T","M","M","E","R","M","R","BOSS"],"build_version":"2018-02-02-BETA1","purchased_purges":1,"victory":true,"master_deck":["Survivor","Neutralize+1","Dash+1","Sucker Punch+1","Well Laid Plans","Slice","Flying Knee+1","Leg Sweep+1","Prepared","Deadly Poison+1","Dagger Spray","Terror+1","Skewer+1","Dash+1","Blur+1","Quick Slash+1","Flying Knee+1","Tools of the Trade+1","Quick Slash+1","Deflect+1","Adrenaline","PiercingWail+1","Cloak And Dagger+1","After Image","Backflip+1","Malaise+1"],"max_hp_per_floor":[70,70,70,70,65,65,65,65,65,65,65,65,65,65,65,65,65,65,65,65,65,65,65,65,65,65,65,65,65,65,65,65,65,65,65,65,65,65,65,65,65,65,65,65,65,65,65,65,65,65],"relics":["Pandora\u0027s Box","Golden Idol","Toolbox","Du-Vu Doll","Odd Mushroom","Juzu Bracelet","Ectoplasm","Whetstone","Happy Flower","Dream Catcher","Nilry\u0027s Codex","White Beast Statue","Red Mask","Ice Cream","Omamori","Girya"],"card_choices":[{"not_picked":["Dagger Spray","Malaise"],"picked":"Terror"},{"not_picked":["Malaise","Crippling Poison"],"picked":"Skewer"},{"not_picked":["Poisoned Stab","Distraction"],"picked":"Dash"},{"not_picked":["Acrobatics","Backstab"],"picked":"Blur"},{"not_picked":["Deflect","Finisher"],"picked":"Quick Slash"},{"not_picked":["Bane","Setup"],"picked":"Flying Knee"},{"not_picked":["Corpse Explosion","Burst"],"picked":"Tools of the Trade"},{"not_picked":["Slice","All Out Attack"],"picked":"Quick Slash"},{"not_picked":["Eviscerate","Slice"],"picked":"Deflect"},{"not_picked":["Dagger Throw","Deflect"],"picked":"PiercingWail"},{"not_picked":["Dagger Throw","Escape Plan"],"picked":"Cloak And Dagger"},{"not_picked":["Venomology","Storm of Steel"],"picked":"After Image"},{"not_picked":["Outmaneuver","Bouncing Flask"],"picked":"Backflip"},{"not_picked":["Dagger Throw","Bane"],"picked":"Malaise"}],"player_experience":367232,"potions_floor_usage":[8,24,28,33,37,46,50],"damage_taken":[{"damage":0,"enemies":"Small Slimes","floor":1,"turns":2},{"damage":4,"enemies":"Jaw Worm","floor":3,"turns":2},{"damage":0,"enemies":"Cultist","floor":4,"turns":3},{"damage":4,"enemies":"3 Sentries","floor":6,"turns":7},{"damage":0,"enemies":"3 Louse","floor":8,"turns":1},{"damage":0,"enemies":"The Mushroom Lair","floor":12,"turns":4},{"damage":9,"enemies":"Lagavulin","floor":13,"turns":4},{"damage":0,"enemies":"Large Slime","floor":14,"turns":4},{"damage":0,"enemies":"The Guardian","floor":16,"turns":7},{"damage":3,"enemies":"3 Byrds","floor":18,"turns":4},{"damage":0,"enemies":"Spheric Guardian","floor":19,"turns":3},{"damage":3,"enemies":"Snake Plant","floor":24,"turns":3},{"damage":12,"enemies":"Slavers","floor":28,"turns":4},{"damage":0,"enemies":"Sentry and Sphere","floor":31,"turns":4},{"damage":0,"enemies":"Champ","floor":33,"turns":11},{"damage":0,"enemies":"Flame Bruiser 1 Orb","floor":35,"turns":4},{"damage":8,"enemies":"3 Darklings","floor":37,"turns":5},{"damage":0,"enemies":"Maw","floor":44,"turns":6},{"damage":0,"enemies":"Sphere and 2 Shapes","floor":45,"turns":6},{"damage":9,"enemies":"2 Orb Walkers","floor":46,"turns":4},{"damage":0,"enemies":"Flame Bruiser 2 Orb","floor":48,"turns":4},{"damage":25,"enemies":"Time Eater","floor":50,"turns":13}],"event_choices":[{"event_name":"Golden Idol","player_choice":"Lose Max HP","floor":5,"damage_taken":0},{"event_name":"Living Wall","player_choice":"Grow","floor":11,"damage_taken":0},{"event_name":"Mushrooms","player_choice":"Fought Mushrooms","floor":12,"damage_taken":0},{"event_name":"Vampires","player_choice":"Ignored","floor":21,"damage_taken":0},{"event_name":"Cursed Tome","player_choice":"Obtained Book","floor":29,"damage_taken":0},{"event_name":"Upgrade Shrine","player_choice":"Upgraded","floor":36,"damage_taken":0},{"event_name":"Golden Shrine","player_choice":"Pray","floor":38,"damage_taken":0},{"event_name":"Tomb of Lord Red Mask","player_choice":"Paid","floor":39,"damage_taken":0}],"boss_relics":[{"not_picked":["Orrery","Astrolabe"],"picked":"Ectoplasm"},{"not_picked":["Cursed Key","Snecko Eye"],"picked":"White Beast Statue"}],"potions_floor_spawned":[6,12,14,16,18,24,28,31,35,37,44,45,46,48],"seed_played":"-4911318729941693028","ascension_level":9,"is_trial":false}