{"path_per_floor":["M","$","M","M","?","R","E","M","T","M","?","$","R","M","R","B",null,"M","?","$","?","?","R","M","M","T","R","M","$","M","M","R","B",null,"M","?","?","M","M","R","$","E","T","R","M","E","$","?","R","B"],"character_chosen":"THE_SILENT","items_purchased":["Night Terror","Dash"],"gold_per_floor":[115,40,52,65,65,65,92,108,108,118,118,18,18,37,37,142,142,157,157,32,32,32,32,45,56,82,82,100,32,51,65,65,169,169,187,187,187,206,217,217,67,101,101,101,111,145,67,115,115,115],"floor_reached":51,"campfire_rested":3,"playtime":6505,"current_hp_per_floor":[63,63,61,58,51,51,32,26,26,24,24,24,44,46,46,25,57,59,59,59,59,43,43,43,42,42,42,41,41,41,41,67,67,67,67,67,67,67,67,67,67,67,67,67,58,23,23,23,58,19],"items_purged":["Parasite","Strike_G","Strike_G","Strike_G"],"gold":115,"play_id":"7bed3a7c-4bba-48e8-8db1-2900addb6c36","is_prod":false,"is_daily":false,"is_ascension_mode":true,"campfire_upgraded":6,"path_taken":["M","$","M","M","?","R","E","M","T","?","?","$","R","M","R","BOSS","M","?","$","?","?","R","M","M","T","R","M","?","?","M","R","BOSS","M","?","?","M","M","R","$","E","T","R","M","E","$","?","R","BOSS"],"build_version":"2018-02-02-BETA1","purchased_purges":4,"victory":true,"master_deck":["Defend_G","Defend_G","Defend_G","Defend_G","Defend_G","Strike_G","Survivor","Neutralize+1","Terror","Quick Slash+1","Leg Sweep+1","Predator+1","Footwork+1","Flying Knee+1","PiercingWail","Bullet Time","Dagger Throw+1","Bouncing Flask+1","Night Terror","Backflip","Acrobatics+1","Bullet Time","Acrobatics+1","Riddle With Holes+1","Blur+1","Dash","Dash","Riddle With Holes"],"max_hp_per_floor":[70,67,67,67,67,67,67,67,67,67,67,67,67,67,67,67,67,67,67,67,67,67,67,67,67,67,67,67,67,67,67,67,67,67,67,67,67,67,67,67,67,67,67,67,67,67,67,67,67,67],"relics":["Philosopher\u0027s Stone","Dream Catcher","Art of War","Snecko Eye","Nloth\u0027s Gift","Bag of Preparation","Nilry\u0027s Codex","Regal Pillow","Sozu","Toxic Egg 2","Pantograph","Tingsha","Unceasing Top"],"card_choices":[{"not_picked":["Underhanded Strike","Acrobatics"],"picked":"Terror"},{"not_picked":["Accuracy","PiercingWail"],"picked":"Quick Slash"},{"not_picked":["Crippling Poison","Underhanded Strike"],"picked":"Leg Sweep"},{"not_picked":["Outmaneuver","Poisoned Stab"],"picked":"Predator"},{"not_picked":["Doppelganger","Dodge and Roll"],"picked":"Footwork"},{"not_picked":["Terror","Choke"],"picked":"Flying Knee"},{"not_picked":["Dagger Throw","Well Laid Plans"],"picked":"PiercingWail"},{"not_picked":["Wraith Form","Burst"],"picked":"Bullet Time"},{"not_picked":["Quick Slash","Slice"],"picked":"Dagger Throw"},{"not_picked":["Poisoned Stab","Concentrate"],"picked":"Bouncing Flask"},{"not_picked":["Accuracy","Cloak And Dagger"],"picked":"Backflip"},{"not_picked":["Outmaneuver","Deflect"],"picked":"Acrobatics"},{"not_picked":["Adrenaline","Die Die Die"],"picked":"Bullet Time"},{"not_picked":["Dagger Throw","Cloak And Dagger"],"picked":"Acrobatics"},{"not_picked":["Bane","Sucker Punch"],"picked":"Riddle With Holes"},{"not_picked":["Outmaneuver","After Image"],"picked":"Blur"},{"not_picked":["Finisher","Flying Knee"],"picked":"Dash"},{"not_picked":["Deflect","Prepared"],"picked":"Riddle With Holes"}],"player_experience":393505,"potions_floor_usage":[16,16,24,25,25,33,33],"damage_taken":[{"damage":0,"enemies":"Jaw Worm","floor":1,"turns":4},{"damage":2,"enemies":"Cultist","floor":3,"turns":4},{"damage":3,"enemies":"Blue Slaver","floor":4,"turns":5},{"damage":19,"enemies":"Lagavulin","floor":7,"turns":7},{"damage":6,"enemies":"3 Louse","floor":8,"turns":6},{"damage":2,"enemies":"Exordium Thugs","floor":10,"turns":6},{"damage":0,"enemies":"Looter","floor":14,"turns":3},{"damage":23,"enemies":"Hexaghost","floor":16,"turns":11},{"damage":0,"enemies":"2 Thieves","floor":18,"turns":4},{"damage":0,"enemies":"3 Byrds","floor":24,"turns":6},{"damage":1,"enemies":"Slaver and Parasite","floor":25,"turns":3},{"damage":1,"enemies":"3 Cultists","floor":28,"turns":4},{"damage":0,"enemies":"Chosen and Byrds","floor":30,"turns":3},{"damage":0,"enemies":"Snecko","floor":31,"turns":3},{"damage":0,"enemies":"Champ","floor":33,"turns":6},{"damage":0,"enemies":"Flame Bruiser 1 Orb","floor":35,"turns":3},{"damage":0,"enemies":"3 Darklings","floor":38,"turns":5},{"damage":0,"enemies":"Maw","floor":39,"turns":5},{"damage":0,"enemies":"Giant Head","floor":42,"turns":4},{"damage":9,"enemies":"Spire Growth","floor":45,"turns":4},{"damage":35,"enemies":"2 Orb Walkers","floor":46,"turns":7},{"damage":0,"enemies":"Mysterious Sphere","floor":48,"turns":3},{"damage":48,"enemies":"Donu and Deca","floor":50,"turns":9}],"event_choices":[{"event_name":"Golden Wing","player_choice":"Card Removal","floor":5,"damage_taken":0},{"event_name":"Dead Adventurer","player_choice":"Searched \u00271\u0027 times","floor":11,"damage_taken":0},{"event_name":"N\u0027loth","player_choice":"Traded a Blood Vial","floor":19,"damage_taken":0},{"event_name":"Wheel of Change","player_choice":"Relic","floor":21,"damage_taken":0},{"event_name":"Cursed Tome","player_choice":"Obtained Book","floor":22,"damage_taken":0},{"event_name":"Upgrade Shrine","player_choice":"Upgraded","floor":36,"damage_taken":0},{"event_name":"Tomb of Lord Red Mask","player_choice":"Ignored","floor":37,"damage_taken":0},{"event_name":"Mysterious Sphere","player_choice":"Fight","floor":48,"damage_taken":0}],"boss_relics":[{"not_picked":["Question Card","Runic Pyramid"],"picked":"Snecko Eye"},{"not_picked":["Tiny House","Orrery"],"picked":"Sozu"}],"potions_floor_spawned":[4,7,10,18,24,25,30,39,42,48],"seed_played":"2148224459894083198","ascension_level":10,"is_trial":false}