{"path_per_floor":["M","?","$","M","M","E","M","E","T","M","R","M","$","M","R","B",null,"M","$","?","?","$","R","E","R","T","M","M"],"character_chosen":"THE_SILENT","items_purchased":["Flying Knee"],"gold_per_floor":[119,119,44,60,78,105,124,153,153,172,172,190,41,30,30,130,130,145,20,20,20,20,20,55,55,80,100,111],"floor_reached":29,"campfire_rested":2,"playtime":1472,"current_hp_per_floor":[63,63,63,63,63,49,31,11,11,23,23,29,29,39,59,26,57,57,57,57,57,57,57,20,40,40,40,16],"items_purged":["Parasite","Strike_G","Doubt"],"gold":111,"score":395,"play_id":"10f2b6b3-be8d-4585-8f26-43747befa05c","is_prod":false,"is_daily":false,"is_ascension_mode":true,"campfire_upgraded":0,"path_taken":["M","?","$","?","?","E","M","E","T","M","R","M","?","M","R","BOSS","M","$","?","?","?","R","E","R","T","?","M","M"],"build_version":"2018-02-08-BETA1","purchased_purges":5,"victory":false,"master_deck":["Defend_G","Defend_G","Defend_G","Defend_G","Defend_G","Strike_G","Strike_G","Survivor","Neutralize","Terror+1","Flash of Steel","Blur","Dash","Blur","Dagger Throw","Flying Knee","Flying Knee","Flying Knee","Cloak And Dagger","Adrenaline","Quick Slash","Predator"],"max_hp_per_floor":[70,70,67,67,67,67,67,67,67,67,67,67,67,67,67,67,67,67,67,67,67,67,67,67,67,67,67,67],"relics":["Ring of the Snake","NeowsBlessing","Peace Pipe","Omamori","Meat on the Bone","Calling Bell","Snake Skull","Pen Nib","Bag of Preparation","Girya","Anchor"],"card_choices":[{"not_picked":["Poisoned Stab","Backflip"],"picked":"Terror"},{"not_picked":["Expertise","Dagger Spray"],"picked":"Dash"},{"not_picked":["Deadly Poison","Expertise"],"picked":"Blur"},{"not_picked":["Caltrops","Outmaneuver"],"picked":"Dagger Throw"},{"not_picked":["Eviscerate","PiercingWail"],"picked":"Flying Knee"},{"not_picked":["Acrobatics","Dagger Throw"],"picked":"Flying Knee"},{"not_picked":["Reflex","Flying Knee"],"picked":"Cloak And Dagger"},{"not_picked":["Bullet Time","Wraith Form"],"picked":"Adrenaline"},{"not_picked":["Blade Dance","Cloak And Dagger"],"picked":"Quick Slash"},{"not_picked":["Wraith Form","Riddle With Holes"],"picked":"Predator"}],"player_experience":546467,"potions_floor_usage":[24],"damage_taken":[{"damage":0.0,"enemies":"Small Slimes","floor":1.0,"turns":1.0},{"damage":0.0,"enemies":"Cultist","floor":4.0,"turns":1.0},{"damage":0.0,"enemies":"2 Louse","floor":5.0,"turns":1.0},{"damage":26.0,"enemies":"Lagavulin","floor":6.0,"turns":8.0},{"damage":18.0,"enemies":"Lots of Slimes","floor":7.0,"turns":8.0},{"damage":20.0,"enemies":"3 Sentries","floor":8.0,"turns":12.0},{"damage":0.0,"enemies":"Red Slaver","floor":10.0,"turns":3.0},{"damage":6.0,"enemies":"Exordium Wildlife","floor":12.0,"turns":5.0},{"damage":2.0,"enemies":"Exordium Thugs","floor":14.0,"turns":4.0},{"damage":45.0,"enemies":"Hexaghost","floor":16.0,"turns":15.0},{"damage":0,"enemies":"3 Byrds","floor":18,"turns":7},{"damage":49,"enemies":"Slavers","floor":24,"turns":11},{"damage":0,"enemies":"Spheric Guardian","floor":27,"turns":3},{"damage":36,"enemies":"Cultist and Chosen","floor":28,"turns":7},{"damage":17,"enemies":"Snecko","floor":29,"turns":3}],"event_choices":[{"event_name":"Match and Keep!","player_choice":"2 cards matched","floor":2.0,"damage_taken":0.0},{"event_name":"Accursed Blacksmith","player_choice":"Forge","floor":20,"damage_taken":0},{"event_name":"Beggar","player_choice":"Ignored","floor":21,"damage_taken":0}],"boss_relics":[{"not_picked":["White Beast Statue","The Specimen"],"picked":"Calling Bell"}],"potions_floor_spawned":[4,5,6,8,24],"seed_played":"3159724492170347437","killed_by":"Snecko","ascension_level":11,"is_trial":false}