{"path_per_floor":["M","M","?","M","M","R","E","R","T","E","?","E","T","M","R","B",null,"M","$","M","$","M","E","?","E","T","E","R","?","M","?","R","B",null,"M","M","?","M","M","M","E","R","T","R","$","E","M","?","R","B"],"character_chosen":"THE_SILENT","items_purchased":["Anchor","Juzu Bracelet","Ninja Scroll"],"gold_per_floor":[119,138,138,151,164,164,190,190,190,220,220,261,261,282,282,402,402,423,44,57,57,73,104,104,138,138,172,172,97,117,117,117,242,242,263,288,288,308,323,343,387,387,434,434,81,115,130,130,130,130],"floor_reached":51,"campfire_rested":2,"playtime":2999,"current_hp_per_floor":[59,59,52,46,46,46,34,55,55,47,47,40,40,40,40,36,65,65,65,65,65,63,63,63,62,62,57,57,57,39,39,39,37,72,71,69,69,69,48,51,51,51,51,51,51,51,44,35,56,31],"items_purged":["Strike_G","Injury"],"gold":130,"score":685,"play_id":"d252e069-8b0e-456a-8e41-27dd3ebd2ea8","is_prod":false,"is_daily":false,"is_ascension_mode":false,"campfire_upgraded":2,"path_taken":["M","M","?","M","M","R","E","R","T","E","?","E","?","M","R","BOSS","M","$","M","$","M","E","?","E","T","E","R","?","M","?","R","BOSS","M","M","?","M","M","M","E","R","T","R","$","E","M","?","R","BOSS"],"build_version":"2018-02-15-BETA1","purchased_purges":2,"victory":true,"master_deck":["Defend_G","Defend_G","Defend_G","Defend_G","Neutralize","Dash","Footwork+1","Footwork","Flying Knee","Doppelganger+1","Dagger Throw","Backflip","Leg Sweep","Endless Agony","Dagger Spray","After Image","Acrobatics+1","Dash+1","Cloak And Dagger+1","Slice+1","Endless Agony+1","Quick Slash+1","Glass Knife","Slice","Slice+1","Riddle With Holes+1","Blade Dance+1","Cloak And Dagger","Predator+1","Madness","Madness"],"max_hp_per_floor":[70,70,70,70,70,70,70,70,70,70,65,65,65,65,65,65,65,65,65,65,65,65,65,65,72,72,72,72,72,72,72,72,72,72,72,72,72,72,72,72,72,72,72,72,72,72,72,72,72,72],"relics":["Orrery","Shuriken","Peace Pipe","Centennial Puzzle","Golden Idol","Bronze Scales","Gambling Chip","Cursed Key","Anchor","Juzu Bracelet","Matryoshka","Strawberry","Orichalcum","Oddly Smooth Stone","Kunai","White Beast Statue","Bag of Marbles","Vajra","Bag of Preparation","Ninja Scroll","Toolbox"],"card_choices":[{"not_picked":["Reflex","Terror"],"picked":"Dash"},{"not_picked":["Crippling Poison","Terror"],"picked":"Footwork"},{"not_picked":["Escape Plan","Dodge and Roll"],"picked":"Footwork"},{"not_picked":["Bane","Outmaneuver"],"picked":"Flying Knee"},{"not_picked":["Quick Slash","Concentrate"],"picked":"Doppelganger"},{"not_picked":["Quick Slash","PiercingWail"],"picked":"Dagger Throw"},{"not_picked":["Choke","Cloak And Dagger"],"picked":"Backflip"},{"not_picked":["Terror","Eviscerate"],"picked":"Leg Sweep"},{"not_picked":["Finisher","Envenom"],"picked":"Endless Agony"},{"not_picked":["Bouncing Flask","Backflip"],"picked":"Dagger Spray"},{"not_picked":["Envenom","A Thousand Cuts"],"picked":"After Image"},{"not_picked":["Deadly Poison","Bane"],"picked":"Acrobatics"},{"not_picked":["Noxious Fumes","Bane"],"picked":"Dash"},{"not_picked":["Flechettes","Sucker Punch"],"picked":"Cloak And Dagger"},{"not_picked":["Masterful Stab","Bane"],"picked":"Slice"},{"not_picked":["Outmaneuver","Burst"],"picked":"Endless Agony"},{"not_picked":["Leg Sweep","Sucker Punch"],"picked":"Quick Slash"},{"not_picked":["Tools of the Trade","Tactician"],"picked":"Glass Knife"},{"not_picked":["Flechettes","Sucker Punch"],"picked":"Slice"},{"not_picked":["Setup","Acrobatics"],"picked":"Slice"},{"not_picked":["Deadly Poison","Sucker Punch"],"picked":"Riddle With Holes"},{"not_picked":["Poisoned Stab","Finisher"],"picked":"Blade Dance"},{"not_picked":["Underhanded Strike","Poisoned Stab"],"picked":"Cloak And Dagger"},{"not_picked":["Calculated Gamble","Bane"],"picked":"Predator"}],"player_experience":637822,"potions_floor_usage":[7,7,16,20,27,38,40,50,50,50],"damage_taken":[{"damage":11,"enemies":"Jaw Worm","floor":1,"turns":4},{"damage":0,"enemies":"2 Louse","floor":2,"turns":4},{"damage":6,"enemies":"Cultist","floor":4,"turns":4},{"damage":0,"enemies":"Large Slime","floor":5,"turns":7},{"damage":12,"enemies":"Gremlin Nob","floor":7,"turns":5},{"damage":8,"enemies":"3 Sentries","floor":10,"turns":9},{"damage":7,"enemies":"Lagavulin","floor":12,"turns":7},{"damage":0,"enemies":"Looter","floor":14,"turns":4},{"damage":4,"enemies":"The Guardian","floor":16,"turns":11},{"damage":0,"enemies":"Spheric Guardian","floor":18,"turns":5},{"damage":0,"enemies":"Chosen","floor":20,"turns":6},{"damage":2,"enemies":"Sentry and Sphere","floor":22,"turns":7},{"damage":0,"enemies":"Book of Stabbing","floor":23,"turns":6},{"damage":8,"enemies":"Gremlin Leader","floor":25,"turns":8},{"damage":5,"enemies":"Slavers","floor":27,"turns":4},{"damage":18,"enemies":"Chosen and Byrds","floor":30,"turns":5},{"damage":2,"enemies":"Automaton","floor":33,"turns":8},{"damage":1,"enemies":"Flame Bruiser 1 Orb","floor":35,"turns":4},{"damage":2,"enemies":"Orb Walker","floor":36,"turns":4},{"damage":0,"enemies":"Sphere and 2 Shapes","floor":38,"turns":3},{"damage":21,"enemies":"Spire Growth","floor":39,"turns":5},{"damage":12,"enemies":"Flame Bruiser 2 Orb","floor":40,"turns":8},{"damage":0,"enemies":"Giant Head","floor":41,"turns":7},{"damage":0,"enemies":"Nemesis","floor":46,"turns":5},{"damage":7,"enemies":"Maw","floor":47,"turns":5},{"damage":25,"enemies":"Donu and Deca","floor":50,"turns":8}],"event_choices":[{"event_name":"Golden Wing","player_choice":"Card Removal","floor":3,"damage_taken":0},{"event_name":"Golden Idol","player_choice":"Lose Max HP","floor":11,"damage_taken":0},{"event_name":"Accursed Blacksmith","player_choice":"Forge","floor":24,"damage_taken":0},{"event_name":"Beggar","player_choice":"Gave Gold","floor":29,"damage_taken":0},{"event_name":"Upgrade Shrine","player_choice":"Upgraded","floor":31,"damage_taken":0},{"event_name":"Winding Halls","player_choice":"Embrace Madness","floor":48,"damage_taken":0}],"boss_relics":[{"not_picked":["Velvet Choker","Question Card"],"picked":"Cursed Key"},{"not_picked":["Calling Bell","The Specimen"],"picked":"White Beast Statue"}],"potions_floor_spawned":[4,5,10,12,18,22,27,33,35,36,38,39,40,41,46,47],"seed_played":"1654099694272657489","ascension_level":0,"is_trial":false}