{"path_per_floor":["M","M","M","M","$","E","R","?","T","R","M","?","R","E","R","B",null,"M","?","M","M","?","R","M","R","T","$","M","M","R","E","R"],"character_chosen":"THE_SILENT","items_purchased":["After Image","Flying Knee","Predator","Toolbox"],"gold_per_floor":[114,128,140,155,0,34,34,134,158,158,178,178,178,203,203,306,306,323,323,335,349,449,449,462,462,486,13,25,35,35,63,63],"floor_reached":33,"campfire_rested":0,"playtime":3245,"current_hp_per_floor":[62,62,62,56,56,36,36,36,36,36,36,58,58,51,51,30,58,58,58,58,58,58,58,57,57,57,57,57,48,48,46,46],"items_purged":["Parasite","Strike_G"],"gold":63,"score":429,"play_id":"e37b38a2-7032-477c-910c-1ba57a160cb1","is_prod":false,"is_daily":false,"is_ascension_mode":true,"campfire_upgraded":8,"path_taken":["M","M","M","M","$","E","R","?","T","R","M","?","R","E","R","BOSS","M","?","M","M","?","R","M","R","T","$","M","M","R","E","R","BOSS"],"build_version":"2018-02-08-BETA1","purchased_purges":2,"victory":false,"master_deck":["Defend_G","Defend_G","Defend_G","Defend_G","Defend_G","Strike_G","Strike_G","Strike_G","Survivor","Neutralize+1","Backstab+1","Terror+1","Backflip","Predator+1","After Image+1","Acrobatics","Deflect","Doppelganger+1","After Image","Dagger Throw+1","Leg Sweep+1","Sucker Punch+1","Dagger Throw+1","Flying Knee","Predator+1","Backflip","Adrenaline"],"max_hp_per_floor":[70,70,70,70,67,67,67,67,67,67,67,67,67,67,67,67,67,67,67,67,67,67,67,67,67,67,67,67,67,67,67,67],"relics":["Ring of the Snake","Juzu Bracelet","Bag of Marbles","Bronze Scales","Sozu","Lantern","Toolbox","Anchor"],"card_choices":[{"not_picked":["Well Laid Plans","Deadly Poison"],"picked":"Backstab"},{"not_picked":["Slice","Cloak And Dagger"],"picked":"Terror"},{"not_picked":["Eviscerate","Blade Dance"],"picked":"Backflip"},{"not_picked":["PiercingWail","Deadly Poison"],"picked":"Predator"},{"not_picked":["Poisoned Stab","Catalyst"],"picked":"Acrobatics"},{"not_picked":["Poisoned Stab","Slice"],"picked":"Deflect"},{"not_picked":["Calculated Gamble","Poisoned Stab"],"picked":"Doppelganger"},{"not_picked":["Unload","Tactician"],"picked":"After Image"},{"not_picked":["Underhanded Strike","Prepared"],"picked":"Dagger Throw"},{"not_picked":["Dodge and Roll","Concentrate"],"picked":"Leg Sweep"},{"not_picked":["Concentrate","Expertise"],"picked":"Sucker Punch"},{"not_picked":["Eviscerate","Prepared"],"picked":"Dagger Throw"},{"not_picked":["Slice","Tools of the Trade"],"picked":"Backflip"},{"not_picked":["Dagger Throw","Prepared"],"picked":"Adrenaline"}],"player_experience":549764,"potions_floor_usage":[6,14,14],"damage_taken":[{"damage":1,"enemies":"Blue Slaver","floor":1,"turns":6},{"damage":0,"enemies":"Jaw Worm","floor":2,"turns":3},{"damage":0,"enemies":"Small Slimes","floor":3,"turns":2},{"damage":6,"enemies":"Red Slaver","floor":4,"turns":5},{"damage":20,"enemies":"3 Sentries","floor":6,"turns":7},{"damage":0,"enemies":"Looter","floor":11,"turns":3},{"damage":7,"enemies":"Lagavulin","floor":14,"turns":8},{"damage":21,"enemies":"The Guardian","floor":16,"turns":10},{"damage":0,"enemies":"Shell Parasite","floor":18,"turns":5},{"damage":0,"enemies":"2 Thieves","floor":20,"turns":4},{"damage":0,"enemies":"3 Cultists","floor":21,"turns":6},{"damage":1,"enemies":"Snake Plant","floor":24,"turns":4},{"damage":0,"enemies":"Cultist and Chosen","floor":28,"turns":4},{"damage":9,"enemies":"Snecko","floor":29,"turns":4},{"damage":2,"enemies":"Slavers","floor":31,"turns":6},{"damage":53,"enemies":"Collector","floor":33,"turns":11}],"event_choices":[{"event_name":"Wheel of Change","player_choice":"Gold","floor":8,"damage_taken":0},{"event_name":"Big Fish","player_choice":"Banana","floor":12,"damage_taken":0},{"event_name":"Back to Basics","player_choice":"Elegance","floor":19,"damage_taken":0},{"event_name":"Golden Shrine","player_choice":"Pray","floor":22,"damage_taken":0}],"boss_relics":[{"not_picked":["White Beast Statue","Question Card"],"picked":"Sozu"}],"potions_floor_spawned":[1,2,6,18,24,29],"seed_played":"8859972679290021461","killed_by":"Collector","ascension_level":11,"is_trial":false}