{"path_per_floor":["M","M","$","M","M","R","E","R","T","R","M","?","R","M","R","B",null,"M","M","M","M","$"],"character_chosen":"THE_SILENT","items_purchased":["Terror","Choke","Oddly Smooth Stone"],"gold_per_floor":[113,131,22,35,53,53,78,78,124,124,134,134,134,149,149,220,220,238,257,269,285,63],"floor_reached":23,"campfire_rested":2,"playtime":1075,"current_hp_per_floor":[46,45,45,45,38,56,36,36,36,36,35,35,35,35,53,54,61,50,42,26,8,8],"items_purged":["Parasite"],"gold":63,"score":341,"play_id":"d86005b2-7212-4d29-9c2a-c872f2b9d45c","is_prod":false,"is_daily":false,"is_ascension_mode":true,"campfire_upgraded":3,"path_taken":["M","M","$","M","M","R","E","R","T","R","M","?","R","M","R","BOSS","M","M","M","M","$","E"],"build_version":"2018-02-15-BETA1","purchased_purges":1,"victory":false,"master_deck":["Defend_G","Defend_G","Defend_G","Defend_G","Defend_G","Strike_G","Strike_G","Strike_G","Strike_G","Survivor","Neutralize+1","Flying Knee","Leg Sweep","Terror+1","Predator+1","Skewer+1","Dash","Doppelganger","Flying Knee","Flying Knee","PiercingWail","Choke"],"max_hp_per_floor":[66,66,63,63,63,63,63,63,63,63,63,63,63,63,63,63,63,63,63,63,63,63],"relics":["Ring of the Snake","Darkstone Periapt","Ancient Tea Set","Snecko Eye","Oddly Smooth Stone"],"card_choices":[{"not_picked":["Dodge and Roll","Endless Agony"],"picked":"Flying Knee"},{"not_picked":["Deadly Poison","Slice"],"picked":"Leg Sweep"},{"not_picked":["Endless Agony","Outmaneuver"],"picked":"Predator"},{"not_picked":["Burst","Bane"],"picked":"Skewer"},{"not_picked":["Poisoned Stab","Bane"],"picked":"Dash"},{"not_picked":["Wraith Form","Unload"],"picked":"Doppelganger"},{"not_picked":["Eviscerate","Accuracy"],"picked":"Flying Knee"},{"not_picked":["Malaise","PiercingWail"],"picked":"Flying Knee"},{"not_picked":["Quick Slash","Backflip"],"picked":"PiercingWail"}],"player_experience":612412,"potions_floor_usage":[5,16,16,23],"damage_taken":[{"damage":13,"enemies":"Jaw Worm","floor":1,"turns":11},{"damage":1,"enemies":"2 Louse","floor":2,"turns":3},{"damage":0,"enemies":"Cultist","floor":4,"turns":4},{"damage":19,"enemies":"3 Louse","floor":5,"turns":5},{"damage":20,"enemies":"Gremlin Nob","floor":7,"turns":5},{"damage":1,"enemies":"Looter","floor":11,"turns":3},{"damage":0,"enemies":"Exordium Thugs","floor":14,"turns":3},{"damage":11,"enemies":"Slime Boss","floor":16,"turns":8},{"damage":11,"enemies":"3 Byrds","floor":18,"turns":6},{"damage":8,"enemies":"Chosen","floor":19,"turns":6},{"damage":16,"enemies":"Snake Plant","floor":20,"turns":6},{"damage":18,"enemies":"Sentry and Sphere","floor":21,"turns":6},{"damage":9,"enemies":"Slavers","floor":23,"turns":1}],"event_choices":[{"event_name":"Living Wall","player_choice":"Forget","floor":12,"damage_taken":0}],"boss_relics":[{"not_picked":["White Beast Statue","Runic Dome"],"picked":"Snecko Eye"}],"potions_floor_spawned":[2,5,14,20,21],"seed_played":"5122109347472723834","killed_by":"Slavers","ascension_level":15,"is_trial":false}