{"path_per_floor":["M","?","$","?","?","R","E","R","T","M","M","?","M","M","R","B",null],"character_chosen":"THE_SILENT","items_purchased":["Heel Hook"],"gold_per_floor":[113,113,0,75,75,75,100,100,153,163,175,175,186,203,203,279,279],"floor_reached":18,"campfire_rested":1,"playtime":744,"current_hp_per_floor":[59,59,59,48,48,48,48,48,48,48,48,29,29,28,46,32,55],"items_purged":["Strike_G"],"gold":297,"score":327,"play_id":"e0f67cfc-53d6-4733-bb9d-3dac9ad6a58a","is_prod":false,"is_daily":false,"is_ascension_mode":true,"campfire_upgraded":2,"path_taken":["M","?","$","?","?","R","E","R","T","M","?","?","M","M","R","BOSS","M"],"build_version":"2018-02-15-BETA1","purchased_purges":1,"victory":false,"master_deck":["Defend_G","Defend_G","Defend_G+1","Defend_G","Defend_G+1","Strike_G","Strike_G","Strike_G","Strike_G","Survivor+1","Neutralize+1","Heel Hook+1","Dagger Spray+1","Sucker Punch","Footwork","Footwork","Adrenaline","Doubt","Clumsy","Pain","Predator"],"max_hp_per_floor":[66,63,63,63,63,63,63,63,63,63,63,63,63,63,63,63,63],"relics":["Ring of the Snake","NeowsBlessing","Oddly Smooth Stone","War Paint","Calling Bell","Girya","Sundial","Tingsha"],"card_choices":[{"not_picked":["Deadly Poison","Leg Sweep"],"picked":"Dagger Spray"},{"not_picked":["Backstab","Outmaneuver"],"picked":"Sucker Punch"},{"not_picked":["Calculated Gamble","Poisoned Stab"],"picked":"Footwork"},{"not_picked":["Cloak And Dagger","Noxious Fumes"],"picked":"Footwork"},{"not_picked":["Envenom","Glass Knife"],"picked":"Adrenaline"},{"not_picked":["Unload","Outmaneuver"],"picked":"Predator"}],"player_experience":624695,"potions_floor_usage":[16],"damage_taken":[{"damage":0,"enemies":"2 Louse","floor":1,"turns":1},{"damage":0,"enemies":"3 Sentries","floor":7,"turns":1},{"damage":0,"enemies":"Small Slimes","floor":10,"turns":1},{"damage":0,"enemies":"Cultist","floor":11,"turns":3},{"damage":0,"enemies":"3 Louse","floor":13,"turns":4},{"damage":1,"enemies":"Lots of Slimes","floor":14,"turns":5},{"damage":14,"enemies":"The Guardian","floor":16,"turns":17},{"damage":23,"enemies":"Spheric Guardian","floor":18,"turns":11}],"event_choices":[{"event_name":"Living Wall","player_choice":"Forget","floor":2,"damage_taken":0},{"event_name":"World of Goop","player_choice":"Gather Gold","floor":4,"damage_taken":0},{"event_name":"Liars Game","player_choice":"disagreed","floor":5,"damage_taken":0},{"event_name":"Shining Light","player_choice":"Entered Light","floor":12,"damage_taken":0}],"boss_relics":[{"not_picked":["The Specimen","Philosopher\u0027s Stone"],"picked":"Calling Bell"}],"potions_floor_spawned":[7,14,16],"seed_played":"-6195797593697309482","killed_by":"Spheric Guardian","ascension_level":15,"is_trial":false}