{"path_per_floor":["M","?","?","M","?","R","E","R","T","M","R","E","M","$","R","B",null,"M","?","M","M","M","E","R","M","T","R","$","M","M","M","R","B",null,"M","M","$","?","?","R","M","R","T","?","$","M","R","M","R","B"],"character_chosen":"THE_SILENT","items_purchased":["Kunai","Bandage Up","Oddly Smooth Stone","Anchor"],"gold_per_floor":[118,118,118,138,138,138,466,466,517,534,534,567,582,159,159,259,259,276,276,294,305,317,352,352,365,365,365,111,124,143,160,160,259,259,270,287,11,0,0,0,17,17,99,99,99,111,111,127,127,127],"floor_reached":51,"campfire_rested":1,"playtime":4627,"current_hp_per_floor":[63,56,42,42,42,42,42,42,42,41,41,27,27,27,47,3,51,55,55,59,63,61,43,43,47,47,47,47,50,50,54,54,42,61,67,64,64,64,67,67,67,67,67,67,67,63,63,67,67,67],"items_purged":["Parasite","Strike_G","Strike_G"],"gold":127,"score":856,"play_id":"42d758f9-5b7a-443a-9df1-bba55a6c83ad","is_prod":false,"is_daily":false,"is_ascension_mode":true,"campfire_upgraded":10,"path_taken":["M","?","?","?","?","R","E","R","T","M","R","E","?","$","R","BOSS","M","?","?","M","?","E","R","?","T","R","$","M","M","M","R","BOSS","M","?","$","?","?","R","M","R","T","?","?","M","R","M","R","BOSS"],"build_version":"2018-02-08-BETA1","purchased_purges":3,"victory":true,"master_deck":["Defend_G","Defend_G","Defend_G","Defend_G","Strike_G","Strike_G","Survivor+1","Neutralize+1","Dagger Spray+1","Escape Plan","Backflip+1","Die Die Die","Backflip+1","Dagger Throw","Bandage Up+1","Bullet Time","Leg Sweep+1","Acrobatics+1","Predator+1","Leg Sweep+1","Backflip+1","Flechettes+1","After Image","Acrobatics+1","Outmaneuver+1","Writhe","Calculated Gamble+1"],"max_hp_per_floor":[70,70,70,70,70,70,70,70,70,70,70,70,70,67,67,67,67,67,67,67,67,67,67,67,67,67,67,67,67,67,67,67,67,67,67,67,67,67,67,67,67,67,67,67,67,67,67,67,67,67],"relics":["Ring of the Snake","NeowsBlessing","Bag of Preparation","Old Coin","Ancient Tea Set","Unceasing Top","Kunai","Snecko Eye","Vajra","Bird Faced Urn","Oddly Smooth Stone","Black Star","Anchor","Red Mask","Toxic Egg 2"],"card_choices":[{"not_picked":["Outmaneuver","Flying Knee"],"picked":"Dagger Spray"},{"not_picked":["Outmaneuver","Bouncing Flask"],"picked":"Escape Plan"},{"not_picked":["Deadly Poison","Reflex"],"picked":"Backflip"},{"not_picked":["Cloak And Dagger","Concentrate"],"picked":"Die Die Die"},{"not_picked":["Riddle With Holes","Dagger Throw"],"picked":"Backflip"},{"not_picked":["Quick Slash","Outmaneuver"],"picked":"Dagger Throw"},{"not_picked":["Unload","Grand Finale"],"picked":"Bullet Time"},{"not_picked":["Dash","Sucker Punch"],"picked":"Leg Sweep"},{"not_picked":["Prepared","Accuracy"],"picked":"Acrobatics"},{"not_picked":["Bullet Time","Underhanded Strike"],"picked":"Predator"},{"not_picked":["Quick Slash","All Out Attack"],"picked":"Leg Sweep"},{"not_picked":["Cloak And Dagger","Finisher"],"picked":"Backflip"},{"not_picked":["Dagger Throw","Deadly Poison"],"picked":"Flechettes"},{"not_picked":["Phantasmal Killer","A Thousand Cuts"],"picked":"After Image"},{"not_picked":["Cloak And Dagger","Footwork"],"picked":"Acrobatics"},{"not_picked":["Backflip","Malaise"],"picked":"Outmaneuver"},{"not_picked":["Escape Plan","Sucker Punch"],"picked":"Calculated Gamble"}],"player_experience":527340,"potions_floor_usage":[12,16,20,22,50,50,50],"damage_taken":[{"damage":0,"enemies":"2 Louse","floor":1,"turns":1},{"damage":0,"enemies":"Small Slimes","floor":4,"turns":1},{"damage":0,"enemies":"3 Sentries","floor":7,"turns":1},{"damage":1,"enemies":"Blue Slaver","floor":10,"turns":6},{"damage":14,"enemies":"Lagavulin","floor":12,"turns":6},{"damage":0,"enemies":"Looter","floor":13,"turns":3},{"damage":48,"enemies":"Slime Boss","floor":16,"turns":17},{"damage":0,"enemies":"Shell Parasite","floor":18,"turns":5},{"damage":0,"enemies":"Chosen","floor":20,"turns":8},{"damage":0,"enemies":"Centurion and Healer","floor":21,"turns":7},{"damage":6,"enemies":"Snake Plant","floor":22,"turns":7},{"damage":22,"enemies":"Gremlin Leader","floor":23,"turns":10},{"damage":0,"enemies":"Slaver and Parasite","floor":25,"turns":4},{"damage":1,"enemies":"Cultist and Chosen","floor":29,"turns":6},{"damage":0,"enemies":"Chosen and Byrds","floor":30,"turns":4},{"damage":0,"enemies":"Centurion and Healer","floor":31,"turns":4},{"damage":16,"enemies":"Collector","floor":33,"turns":13},{"damage":0,"enemies":"3 Darklings","floor":35,"turns":5},{"damage":9,"enemies":"3 Shapes","floor":36,"turns":5},{"damage":0,"enemies":"3 Darklings","floor":41,"turns":4},{"damage":10,"enemies":"4 Shapes","floor":46,"turns":4},{"damage":0,"enemies":"Spire Growth","floor":48,"turns":3},{"damage":0,"enemies":"Awakened One","floor":50,"turns":27}],"event_choices":[{"event_name":"Scrap Ooze","player_choice":"success","floor":2,"damage_taken":7},{"event_name":"Shining Light","player_choice":"Entered Light","floor":3,"damage_taken":0},{"event_name":"Living Wall","player_choice":"Forget","floor":5,"damage_taken":0},{"event_name":"Drug Dealer","player_choice":"Ignored","floor":19,"damage_taken":0},{"event_name":"Tomb of Lord Red Mask","player_choice":"Paid","floor":38,"damage_taken":0},{"event_name":"Winding Halls","player_choice":"Writhe","floor":39,"damage_taken":0}],"boss_relics":[{"not_picked":["Runic Pyramid","Velvet Choker"],"picked":"Snecko Eye"},{"not_picked":["Tiny House","Orrery"],"picked":"Black Star"}],"potions_floor_spawned":[4,12,16,18,20,22,29,33,36,41,48],"seed_played":"-247035056558023773","ascension_level":10,"is_trial":false}