{"path_per_floor":["M","M","?","?","?","R","M","R","T","M","?","M","R","M","R","B",null,"M","$","?","?","T","R","M","?","T","$","R","M","M","M","R","B",null,"M","?","$","M","M","R","M","R","T","M","R","$","M","?","R"],"character_chosen":"THE_SILENT","items_purchased":["Toxic Egg 2","Noxious Fumes","Blind"],"gold_per_floor":[115,135,135,135,135,135,148,148,148,160,160,170,170,190,190,295,295,307,52,52,52,52,52,67,67,67,67,67,78,98,109,109,211,241,258,258,149,160,172,172,189,189,189,202,202,8,21,121,121],"floor_reached":50,"campfire_rested":2,"playtime":1742,"current_hp_per_floor":[68,68,68,68,61,61,61,61,61,61,61,56,56,54,54,25,70,68,68,52,52,52,52,52,52,52,52,52,52,26,25,46,49,75,75,75,75,74,58,58,42,42,42,34,34,34,8,8,30],"items_purged":["Strike_G","Strike_G"],"gold":121,"score":384,"play_id":"c6c6b965-9a78-490f-9ce5-d7baf43e1767","is_prod":false,"is_daily":false,"is_ascension_mode":false,"campfire_upgraded":9,"path_taken":["M","M","?","?","?","R","M","R","T","M","?","M","R","M","R","BOSS","M","$","?","?","?","R","M","?","T","?","R","M","M","?","R","BOSS","M","?","$","M","M","R","M","R","T","M","R","$","M","?","R","BOSS"],"build_version":"2018-02-15-BETA1","purchased_purges":2,"victory":false,"master_deck":["Defend_G","Defend_G","Defend_G","Defend_G","Defend_G","Survivor+1","Neutralize+1","Bane+1","Blur+1","Predator+1","Dagger Spray+1","Poisoned Stab+1","Deadly Poison+1","Burst+1","Quick Slash+1","Slice+1","Dodge and Roll+1","Glass Knife+1","Flying Knee+1","Dagger Throw+1","Noxious Fumes+1","Outmaneuver+1","Backflip+1","Catalyst+1","Blind+1"],"max_hp_per_floor":[70,70,70,70,70,70,70,70,70,70,70,70,70,70,70,70,70,70,70,70,70,70,70,70,70,70,70,70,70,70,70,70,70,75,75,75,75,75,75,75,75,75,75,75,75,75,75,75,75],"relics":["Ring of the Snake","Vajra","Cursed Key","Toxic Egg 2","Enchiridion","Prayer Wheel","Tiny House"],"card_choices":[{"not_picked":["Setup","Deadly Poison"],"picked":"Bane"},{"not_picked":["Reflex","Setup"],"picked":"Blur"},{"not_picked":["Well Laid Plans","Bane"],"picked":"Dagger Spray"},{"not_picked":["Slice","Dagger Throw"],"picked":"Poisoned Stab"},{"not_picked":["Quick Slash","Tools of the Trade"],"picked":"Deadly Poison"},{"not_picked":["Storm of Steel","A Thousand Cuts"],"picked":"Burst"},{"not_picked":["Reflex","Sucker Punch"],"picked":"Quick Slash"},{"not_picked":["Concentrate","Eviscerate"],"picked":"Slice"},{"not_picked":["Poisoned Stab","Quick Slash"],"picked":"Dodge and Roll"},{"not_picked":["Sucker Punch","Outmaneuver"],"picked":"After Image"},{"not_picked":["Grand Finale","Storm of Steel"],"picked":"Glass Knife"},{"not_picked":["Poisoned Stab","All Out Attack"],"picked":"Flying Knee"},{"not_picked":["Calculated Gamble","Accuracy"],"picked":"Dagger Throw"},{"not_picked":["Distraction","Flying Knee"],"picked":"Outmaneuver"},{"not_picked":["Prepared","Underhanded Strike"],"picked":"Backflip"},{"not_picked":["Poisoned Stab","PiercingWail"],"picked":"Catalyst"}],"player_experience":604778,"potions_floor_usage":[16,18,31,33,33,41,41,50],"damage_taken":[{"damage":2,"enemies":"Small Slimes","floor":1,"turns":6},{"damage":0,"enemies":"2 Louse","floor":2,"turns":3},{"damage":0,"enemies":"Cultist","floor":7,"turns":3},{"damage":0,"enemies":"2 Fungi Beasts","floor":10,"turns":2},{"damage":5,"enemies":"Exordium Thugs","floor":12,"turns":4},{"damage":2,"enemies":"Looter","floor":14,"turns":2},{"damage":29,"enemies":"Hexaghost","floor":16,"turns":8},{"damage":2,"enemies":"2 Thieves","floor":18,"turns":3},{"damage":0,"enemies":"Spheric Guardian","floor":24,"turns":3},{"damage":0,"enemies":"Snake Plant","floor":29,"turns":4},{"damage":26,"enemies":"Slaver and Parasite","floor":30,"turns":7},{"damage":1,"enemies":"Centurion and Healer","floor":31,"turns":5},{"damage":12,"enemies":"Champ","floor":33,"turns":15},{"damage":0,"enemies":"Flame Bruiser 1 Orb","floor":35,"turns":5},{"damage":1,"enemies":"Orb Walker","floor":38,"turns":3},{"damage":16,"enemies":"4 Shapes","floor":39,"turns":6},{"damage":25,"enemies":"Sphere and 2 Shapes","floor":41,"turns":6},{"damage":8,"enemies":"Flame Bruiser 2 Orb","floor":44,"turns":7},{"damage":26,"enemies":"3 Darklings","floor":47,"turns":5},{"damage":30,"enemies":"Donu and Deca","floor":50,"turns":4}],"event_choices":[{"event_name":"Living Wall","player_choice":"Grow","floor":3,"damage_taken":0},{"event_name":"Transmorgrifier","player_choice":"Transform","floor":4,"damage_taken":0},{"event_name":"Golden Wing","player_choice":"Card Removal","floor":5,"damage_taken":0},{"event_name":"Purifier","player_choice":"One Purge","floor":11,"damage_taken":0},{"event_name":"Cursed Tome","player_choice":"Obtained Book","floor":20,"damage_taken":0},{"event_name":"Addict","player_choice":"Ignored","floor":21,"damage_taken":0},{"event_name":"Wheel of Change","player_choice":"Relic","floor":25,"damage_taken":0},{"event_name":"Golden Shrine","player_choice":"Pray","floor":48,"damage_taken":0}],"boss_relics":[{"not_picked":["Calling Bell","Philosopher\u0027s Stone"],"picked":"Cursed Key"},{"not_picked":["Velvet Choker","Snecko Eye"],"picked":"Tiny House"}],"potions_floor_spawned":[7,12,14,16,18,24,31,35,47],"seed_played":"3156020411427710979","killed_by":"Donu and Deca","ascension_level":0,"is_trial":false}