{"path_per_floor":["M","M","M","?","$","M","T","R","T","?","M","R","E","M","R","B",null,"M","?","M","$","?","R","M","R","T","M","$","R","T","M","R"],"character_chosen":"THE_SILENT","items_purchased":["Deflect","Predator"],"gold_per_floor":[113,129,140,140,15,27,27,27,54,54,65,65,91,106,106,177,177,191,106,31,31,31,31,49,49,95,111,74,74,74,89,89],"floor_reached":33,"campfire_rested":2,"playtime":1496,"current_hp_per_floor":[56,56,54,34,34,34,34,34,34,34,32,32,44,44,44,34,56,37,37,37,37,37,37,37,37,37,27,27,45,45,45,63],"items_purged":["Parasite"],"gold":89,"score":473,"play_id":"8466c39a-9548-4ea5-9bdc-e6550624af9c","is_prod":false,"is_daily":false,"is_ascension_mode":true,"campfire_upgraded":5,"path_taken":["M","M","M","?","$","?","?","R","T","?","?","R","E","M","R","BOSS","M","?","M","$","?","R","?","R","T","M","$","R","?","M","R","BOSS"],"build_version":"2018-02-15-BETA1","purchased_purges":1,"victory":false,"master_deck":["Defend_G+1","Defend_G+1","Defend_G+1","Defend_G+1","Defend_G+1","Strike_G+1","Strike_G+1","Strike_G+1","Strike_G+1","Strike_G+1","Survivor","Neutralize+1","Flying Knee","Leg Sweep+1","PiercingWail","Deflect","Footwork+1","Terror+1","Dash+1","Backflip","Tools of the Trade","Skewer+1","Predator","Bouncing Flask"],"max_hp_per_floor":[66,66,66,66,63,63,63,63,63,63,63,63,63,63,63,63,63,63,63,63,63,63,63,63,63,63,63,63,63,63,63,63],"relics":["Velvet Choker","Ninja Scroll","Whetstone","Prayer Wheel","Snecko Eye","Dodecahedron","Bag of Preparation","Dead Branch"],"card_choices":[{"not_picked":["Deflect","Malaise"],"picked":"Flying Knee"},{"not_picked":["Acrobatics","Quick Slash"],"picked":"Leg Sweep"},{"not_picked":["Outmaneuver","Poisoned Stab"],"picked":"PiercingWail"},{"not_picked":["Deflect","Dodge and Roll"],"picked":"Footwork"},{"not_picked":["Quick Slash","Deflect"],"picked":"Terror"},{"not_picked":["A Thousand Cuts","Catalyst"],"picked":"Dash"},{"not_picked":["Acrobatics","Quick Slash"],"picked":"Backflip"},{"not_picked":["Tactician","Wraith Form"],"picked":"Tools of the Trade"},{"not_picked":["Distraction","Deflect"],"picked":"Skewer"},{"not_picked":["Accuracy","Acrobatics"],"picked":"Bouncing Flask"}],"player_experience":631295,"potions_floor_usage":[13,13,16,16,33],"damage_taken":[{"damage":3,"enemies":"2 Louse","floor":1,"turns":5},{"damage":0,"enemies":"Cultist","floor":2,"turns":4},{"damage":2,"enemies":"Jaw Worm","floor":3,"turns":6},{"damage":0,"enemies":"Red Slaver","floor":6,"turns":6},{"damage":2,"enemies":"Lots of Slimes","floor":11,"turns":4},{"damage":0,"enemies":"Lagavulin","floor":13,"turns":7},{"damage":0,"enemies":"2 Fungi Beasts","floor":14,"turns":3},{"damage":10,"enemies":"The Guardian","floor":16,"turns":13},{"damage":19,"enemies":"Spheric Guardian","floor":18,"turns":6},{"damage":0,"enemies":"2 Thieves","floor":20,"turns":5},{"damage":0,"enemies":"Snecko","floor":24,"turns":5},{"damage":10,"enemies":"Slaver and Parasite","floor":27,"turns":5},{"damage":0,"enemies":"Centurion and Healer","floor":31,"turns":6},{"damage":90,"enemies":"Champ","floor":33,"turns":10}],"event_choices":[{"event_name":"Shining Light","player_choice":"Entered Light","floor":4,"damage_taken":0},{"event_name":"Liars Game","player_choice":"disagreed","floor":10,"damage_taken":0},{"event_name":"Addict","player_choice":"Obtained Relic","floor":19,"damage_taken":0},{"event_name":"Back to Basics","player_choice":"Simplicity","floor":22,"damage_taken":0}],"boss_relics":[{"not_picked":["Question Card","Black Star"],"picked":"Snecko Eye"}],"potions_floor_spawned":[3,11,13,14,27,31],"seed_played":"-5041565692265912146","killed_by":"Champ","ascension_level":15,"is_trial":false}