{"path_per_floor":["M","$","?","?","?","E","M","R","T","M","R","M","M","M","R","B",null,"M","?","M","$","M","R","M","M","T","R","?","T","M","M","R"],"character_chosen":"THE_SILENT","items_purchased":[],"gold_per_floor":[111,36,36,36,36,69,82,82,82,98,98,116,130,141,141,243,243,256,256,275,175,194,194,212,223,294,294,294,319,334,354,354],"floor_reached":33,"campfire_rested":1,"playtime":1153,"current_hp_per_floor":[63,63,50,67,67,67,67,67,77,76,76,76,76,76,76,63,74,68,68,68,68,54,54,65,48,48,48,48,48,32,32,55],"items_purged":["Parasite","Strike_G"],"gold":354,"score":442,"play_id":"74256bc8-b54c-40fb-a9ff-f48d9a704114","is_prod":false,"is_daily":false,"is_ascension_mode":true,"campfire_upgraded":5,"path_taken":["M","$","?","?","?","E","?","R","T","M","R","M","?","M","R","BOSS","M","?","M","$","M","R","?","M","T","R","?","?","M","M","R","BOSS"],"build_version":"2018-02-12-BETA1","purchased_purges":2,"victory":false,"master_deck":["Defend_G","Defend_G","Defend_G","Defend_G+1","Defend_G","Strike_G","Strike_G+1","Strike_G+1","Survivor","Neutralize","Deadly Poison+1","Noxious Fumes+1","Bane+1","Backflip+1","Flying Knee","Bane+1","Adrenaline","Deadly Poison+1","Terror+1","Poisoned Stab"],"max_hp_per_floor":[70,67,67,67,67,67,67,67,77,77,77,77,77,77,77,77,77,77,77,77,77,77,77,77,77,77,77,77,77,77,77,77],"relics":["Ring of the Snake","NeowsBlessing","Bag of Preparation","Pear","Velvet Choker","Tough Bandages","Whetstone"],"card_choices":[{"not_picked":["Prepared","Envenom"],"picked":"Deadly Poison"},{"not_picked":["Dodge and Roll","Quick Slash"],"picked":"Noxious Fumes"},{"not_picked":["Bouncing Flask","Dash"],"picked":"Bane"},{"not_picked":["PiercingWail","Blur"],"picked":"Backflip"},{"not_picked":["Finisher","Choke"],"picked":"Flying Knee"},{"not_picked":["Prepared","Endless Agony"],"picked":"Bane"},{"not_picked":["Grand Finale","Doppelganger"],"picked":"Adrenaline"},{"not_picked":["Terror","Slice"],"picked":"Deadly Poison"},{"not_picked":["Masterful Stab","Outmaneuver"],"picked":"Terror"},{"not_picked":["Sucker Punch","Terror"],"picked":"Poisoned Stab"}],"player_experience":565668,"potions_floor_usage":[16,16,24,30],"damage_taken":[{"damage":0,"enemies":"Small Slimes","floor":1,"turns":1},{"damage":0,"enemies":"Gremlin Nob","floor":6,"turns":1},{"damage":0,"enemies":"2 Louse","floor":7,"turns":1},{"damage":1,"enemies":"Jaw Worm","floor":10,"turns":3},{"damage":0,"enemies":"Looter","floor":12,"turns":3},{"damage":0,"enemies":"Red Slaver","floor":13,"turns":4},{"damage":0,"enemies":"2 Fungi Beasts","floor":14,"turns":5},{"damage":13,"enemies":"Slime Boss","floor":16,"turns":8},{"damage":6,"enemies":"2 Thieves","floor":18,"turns":5},{"damage":0,"enemies":"Chosen","floor":20,"turns":3},{"damage":14,"enemies":"3 Cultists","floor":22,"turns":5},{"damage":1,"enemies":"Centurion and Healer","floor":24,"turns":5},{"damage":17,"enemies":"Slaver and Parasite","floor":25,"turns":7},{"damage":16,"enemies":"Sentry and Sphere","floor":30,"turns":4},{"damage":0,"enemies":"Centurion and Healer","floor":31,"turns":5},{"damage":65,"enemies":"Collector","floor":33,"turns":6}],"event_choices":[{"event_name":"Shining Light","player_choice":"Entered Light","floor":3,"damage_taken":0},{"event_name":"Big Fish","player_choice":"Banana","floor":4,"damage_taken":0},{"event_name":"Living Wall","player_choice":"Forget","floor":5,"damage_taken":0},{"event_name":"Upgrade Shrine","player_choice":"Upgraded","floor":19,"damage_taken":0},{"event_name":"The Mausoleum","player_choice":"No","floor":28,"damage_taken":0}],"boss_relics":[{"not_picked":["Tiny House","Orrery"],"picked":"Velvet Choker"}],"potions_floor_spawned":[6,10,12,14,18,20],"seed_played":"-8564228277906781995","killed_by":"Collector","ascension_level":12,"is_trial":false}