{"path_per_floor":["M","M","$","M","M","R","?","R","T","E","?","E","R","M","R","B",null,"M","M","?","M","?","R","E","R","T","R","E","?","M","M","R","B",null,"M","?","$","M","?","M","M","?","T","?","M","T","R","$","R","B"],"character_chosen":"THE_SILENT","items_purchased":["Backflip","Thinking Ahead","Ornamental Fan","Whetstone","Oddly Smooth Stone"],"gold_per_floor":[118,128,27,38,50,50,50,50,50,85,160,195,195,211,211,290,290,300,315,315,331,331,331,393,393,443,443,477,477,492,509,509,582,582,599,599,41,52,0,14,25,25,25,370,388,435,435,14,14,14],"floor_reached":51,"campfire_rested":2,"playtime":2128,"current_hp_per_floor":[58,54,54,54,54,54,59,59,59,51,40,40,40,40,40,18,56,56,56,37,37,37,58,58,58,65,65,51,30,30,30,54,29,67,61,77,77,66,66,66,62,62,62,76,78,78,78,78,78,73],"items_purged":["Parasite","Writhe","Underhanded Strike"],"gold":14,"score":1029,"play_id":"b65022a5-8211-4830-ad69-f08ee648394c","is_prod":false,"is_daily":false,"is_ascension_mode":true,"campfire_upgraded":8,"path_taken":["M","M","$","?","M","R","?","R","T","E","?","E","R","M","R","BOSS","M","M","?","M","?","R","E","R","T","R","E","?","M","M","R","BOSS","M","?","$","M","?","?","M","?","T","?","M","?","R","?","R","BOSS"],"build_version":"2018-02-15-BETA1","purchased_purges":3,"victory":true,"master_deck":["Survivor+1","Neutralize+1","Terror+1","Dagger Spray","Backflip","Skewer+1","Adrenaline","PiercingWail","Dagger Throw+1","Quick Slash","Unload","Finisher+1","Deadly Poison","Slice","Slice","Blur","Malaise+1","Sucker Punch","Concentrate","Deflect","Poisoned Stab","Footwork+1","Leg Sweep","Necronomicurse","Quick Slash+1","Phantasmal Killer","Thinking Ahead+1","Cloak And Dagger+1","Predator+1"],"max_hp_per_floor":[66,66,63,63,63,63,68,68,68,68,68,68,68,68,68,68,68,68,68,73,73,73,73,73,73,80,80,80,80,80,80,80,80,80,80,80,80,80,80,80,80,80,80,82,84,84,84,84,84,84],"relics":["Velvet Choker","Thread and Needle","Paper Crane","Centennial Puzzle","Pandora\u0027s Box","Tiny Chest","Strawberry","Happy Flower","Necronomicon","Runic Dome","Ornamental Fan","Red Mask","Singing Bowl","Old Coin","Ancient Tea Set","Whetstone","Oddly Smooth Stone"],"card_choices":[{"not_picked":["Deadly Poison","Quick Slash"],"picked":"Terror"},{"not_picked":["Sucker Punch","Acrobatics"],"picked":"Dagger Spray"},{"not_picked":["Sucker Punch","Leg Sweep"],"picked":"Skewer"},{"not_picked":["Endless Agony","Underhanded Strike"],"picked":"Adrenaline"},{"not_picked":["Acrobatics","Terror"],"picked":"PiercingWail"},{"not_picked":["Distraction","Terror"],"picked":"Dagger Throw"},{"not_picked":["Accuracy","Expertise"],"picked":"Quick Slash"},{"not_picked":["Burst","Night Terror"],"picked":"Unload"},{"not_picked":["Dagger Throw","Quick Slash"],"picked":"Deflect"},{"not_picked":["Acrobatics","Slice"],"picked":"Footwork"},{"not_picked":["Dagger Throw","Terror"],"picked":"Leg Sweep"},{"not_picked":["PiercingWail","Prepared"],"picked":"Quick Slash"},{"not_picked":["Glass Knife","Tactician"],"picked":"Phantasmal Killer"},{"not_picked":["Flying Knee","Dagger Throw"],"picked":"Cloak And Dagger"},{"not_picked":["Bane","Acrobatics"],"picked":"Predator"}],"player_experience":633638,"potions_floor_usage":[12,12,21,28,38,41,44,50,50],"damage_taken":[{"damage":1,"enemies":"Cultist","floor":1,"turns":5},{"damage":4,"enemies":"Jaw Worm","floor":2,"turns":4},{"damage":0,"enemies":"Small Slimes","floor":4,"turns":2},{"damage":0,"enemies":"Blue Slaver","floor":5,"turns":3},{"damage":8,"enemies":"Gremlin Nob","floor":10,"turns":3},{"damage":0,"enemies":"3 Sentries","floor":12,"turns":6},{"damage":0,"enemies":"2 Fungi Beasts","floor":14,"turns":3},{"damage":22,"enemies":"Slime Boss","floor":16,"turns":8},{"damage":0,"enemies":"3 Byrds","floor":18,"turns":4},{"damage":0,"enemies":"Chosen","floor":19,"turns":3},{"damage":0,"enemies":"3 Cultists","floor":21,"turns":4},{"damage":0,"enemies":"Gremlin Leader","floor":24,"turns":8},{"damage":14,"enemies":"Slavers","floor":28,"turns":7},{"damage":0,"enemies":"Snake Plant","floor":30,"turns":2},{"damage":0,"enemies":"Chosen and Byrds","floor":31,"turns":4},{"damage":25,"enemies":"Champ","floor":33,"turns":12},{"damage":6,"enemies":"Orb Walker","floor":35,"turns":2},{"damage":11,"enemies":"3 Shapes","floor":38,"turns":8},{"damage":0,"enemies":"Spire Growth","floor":40,"turns":2},{"damage":4,"enemies":"Sphere and 2 Shapes","floor":41,"turns":6},{"damage":0,"enemies":"Mysterious Sphere","floor":44,"turns":6},{"damage":0,"enemies":"Flame Bruiser 2 Orb","floor":45,"turns":4},{"damage":5,"enemies":"Donu and Deca","floor":50,"turns":9}],"event_choices":[{"event_name":"Big Fish","player_choice":"Donut","floor":7,"damage_taken":0},{"event_name":"World of Goop","player_choice":"Gather Gold","floor":11,"damage_taken":0},{"event_name":"Forgotten Altar","player_choice":"Shed Blood","floor":20,"damage_taken":0},{"event_name":"Transmorgrifier","player_choice":"Transform","floor":22,"damage_taken":0},{"event_name":"Cursed Tome","player_choice":"Obtained Book","floor":29,"damage_taken":0},{"event_name":"Winding Halls","player_choice":"Writhe","floor":36,"damage_taken":0},{"event_name":"Tomb of Lord Red Mask","player_choice":"Paid","floor":39,"damage_taken":0},{"event_name":"The Lab","player_choice":"Got Potions","floor":42,"damage_taken":0},{"event_name":"Mysterious Sphere","player_choice":"Fight","floor":44,"damage_taken":0}],"boss_relics":[{"not_picked":["Philosopher\u0027s Stone","Question Card"],"picked":"Pandora\u0027s Box"},{"not_picked":["Black Star","Eternal Feather"],"picked":"Runic Dome"}],"potions_floor_spawned":[5,10,16,19,30,33,38,40,44],"seed_played":"-2815297696538440922","ascension_level":15,"is_trial":false}