{"path_per_floor":["M","?","M","M","?","R","?","R","T","E","R","E","R","M","R","B",null,"M","$","M","M","?","R","M","M","T"],"character_chosen":"THE_SILENT","items_purchased":["Footwork","Leg Sweep"],"gold_per_floor":[17,92,108,123,123,123,123,123,123,152,152,183,183,194,194,271,271,285,91,101,117,117,117,134,152,152],"floor_reached":27,"campfire_rested":2,"playtime":1328,"current_hp_per_floor":[63,52,51,44,44,44,66,66,66,37,57,43,43,39,59,48,62,54,54,41,37,37,37,17,2,2],"items_purged":["Strike_G"],"gold":152,"score":368,"play_id":"b704248c-cc02-4618-a607-986de02fc6c6","is_prod":false,"is_daily":false,"is_ascension_mode":true,"campfire_upgraded":4,"path_taken":["M","?","M","M","?","R","?","R","T","E","R","E","R","M","R","BOSS","M","$","M","?","?","R","M","M","T","M"],"build_version":"2018-02-13-BETA1","purchased_purges":1,"victory":false,"master_deck":["Defend_G","Defend_G","Defend_G","Defend_G","Defend_G","Strike_G","Survivor","Neutralize+1","Underhanded Strike","Flying Knee","Calculated Gamble+1","Terror+1","Quick Slash","Flying Knee","Tactician","Deflect","Footwork+1","Leg Sweep","Slice","Footwork","Prepared","Blur+1"],"max_hp_per_floor":[67,67,67,67,67,67,67,67,67,67,67,67,67,67,67,67,67,67,67,67,67,67,67,67,67,67],"relics":["Ring of the Snake","Ice Cream","Anchor","Bag of Preparation","Philosopher\u0027s Stone","Du-Vu Doll"],"card_choices":[{"not_picked":["Crippling Poison","Outmaneuver"],"picked":"Underhanded Strike"},{"not_picked":["Sucker Punch","Slice"],"picked":"Flying Knee"},{"not_picked":["Bane","Choke"],"picked":"Calculated Gamble"},{"not_picked":["Deflect","PiercingWail"],"picked":"Terror"},{"not_picked":["Bouncing Flask","Infinite Blades"],"picked":"Quick Slash"},{"not_picked":["Sucker Punch","PiercingWail"],"picked":"Flying Knee"},{"not_picked":["Adrenaline","Bullet Time"],"picked":"Tactician"},{"not_picked":["Sucker Punch","Choke"],"picked":"Deflect"},{"not_picked":["Poisoned Stab","Outmaneuver"],"picked":"Slice"},{"not_picked":["Finisher","Dagger Throw"],"picked":"Footwork"},{"not_picked":["Caltrops","PiercingWail"],"picked":"Prepared"},{"not_picked":["Bane","Outmaneuver"],"picked":"Blur"}],"player_experience":573081,"potions_floor_usage":[10,16,21,25,25],"damage_taken":[{"damage":0,"enemies":"Jaw Worm","floor":1,"turns":5},{"damage":1,"enemies":"2 Louse","floor":3,"turns":4},{"damage":7,"enemies":"Small Slimes","floor":4,"turns":4},{"damage":29,"enemies":"Gremlin Nob","floor":10,"turns":6},{"damage":14,"enemies":"3 Sentries","floor":12,"turns":10},{"damage":4,"enemies":"3 Louse","floor":14,"turns":3},{"damage":23,"enemies":"Hexaghost","floor":16,"turns":9},{"damage":8,"enemies":"Chosen","floor":18,"turns":4},{"damage":13,"enemies":"Shell Parasite","floor":20,"turns":6},{"damage":13,"enemies":"Snake Plant","floor":21,"turns":7},{"damage":20,"enemies":"Slaver and Parasite","floor":24,"turns":17},{"damage":15,"enemies":"Sentry and Sphere","floor":25,"turns":13},{"damage":18,"enemies":"Cultist and Chosen","floor":27,"turns":3}],"event_choices":[{"event_name":"World of Goop","player_choice":"Gather Gold","floor":2,"damage_taken":0},{"event_name":"Living Wall","player_choice":"Forget","floor":5,"damage_taken":0},{"event_name":"Big Fish","player_choice":"Banana","floor":7,"damage_taken":0},{"event_name":"Back to Basics","player_choice":"Elegance","floor":22,"damage_taken":0}],"boss_relics":[{"not_picked":["Runic Pyramid","Snecko Eye"],"picked":"Philosopher\u0027s Stone"}],"potions_floor_spawned":[1,12,16,18,20,21],"seed_played":"1631210359307599100","killed_by":"Cultist and Chosen","ascension_level":13,"is_trial":false}