{"path_per_floor":["M","M","$","M","?","R","$","M","T","R","M","M","M","M","R","B",null,"M","?","$","M","?","R","M","R","T","R","M","$","M","?","R","B",null,"M","$","?","M","?","M","M","T","T","R","$","R","M","M","R","B"],"character_chosen":"THE_SILENT","items_purchased":["Oddly Smooth Stone","Flying Knee","Deflect","Cloak And Dagger","Toxic Egg 2","Bane"],"gold_per_floor":[366,380,79,91,91,91,41,55,81,81,100,119,132,148,148,251,251,270,270,26,46,46,46,61,61,108,108,126,26,46,46,46,144,144,154,29,29,49,49,64,80,80,80,80,33,33,48,63,63,63],"floor_reached":51,"campfire_rested":2,"playtime":2269,"current_hp_per_floor":[35,34,34,34,34,34,34,34,34,34,34,34,34,34,34,30,70,64,64,64,61,45,45,45,45,45,45,42,42,36,36,57,57,70,70,70,61,61,61,55,55,55,55,55,55,55,55,41,62,57],"items_purged":["Strike_G","Strike_G","Defend_G"],"gold":63,"score":568,"play_id":"83daec5a-4fdf-42e3-bf31-b52bd74fc0b1","is_prod":false,"is_daily":false,"is_ascension_mode":false,"campfire_upgraded":8,"path_taken":["M","M","$","M","?","R","$","M","T","R","M","M","M","M","R","BOSS","M","?","$","?","?","R","M","R","T","R","M","$","M","?","R","BOSS","M","$","?","?","?","M","M","?","T","R","?","R","M","M","R","BOSS"],"build_version":"2018-02-16-BETA2","purchased_purges":3,"victory":true,"master_deck":["Defend_G","Defend_G","Defend_G","Defend_G","Strike_G","Survivor+1","Neutralize+1","Dagger Spray","Terror+1","Flying Knee","Deflect","Quick Slash","Cloak And Dagger+1","Glass Knife+1","Footwork+1","Sucker Punch","Dodge and Roll+1","After Image+1","Noxious Fumes+1","Blur+1","Clumsy","Cloak And Dagger+1","Deflect+1","Acrobatics+1","Burst+1","Quick Slash","Madness+1","Madness+1","Deflect+1","Malaise+1","PiercingWail+1","Bane+1","Blur+1","Calculated Gamble+1","Flying Knee"],"max_hp_per_floor":[70,70,70,70,70,70,70,70,70,70,70,70,70,70,70,70,70,70,70,70,70,70,70,70,70,70,70,70,70,70,70,70,70,70,70,70,70,70,70,70,70,70,70,70,70,70,70,70,70,70],"relics":["Ring of the Snake","Oddly Smooth Stone","Dream Catcher","Cursed Key","Toxic Egg 2","Enchiridion","War Paint","Sozu"],"card_choices":[{"not_picked":["Wraith Form","Deflect"],"picked":"Dagger Spray"},{"not_picked":["Deflect","Prepared"],"picked":"Terror"},{"not_picked":["Dodge and Roll","Slice"],"picked":"Quick Slash"},{"not_picked":["Dagger Throw","Terror"],"picked":"Glass Knife"},{"not_picked":["Bane","Backflip"],"picked":"Footwork"},{"not_picked":["Dagger Throw","Heel Hook"],"picked":"Sucker Punch"},{"not_picked":["Bane","Dagger Throw"],"picked":"Dodge and Roll"},{"not_picked":["Venomology","A Thousand Cuts"],"picked":"After Image"},{"not_picked":["Caltrops","Heel Hook"],"picked":"Noxious Fumes"},{"not_picked":["Blade Dance","Deadly Poison"],"picked":"Blur"},{"not_picked":["Deflect","Well Laid Plans"],"picked":"Cloak And Dagger"},{"not_picked":["Finisher","Infinite Blades"],"picked":"Deflect"},{"not_picked":["Predator","Prepared"],"picked":"Acrobatics"},{"not_picked":["Venomology","Bullet Time"],"picked":"Burst"},{"not_picked":["Setup","Deadly Poison"],"picked":"Quick Slash"},{"not_picked":["Infinite Blades","Underhanded Strike"],"picked":"Deflect"},{"not_picked":["Footwork","Expertise"],"picked":"Malaise"},{"not_picked":["Dagger Spray","Venomology"],"picked":"PiercingWail"},{"not_picked":["Riddle With Holes","Expertise"],"picked":"Blur"},{"not_picked":["Underhanded Strike","Distraction"],"picked":"Calculated Gamble"},{"not_picked":["Backflip","Flechettes"],"picked":"Flying Knee"}],"player_experience":682461,"potions_floor_usage":[21,21],"damage_taken":[{"damage":0,"enemies":"Small Slimes","floor":1,"turns":4},{"damage":1,"enemies":"Cultist","floor":2,"turns":5},{"damage":0,"enemies":"2 Louse","floor":4,"turns":3},{"damage":0,"enemies":"Looter","floor":8,"turns":3},{"damage":0,"enemies":"Gremlin Gang","floor":11,"turns":4},{"damage":0,"enemies":"Red Slaver","floor":12,"turns":4},{"damage":0,"enemies":"3 Louse","floor":13,"turns":3},{"damage":0,"enemies":"2 Fungi Beasts","floor":14,"turns":2},{"damage":4,"enemies":"Hexaghost","floor":16,"turns":10},{"damage":6,"enemies":"Chosen","floor":18,"turns":6},{"damage":3,"enemies":"2 Thieves","floor":21,"turns":4},{"damage":0,"enemies":"Snake Plant","floor":24,"turns":4},{"damage":3,"enemies":"Snecko","floor":28,"turns":5},{"damage":6,"enemies":"Slaver and Parasite","floor":30,"turns":5},{"damage":0,"enemies":"Automaton","floor":33,"turns":11},{"damage":0,"enemies":"Orb Walker","floor":35,"turns":4},{"damage":0,"enemies":"3 Shapes","floor":38,"turns":5},{"damage":6,"enemies":"Spire Growth","floor":40,"turns":7},{"damage":0,"enemies":"Maw","floor":41,"turns":8},{"damage":0,"enemies":"3 Darklings","floor":47,"turns":6},{"damage":14,"enemies":"Sphere and 2 Shapes","floor":48,"turns":5},{"damage":5,"enemies":"Time Eater","floor":50,"turns":18}],"event_choices":[{"event_name":"The Woman in Blue","player_choice":"Bought 0 Potions","floor":5,"damage_taken":0},{"event_name":"Transmorgrifier","player_choice":"Transform","floor":19,"damage_taken":0},{"event_name":"Cursed Tome","player_choice":"Obtained Book","floor":22,"damage_taken":0},{"event_name":"Back to Basics","player_choice":"Elegance","floor":31,"damage_taken":0},{"event_name":"Winding Halls","player_choice":"Embrace Madness","floor":37,"damage_taken":0}],"boss_relics":[{"not_picked":["Philosopher\u0027s Stone","Question Card"],"picked":"Cursed Key"},{"not_picked":["Orrery","Pandora\u0027s Box"],"picked":"Sozu"}],"potions_floor_spawned":[1,4,11,21,30,38,41,48],"seed_played":"-3091026297307234033","ascension_level":0,"is_trial":false}