{"path_per_floor":["M","M","M","M","M","R","?","R","T","?","M","R","E","M","R","B",null,"M","M","?","?","M","R","M","$","T","?","R","?","M","?","R"],"character_chosen":"THE_SILENT","items_purchased":["Mango"],"gold_per_floor":[210,230,240,252,271,271,271,271,271,271,291,291,320,340,340,414,414,397,407,407,407,419,419,431,58,83,83,83,112,122,122,122],"floor_reached":33,"campfire_rested":1,"playtime":1855,"current_hp_per_floor":[62,52,43,35,18,18,18,18,18,18,20,20,26,28,48,48,62,54,46,34,34,20,20,25,39,39,39,39,36,55,39,39],"items_purged":["Bite"],"gold":122,"score":462,"play_id":"98a5ca09-5ee4-4aab-9f82-66abd4b428ea","is_prod":false,"is_daily":false,"is_ascension_mode":true,"campfire_upgraded":6,"path_taken":["M","M","M","M","M","R","?","R","T","?","M","R","E","M","R","BOSS","M","M","?","?","M","R","?","$","T","?","R","?","M","?","R","BOSS"],"build_version":"2018-02-13-BETA1","purchased_purges":1,"victory":false,"master_deck":["Defend_G","Defend_G","Defend_G","Defend_G","Defend_G","Survivor+1","Neutralize+1","Malaise+1","Heel Hook","Dagger Spray","Quick Slash+1","Dagger Throw","Poisoned Stab","Flying Knee","Well Laid Plans","Blur+1","Dagger Throw","Bite","Bite","Bite","Bite","Backflip+1","Sucker Punch+1","After Image","Necronomicurse"],"max_hp_per_floor":[70,70,70,70,70,70,70,70,70,67,67,67,67,67,67,67,67,67,67,72,72,72,72,72,86,86,86,86,86,86,86,86],"relics":["Ring of the Snake","Anchor","Shovel","Sozu","Mango","Prayer Wheel","Red Mask","Necronomicon"],"card_choices":[{"not_picked":["Doppelganger","Distraction"],"picked":"Malaise"},{"not_picked":["Cloak And Dagger","All Out Attack"],"picked":"Heel Hook"},{"not_picked":["Infinite Blades","All Out Attack"],"picked":"Dagger Spray"},{"not_picked":["Deflect","Acrobatics"],"picked":"Quick Slash"},{"not_picked":["Choke","Bouncing Flask"],"picked":"Dagger Throw"},{"not_picked":["Well Laid Plans","Cloak And Dagger"],"picked":"Poisoned Stab"},{"not_picked":["Masterful Stab","Deadly Poison"],"picked":"Flying Knee"},{"not_picked":["Malaise","Bane"],"picked":"Well Laid Plans"},{"not_picked":["Distraction","Poisoned Stab"],"picked":"Blur"},{"not_picked":["Cloak And Dagger","Flechettes"],"picked":"Dagger Throw"},{"not_picked":["Slice","Well Laid Plans"],"picked":"Backflip"},{"not_picked":["Bane","Deadly Poison"],"picked":"Sucker Punch"},{"not_picked":["Masterful Stab","Dagger Throw"],"picked":"After Image"}],"player_experience":578253,"potions_floor_usage":[4,13],"damage_taken":[{"damage":1,"enemies":"Small Slimes","floor":1,"turns":6},{"damage":10,"enemies":"Jaw Worm","floor":2,"turns":7},{"damage":9,"enemies":"2 Louse","floor":3,"turns":4},{"damage":8,"enemies":"Looter","floor":4,"turns":4},{"damage":17,"enemies":"Exordium Thugs","floor":5,"turns":6},{"damage":0,"enemies":"Red Slaver","floor":11,"turns":3},{"damage":8,"enemies":"3 Sentries","floor":13,"turns":8},{"damage":0,"enemies":"3 Louse","floor":14,"turns":2},{"damage":2,"enemies":"Hexaghost","floor":16,"turns":13},{"damage":10,"enemies":"2 Thieves","floor":18,"turns":4},{"damage":10,"enemies":"Chosen","floor":19,"turns":5},{"damage":22,"enemies":"Snecko","floor":22,"turns":7},{"damage":5,"enemies":"3 Cultists","floor":24,"turns":5},{"damage":13,"enemies":"Masked Bandits","floor":29,"turns":5},{"damage":1,"enemies":"Centurion and Healer","floor":30,"turns":7},{"damage":95,"enemies":"Champ","floor":33,"turns":25}],"event_choices":[{"event_name":"Dead Adventurer","player_choice":"Searched \u00271\u0027 times","floor":7,"damage_taken":0},{"event_name":"Fountain of Cleansing","player_choice":"Removed Curse","floor":10,"damage_taken":0},{"event_name":"Forgotten Altar","player_choice":"Shed Blood","floor":20,"damage_taken":0},{"event_name":"Vampires","player_choice":"Became a vampire (Vial)","floor":21,"damage_taken":0},{"event_name":"The Woman in Blue","player_choice":"Bought 0 Potions","floor":27,"damage_taken":0},{"event_name":"Masked Bandits","player_choice":"Fought over 83 gold","floor":29,"damage_taken":0},{"event_name":"Cursed Tome","player_choice":"Obtained Book","floor":31,"damage_taken":0}],"boss_relics":[{"not_picked":["Pandora\u0027s Box","Tiny House"],"picked":"Sozu"}],"potions_floor_spawned":[1,2,11,13,16,18,19,24],"seed_played":"8062380627879730007","killed_by":"Champ","ascension_level":13,"is_trial":false}