{"path_per_floor":["M","M","M","$","M","R","M","R","T","M","?","R","M","M","R","B",null,"M","?","?","?","T","R","$"],"character_chosen":"THE_SILENT","items_purchased":["Quick Slash","Dodge and Roll"],"gold_per_floor":[115,132,149,25,36,36,47,47,94,110,110,110,122,137,137,213,213,233,233,233,233,233,233,79],"floor_reached":25,"campfire_rested":0,"playtime":1189,"current_hp_per_floor":[59,59,59,59,52,52,37,37,37,37,37,37,37,37,37,23,53,45,36,36,49,49,49,49],"items_purged":["Parasite","Strike_G"],"gold":79,"score":338,"play_id":"c2c8f2d5-9549-49cb-9b6a-a751f6690f21","is_prod":false,"is_daily":false,"is_ascension_mode":true,"campfire_upgraded":5,"path_taken":["M","M","M","$","M","R","M","R","T","M","?","R","?","M","R","BOSS","M","?","?","?","?","R","$","M"],"build_version":"2018-02-15-BETA1","purchased_purges":2,"victory":false,"master_deck":["Defend_G","Defend_G","Defend_G","Defend_G","Defend_G","Strike_G","Strike_G","Strike_G","Survivor","Neutralize+1","Bouncing Flask+1","Cloak And Dagger","Backstab","Cloak And Dagger","Noxious Fumes+1","Predator","Quick Slash","Backflip","Footwork+1","Skewer+1","PiercingWail","Adrenaline","Dodge and Roll"],"max_hp_per_floor":[66,66,66,63,63,63,63,63,63,63,63,63,63,63,63,63,63,63,63,63,63,63,63,63],"relics":["Orrery","Anchor","Philosopher\u0027s Stone","Thread and Needle"],"card_choices":[{"not_picked":["Quick Slash","Eviscerate"],"picked":"Bouncing Flask"},{"not_picked":["Deflect","Malaise"],"picked":"Cloak And Dagger"},{"not_picked":["Phantasmal Killer","Underhanded Strike"],"picked":"Backstab"},{"not_picked":["Deadly Poison","Escape Plan"],"picked":"Cloak And Dagger"},{"not_picked":["Dodge and Roll","Setup"],"picked":"Noxious Fumes"},{"not_picked":["Cloak And Dagger","Dagger Throw"],"picked":"Predator"},{"not_picked":["Endless Agony","Masterful Stab"],"picked":"Backflip"},{"not_picked":["Poisoned Stab","Sucker Punch"],"picked":"Footwork"},{"not_picked":["Expertise","Envenom"],"picked":"Skewer"},{"not_picked":["Distraction","Underhanded Strike"],"picked":"PiercingWail"},{"not_picked":["Phantasmal Killer","Tactician"],"picked":"Adrenaline"}],"player_experience":594069,"potions_floor_usage":[5,16,16],"damage_taken":[{"damage":0,"enemies":"Jaw Worm","floor":1,"turns":3},{"damage":0,"enemies":"Cultist","floor":2,"turns":4},{"damage":0,"enemies":"2 Louse","floor":3,"turns":2},{"damage":16,"enemies":"Exordium Thugs","floor":5,"turns":5},{"damage":15,"enemies":"Gremlin Gang","floor":7,"turns":5},{"damage":0,"enemies":"2 Fungi Beasts","floor":10,"turns":4},{"damage":0,"enemies":"Red Slaver","floor":13,"turns":4},{"damage":0,"enemies":"Large Slime","floor":14,"turns":4},{"damage":26,"enemies":"The Guardian","floor":16,"turns":9},{"damage":8,"enemies":"Shell Parasite","floor":18,"turns":6},{"damage":58,"enemies":"3 Byrds","floor":25,"turns":4}],"event_choices":[{"event_name":"Living Wall","player_choice":"Forget","floor":11,"damage_taken":0},{"event_name":"Wheel of Change","player_choice":"Damage","floor":19,"damage_taken":0},{"event_name":"The Mausoleum","player_choice":"No","floor":20,"damage_taken":0},{"event_name":"The Library","player_choice":"Heal","floor":21,"damage_taken":0}],"boss_relics":[{"not_picked":["The Specimen","Calling Bell"],"picked":"Philosopher\u0027s Stone"}],"potions_floor_spawned":[2,13,14],"seed_played":"-8203972837563197435","killed_by":"3 Byrds","ascension_level":15,"is_trial":false}