{"path_per_floor":["M","M","M","M","$","R","M","M","T","R","M","R","M","M","R","B",null,"M","M","$","M","M","M"],"character_chosen":"THE_SILENT","items_purchased":["Footwork","Footwork","Slice"],"gold_per_floor":[118,131,143,162,18,18,28,42,42,42,61,61,72,87,87,158,158,176,196,8,27,41,60],"floor_reached":24,"campfire_rested":1,"playtime":1605,"current_hp_per_floor":[63,62,62,44,44,44,44,44,44,44,32,32,19,19,39,30,58,56,54,54,47,36,21],"items_purged":["Parasite","Strike_G"],"gold":60,"score":327,"play_id":"e1aabded-8949-4ce7-a272-3aaacde3edf5","is_prod":false,"is_daily":false,"is_ascension_mode":true,"campfire_upgraded":3,"path_taken":["M","M","M","M","$","R","M","M","T","R","M","R","M","M","R","BOSS","M","M","$","M","M","M","M"],"build_version":"2018-02-13-BETA1","purchased_purges":2,"victory":false,"master_deck":["Defend_G","Defend_G","Defend_G","Defend_G","Defend_G","Strike_G","Strike_G","Strike_G","Survivor","Neutralize+1","All Out Attack","Tools of the Trade","Flying Knee","Deflect","Escape Plan","Footwork+1","Backflip","Caltrops+1","Bullet Time","Choke","Acrobatics","Footwork","Slice","Quick Slash","Quick Slash"],"max_hp_per_floor":[70,70,70,70,67,67,67,67,67,67,67,67,67,67,67,67,67,67,67,67,67,67,67],"relics":["Ring of the Snake","Torii","Runic Pyramid"],"card_choices":[{"not_picked":["Sucker Punch","Dodge and Roll"],"picked":"Tools of the Trade"},{"not_picked":["Reflex","Dagger Throw"],"picked":"Flying Knee"},{"not_picked":["Sucker Punch","Well Laid Plans"],"picked":"Deflect"},{"not_picked":["Prepared","Finisher"],"picked":"Escape Plan"},{"not_picked":["Deflect","Poisoned Stab"],"picked":"Backflip"},{"not_picked":["Dagger Spray","Slice"],"picked":"Caltrops"},{"not_picked":["Venomology","Envenom"],"picked":"Bullet Time"},{"not_picked":["Deadly Poison","Slice"],"picked":"Choke"},{"not_picked":["Setup","Prepared"],"picked":"Acrobatics"},{"not_picked":["Outmaneuver","Dagger Spray"],"picked":"Quick Slash"},{"not_picked":["Underhanded Strike","Endless Agony"],"picked":"Quick Slash"}],"player_experience":574409,"potions_floor_usage":[18,18,19,21],"damage_taken":[{"damage":0,"enemies":"Jaw Worm","floor":1,"turns":5},{"damage":1,"enemies":"2 Louse","floor":2,"turns":3},{"damage":0,"enemies":"Cultist","floor":3,"turns":4},{"damage":18,"enemies":"Large Slime","floor":4,"turns":9},{"damage":0,"enemies":"Red Slaver","floor":7,"turns":6},{"damage":0,"enemies":"Looter","floor":8,"turns":5},{"damage":12,"enemies":"Gremlin Gang","floor":11,"turns":5},{"damage":13,"enemies":"3 Louse","floor":13,"turns":4},{"damage":0,"enemies":"Blue Slaver","floor":14,"turns":4},{"damage":9,"enemies":"The Guardian","floor":16,"turns":15},{"damage":2,"enemies":"Shell Parasite","floor":18,"turns":6},{"damage":14,"enemies":"Spheric Guardian","floor":19,"turns":6},{"damage":7,"enemies":"Snake Plant","floor":21,"turns":6},{"damage":11,"enemies":"Snecko","floor":22,"turns":8},{"damage":15,"enemies":"Sentry and Sphere","floor":23,"turns":9},{"damage":41,"enemies":"Cultist and Chosen","floor":24,"turns":5}],"event_choices":[],"boss_relics":[{"not_picked":["White Beast Statue","Calling Bell"],"picked":"Runic Pyramid"}],"potions_floor_spawned":[3,7,16,18,21,23],"seed_played":"1732002186638575865","killed_by":"Cultist and Chosen","ascension_level":13,"is_trial":false}