{"path_per_floor":["M","M","M","$","?","R","M","E","T","R","$","M","E","?","R","B",null,"M","$","?","M","M","R","?","R","T","R","M","$","?","$","R","B",null,"M","$","T","M","M","R","?","T","T","$","R","M","$","M","R","B"],"character_chosen":"THE_SILENT","items_purchased":["Kunai","Cloak And Dagger","Dodge and Roll","Flash of Steel","Escape Plan"],"gold_per_floor":[312,328,346,16,16,16,41,80,136,136,36,49,87,87,87,176,176,194,17,17,38,63,63,63,63,63,63,79,79,79,53,53,128,128,147,57,57,72,92,92,92,92,92,14,14,31,31,49,49,49],"floor_reached":51,"campfire_rested":4,"playtime":2851,"current_hp_per_floor":[59,59,52,52,52,52,52,39,39,39,39,36,28,21,38,32,52,52,52,52,46,3,20,20,37,37,37,37,37,37,37,54,18,48,39,39,39,44,56,56,56,56,56,56,56,58,58,58,58,7],"items_purged":["Parasite","Strike_G","Strike_G"],"gold":49,"score":795,"play_id":"3a30ce87-ee86-42e0-9636-1525b1b4443f","is_prod":false,"is_daily":false,"is_ascension_mode":true,"campfire_upgraded":6,"path_taken":["M","M","M","$","?","R","M","E","T","R","$","M","E","?","R","BOSS","M","$","?","M","?","R","?","R","T","R","M","$","?","?","R","BOSS","M","$","?","M","M","R","?","?","T","?","R","M","$","M","R","BOSS"],"build_version":"2018-02-14-BETA1","purchased_purges":3,"victory":true,"master_deck":["Defend_G","Defend_G","Defend_G","Defend_G","Strike_G+1","Strike_G+1","Survivor","Neutralize+1","Blur","Dash","Cloak And Dagger+1","Heel Hook","Venomology","Burst+1","Accuracy+1","Cloak And Dagger+1","Escape Plan","Sucker Punch+1","Infinite Blades","Dodge and Roll","Storm of Steel","After Image+1","Backflip+1","Concentrate+1","Flash of Steel+1","Flying Knee+1","Blur","Escape Plan","Accuracy+1"],"max_hp_per_floor":[66,66,66,63,58,58,58,58,58,58,58,58,58,58,58,58,58,58,58,58,58,58,58,58,58,58,58,58,58,58,58,58,58,58,58,58,58,58,58,58,58,58,58,58,58,58,58,58,58,58],"relics":["Ring of the Snake","Old Coin","Kunai","Bloody Idol","Whetstone","Tiny Chest","Molten Egg 2","Dream Catcher","Cursed Key","Astrolabe"],"card_choices":[{"not_picked":["Well Laid Plans","Crippling Poison"],"picked":"Caltrops"},{"not_picked":["Prepared","Eviscerate"],"picked":"Blur"},{"not_picked":["Catalyst","Eviscerate"],"picked":"Dash"},{"not_picked":["Sucker Punch","Leg Sweep"],"picked":"Cloak And Dagger"},{"not_picked":["Expertise","Sucker Punch"],"picked":"Heel Hook"},{"not_picked":["Acrobatics","Outmaneuver"],"picked":"Venomology"},{"not_picked":["Envenom","Doppelganger"],"picked":"Burst"},{"not_picked":["Choke","Prepared"],"picked":"Accuracy"},{"not_picked":["Bane","Endless Agony"],"picked":"Escape Plan"},{"not_picked":["Concentrate","Noxious Fumes"],"picked":"Sucker Punch"},{"not_picked":["Masterful Stab","Outmaneuver"],"picked":"Infinite Blades"},{"not_picked":["Doppelganger","Tactician"],"picked":"Storm of Steel"},{"not_picked":["Dagger Spray","Malaise"],"picked":"Flying Knee"},{"not_picked":["Noxious Fumes","Leg Sweep"],"picked":"Blur"},{"not_picked":["Underhanded Strike","Heel Hook"],"picked":"Accuracy"}],"player_experience":589211,"potions_floor_usage":[2,7,16,18,21,22,22,22,33,33,38,39,46,48,50,50,50],"damage_taken":[{"damage":0,"enemies":"Jaw Worm","floor":1,"turns":6},{"damage":0,"enemies":"Cultist","floor":2,"turns":5},{"damage":7,"enemies":"Small Slimes","floor":3,"turns":4},{"damage":0,"enemies":"2 Fungi Beasts","floor":7,"turns":4},{"damage":13,"enemies":"Lagavulin","floor":8,"turns":13},{"damage":3,"enemies":"3 Louse","floor":12,"turns":3},{"damage":8,"enemies":"Gremlin Nob","floor":13,"turns":5},{"damage":6,"enemies":"The Guardian","floor":16,"turns":14},{"damage":0,"enemies":"Chosen","floor":18,"turns":8},{"damage":6,"enemies":"Spheric Guardian","floor":21,"turns":5},{"damage":43,"enemies":"Cultist and Chosen","floor":22,"turns":12},{"damage":0,"enemies":"Snake Plant","floor":28,"turns":6},{"damage":41,"enemies":"Collector","floor":33,"turns":23},{"damage":14,"enemies":"Orb Walker","floor":35,"turns":5},{"damage":0,"enemies":"3 Shapes","floor":38,"turns":9},{"damage":5,"enemies":"Maw","floor":39,"turns":12},{"damage":0,"enemies":"3 Darklings","floor":46,"turns":9},{"damage":0,"enemies":"Spire Growth","floor":48,"turns":6},{"damage":51,"enemies":"Awakened One","floor":50,"turns":24}],"event_choices":[{"event_name":"Golden Idol","player_choice":"Lose Max HP","floor":5,"damage_taken":0},{"event_name":"Scrap Ooze","player_choice":"success","floor":14,"damage_taken":7},{"event_name":"Beggar","player_choice":"Ignored","floor":20,"damage_taken":0},{"event_name":"Drug Dealer","player_choice":"Ignored","floor":24,"damage_taken":0},{"event_name":"Forgotten Altar","player_choice":"Gave Idol","floor":30,"damage_taken":0},{"event_name":"The Woman in Blue","player_choice":"Bought 0 Potions","floor":41,"damage_taken":0}],"boss_relics":[{"not_picked":["Philosopher\u0027s Stone","White Beast Statue"],"picked":"Cursed Key"},{"not_picked":["Runic Pyramid","Orrery"],"picked":"Astrolabe"}],"potions_floor_spawned":[1,2,8,16,18,21,28,35,39],"seed_played":"4677036265850882672","ascension_level":14,"is_trial":false}