{"path_per_floor":["M","M","?","?","?","R","E","R","T","E","R","M","R","M","R","B",null,"M","M","$","?","T","R","M","R","T","M","$","M","E","?","R"],"character_chosen":"THE_SILENT","items_purchased":["Vajra","Molten Egg 2","Dash","Quick Slash"],"gold_per_floor":[118,130,130,80,80,80,109,109,160,193,193,213,213,233,233,311,311,329,339,115,115,415,415,427,427,452,463,15,25,51,51,51],"floor_reached":33,"campfire_rested":2,"playtime":1180,"current_hp_per_floor":[59,59,59,59,59,59,59,59,59,55,55,55,55,55,55,28,54,42,22,22,22,22,28,24,48,48,50,50,51,52,35,63],"items_purged":["Strike_G","Defend_G"],"gold":51,"score":522,"play_id":"88e622a0-bb1e-4e10-94a2-e4049ff56645","is_prod":false,"is_daily":false,"is_ascension_mode":true,"campfire_upgraded":6,"path_taken":["M","M","?","?","?","R","E","R","T","E","R","M","R","?","R","BOSS","M","M","$","?","?","R","M","R","T","M","$","M","E","?","R","BOSS"],"build_version":"2018-02-15-BETA1","purchased_purges":3,"victory":false,"master_deck":["Defend_G","Defend_G","Defend_G","Defend_G","Strike_G+1","Strike_G+1","Survivor+1","Neutralize+1","PiercingWail","Cloak And Dagger+1","Bouncing Flask+1","Flying Knee+1","Deflect","Escape Plan","Glass Knife+1","Skewer+1","Predator+1","Backflip","Dash+1","Quick Slash+1","Footwork","Cloak And Dagger+1"],"max_hp_per_floor":[66,66,63,63,63,63,63,63,63,63,63,63,63,63,63,63,63,63,63,63,63,63,63,63,63,63,63,63,63,63,68,68],"relics":["Ring of the Snake","NeowsBlessing","Dream Catcher","Pen Nib","Whetstone","Eternal Feather","Vajra","Old Coin","Blood Vial","Molten Egg 2","The Courier"],"card_choices":[{"not_picked":["Eviscerate","Prepared"],"picked":"PiercingWail"},{"not_picked":["Bouncing Flask","Distraction"],"picked":"Cloak And Dagger"},{"not_picked":["Underhanded Strike","Infinite Blades"],"picked":"Bouncing Flask"},{"not_picked":["PiercingWail","Poisoned Stab"],"picked":"Flying Knee"},{"not_picked":["Acrobatics","Sucker Punch"],"picked":"Deflect"},{"not_picked":["Predator","Acrobatics"],"picked":"Escape Plan"},{"not_picked":["A Thousand Cuts","Corpse Explosion"],"picked":"Glass Knife"},{"not_picked":["Bane","Poisoned Stab"],"picked":"Skewer"},{"not_picked":["Sucker Punch","Dagger Throw"],"picked":"Predator"},{"not_picked":["Flechettes","Setup"],"picked":"Backflip"},{"not_picked":["PiercingWail","Adrenaline"],"picked":"Footwork"},{"not_picked":["Deadly Poison","Acrobatics"],"picked":"Cloak And Dagger"}],"player_experience":615116,"potions_floor_usage":[10,16,24,27,33],"damage_taken":[{"damage":0,"enemies":"Small Slimes","floor":1,"turns":1},{"damage":0,"enemies":"2 Louse","floor":2,"turns":2},{"damage":0,"enemies":"Gremlin Nob","floor":7,"turns":1},{"damage":4,"enemies":"Lagavulin","floor":10,"turns":5},{"damage":0,"enemies":"Jaw Worm","floor":12,"turns":3},{"damage":0,"enemies":"Blue Slaver","floor":14,"turns":3},{"damage":27,"enemies":"Hexaghost","floor":16,"turns":9},{"damage":12,"enemies":"Spheric Guardian","floor":18,"turns":4},{"damage":20,"enemies":"2 Thieves","floor":19,"turns":4},{"damage":4,"enemies":"3 Cultists","floor":24,"turns":4},{"damage":0,"enemies":"Centurion and Healer","floor":27,"turns":5},{"damage":1,"enemies":"Snecko","floor":29,"turns":3},{"damage":1,"enemies":"Gremlin Leader","floor":30,"turns":9},{"damage":77,"enemies":"Automaton","floor":33,"turns":10}],"event_choices":[{"event_name":"Living Wall","player_choice":"Forget","floor":3,"damage_taken":0},{"event_name":"The Cleric","player_choice":"Card Removal","floor":4,"damage_taken":0},{"event_name":"Liars Game","player_choice":"disagreed","floor":5,"damage_taken":0},{"event_name":"Back to Basics","player_choice":"Elegance","floor":21,"damage_taken":0},{"event_name":"Forgotten Altar","player_choice":"Shed Blood","floor":31,"damage_taken":0}],"boss_relics":[{"not_picked":["Black Star","The Specimen"],"picked":"Eternal Feather"}],"potions_floor_spawned":[2,10,16,19,27],"seed_played":"7091622354893329130","killed_by":"Automaton","ascension_level":15,"is_trial":false}