{"path_per_floor":["M","M","M","M","?","R","E","?","T","M","T","$","M","M","R","B",null,"M","?","?","M","$","R","E","R","T","R","?","E","R","M","R","B",null,"M","$","?","?","M","E","R","M","T","M","M","T","R","M","R"],"character_chosen":"THE_SILENT","items_purchased":["Predator","Acrobatics","Bane","Mind Blast","Transmutation"],"gold_per_floor":[139,154,165,185,185,185,210,210,258,269,269,67,81,95,95,193,193,204,204,204,222,68,68,100,100,169,169,169,201,201,221,221,319,319,335,46,46,95,107,136,136,150,150,161,181,204,204,222,222],"floor_reached":50,"campfire_rested":5,"playtime":3771,"current_hp_per_floor":[66,64,64,64,52,52,36,61,61,53,53,53,44,40,40,30,62,58,58,42,53,53,53,10,31,31,52,52,18,39,48,69,58,69,71,71,71,57,49,39,39,21,21,37,47,47,47,49,70],"items_purged":["Parasite","Bite"],"gold":222,"score":765,"play_id":"4f01526c-0286-4dc4-98bf-bf6098bbe67a","is_prod":false,"is_daily":false,"is_ascension_mode":true,"campfire_upgraded":5,"path_taken":["M","M","M","M","?","R","E","?","T","?","?","$","M","M","R","BOSS","M","?","?","?","$","R","E","R","T","R","?","E","R","M","R","BOSS","M","$","?","?","M","E","R","M","T","M","M","?","R","M","R","BOSS"],"build_version":"2018-02-12-BETA1","purchased_purges":2,"victory":false,"master_deck":["Defend_G","Defend_G","Defend_G+1","Survivor+1","Neutralize+1","Slice","Sucker Punch+1","Backflip","Noxious Fumes+1","Blur","Predator","Acrobatics","Footwork+1","Backflip","Die Die Die","Dagger Spray","Bite","Bite","Bite","Bite","Footwork","Bane","Footwork","Backflip","Flying Knee+1","Night Terror+1","Outmaneuver","Mind Blast","Transmutation+1","Dash","Decay"],"max_hp_per_floor":[75,75,75,75,75,75,75,75,75,75,75,72,72,72,72,72,72,72,72,72,72,72,72,72,72,72,72,72,72,72,72,72,72,72,72,72,72,72,72,72,72,72,72,72,72,72,72,72,72],"relics":["Tiny House","Sundial","Bag of Marbles","Peace Pipe","Sozu","Nilry\u0027s Codex","Bag of Preparation","Pantograph","War Paint","Cursed Key","Lantern","Vajra"],"card_choices":[{"not_picked":["Cloak And Dagger","Concentrate"],"picked":"Slice"},{"not_picked":["Prepared","Dagger Throw"],"picked":"Sucker Punch"},{"not_picked":["Corpse Explosion","Quick Slash"],"picked":"Backflip"},{"not_picked":["Sucker Punch","Deadly Poison"],"picked":"Noxious Fumes"},{"not_picked":["Infinite Blades","Underhanded Strike"],"picked":"Blur"},{"not_picked":["Flechettes","Dash"],"picked":"Footwork"},{"not_picked":["Poisoned Stab","Quick Slash"],"picked":"Backflip"},{"not_picked":["Night Terror","Tactician"],"picked":"Die Die Die"},{"not_picked":["Masterful Stab","Reflex"],"picked":"Dagger Spray"},{"not_picked":["Bane","Deadly Poison"],"picked":"Footwork"},{"not_picked":["Poisoned Stab","Escape Plan"],"picked":"Footwork"},{"not_picked":["Footwork","Slice"],"picked":"Backflip"},{"not_picked":["Finisher","Night Terror"],"picked":"Flying Knee"},{"not_picked":["Tactician","Bullet Time"],"picked":"Night Terror"},{"not_picked":["Underhanded Strike","Backflip"],"picked":"Outmaneuver"},{"not_picked":["Quick Slash","Sucker Punch"],"picked":"Dash"}],"player_experience":558201,"potions_floor_usage":[7,7,10,13,16,16],"damage_taken":[{"damage":2,"enemies":"2 Louse","floor":1,"turns":4},{"damage":2,"enemies":"Cultist","floor":2,"turns":4},{"damage":0,"enemies":"Small Slimes","floor":3,"turns":4},{"damage":0,"enemies":"Blue Slaver","floor":4,"turns":6},{"damage":30,"enemies":"Lagavulin","floor":7,"turns":10},{"damage":10,"enemies":"3 Louse","floor":10,"turns":5},{"damage":11,"enemies":"Lots of Slimes","floor":13,"turns":6},{"damage":6,"enemies":"Exordium Wildlife","floor":14,"turns":7},{"damage":12,"enemies":"Slime Boss","floor":16,"turns":12},{"damage":6,"enemies":"Spheric Guardian","floor":18,"turns":6},{"damage":9,"enemies":"Shell Parasite","floor":21,"turns":9},{"damage":65,"enemies":"Gremlin Leader","floor":24,"turns":11},{"damage":40,"enemies":"Slavers","floor":29,"turns":6},{"damage":1,"enemies":"Snecko","floor":31,"turns":8},{"damage":27,"enemies":"Collector","floor":33,"turns":13},{"damage":7,"enemies":"3 Shapes","floor":35,"turns":5},{"damage":28,"enemies":"Mysterious Sphere","floor":38,"turns":9},{"damage":12,"enemies":"Orb Walker","floor":39,"turns":4},{"damage":28,"enemies":"Giant Head","floor":40,"turns":9},{"damage":26,"enemies":"Spire Growth","floor":42,"turns":6},{"damage":0,"enemies":"Maw","floor":44,"turns":9},{"damage":0,"enemies":"4 Shapes","floor":45,"turns":7},{"damage":8,"enemies":"Spire Growth","floor":48,"turns":8},{"damage":80,"enemies":"Donu and Deca","floor":50,"turns":8}],"event_choices":[{"event_name":"Scrap Ooze","player_choice":"success","floor":5,"damage_taken":12},{"event_name":"Big Fish","player_choice":"Banana","floor":8,"damage_taken":0},{"event_name":"Vampires","player_choice":"Became a vampire (Vial)","floor":19,"damage_taken":0},{"event_name":"Cursed Tome","player_choice":"Obtained Book","floor":20,"damage_taken":0},{"event_name":"Purifier","player_choice":"One Purge","floor":28,"damage_taken":0},{"event_name":"Mysterious Sphere","player_choice":"Fight","floor":38,"damage_taken":0}],"boss_relics":[{"not_picked":["Eternal Feather","Ectoplasm"],"picked":"Sozu"},{"not_picked":["Lizard Tail","Calling Bell"],"picked":"Cursed Key"}],"potions_floor_spawned":[2,7,10,13,14,18,24,29,33,39,42,44],"seed_played":"-2813014192023108724","killed_by":"Donu and Deca","ascension_level":12,"is_trial":false}