{"path_per_floor":["M","M","?","$","M","R","?","M","T","E","?","M","R","M","R","B",null,"M","M","M","?","$","R","M","M","T","M","T","$","M","M","R"],"character_chosen":"THE_SILENT","items_purchased":["Footwork","Molten Egg 2"],"gold_per_floor":[117,133,133,64,79,79,79,95,95,136,136,154,154,170,170,260,260,255,274,294,294,32,32,47,62,62,82,82,7,21,45,45],"floor_reached":33,"campfire_rested":1,"playtime":2267,"current_hp_per_floor":[59,59,57,57,57,57,57,57,71,49,49,48,48,48,48,42,64,62,45,33,33,33,33,27,14,14,10,10,10,1,1,22],"items_purged":["Strike_G"],"gold":45,"score":469,"play_id":"fe69f81d-f567-4d25-8cce-b6caf0f0f588","is_prod":false,"is_daily":false,"is_ascension_mode":true,"campfire_upgraded":4,"path_taken":["M","M","?","$","M","R","?","M","T","E","?","?","R","M","R","BOSS","M","M","M","?","$","R","M","?","T","M","?","$","M","M","R","BOSS"],"build_version":"2018-02-15-BETA1","purchased_purges":1,"victory":false,"master_deck":["Defend_G","Defend_G","Defend_G","Defend_G","Defend_G","Strike_G","Strike_G","Survivor","Neutralize+1","Quick Slash","Footwork+1","Dagger Throw","Neutralize","Deadly Poison+1","Dagger Throw","Dodge and Roll","Backflip","Dagger Spray","Dash+1","Backflip","Venomology","Dagger Spray+1","Backflip","Backflip"],"max_hp_per_floor":[63,63,57,57,57,57,57,57,71,71,71,71,71,71,71,71,71,71,71,71,71,71,71,71,71,71,71,71,71,71,71,71],"relics":["Ring of the Snake","Golden Idol","Mango","Bottled Lightning","Cursed Key","Molten Egg 2"],"card_choices":[{"not_picked":["Dodge and Roll","Acrobatics"],"picked":"Quick Slash"},{"not_picked":["Prepared","Tools of the Trade"],"picked":"Dagger Throw"},{"not_picked":["Quick Slash","Bane"],"picked":"Dagger Throw"},{"not_picked":["Cloak And Dagger","Dagger Spray"],"picked":"Dodge and Roll"},{"not_picked":["Slice","Deadly Poison"],"picked":"Backflip"},{"not_picked":["Deflect","Flying Knee"],"picked":"Dagger Spray"},{"not_picked":["Choke","Flying Knee"],"picked":"Dash"},{"not_picked":["Noxious Fumes","Terror"],"picked":"Backflip"},{"not_picked":["Prepared","PiercingWail"],"picked":"Venomology"},{"not_picked":["Backstab","Underhanded Strike"],"picked":"Dagger Spray"},{"not_picked":["Expertise","Malaise"],"picked":"Backflip"},{"not_picked":["Underhanded Strike","Well Laid Plans"],"picked":"Backflip"}],"player_experience":608218,"potions_floor_usage":[8,10,20,25,27,27,30,33,33,33,33],"damage_taken":[{"damage":0,"enemies":"Small Slimes","floor":1,"turns":5},{"damage":0,"enemies":"Jaw Worm","floor":2,"turns":5},{"damage":0,"enemies":"Cultist","floor":5,"turns":4},{"damage":0,"enemies":"3 Louse","floor":8,"turns":2},{"damage":22,"enemies":"Lagavulin","floor":10,"turns":8},{"damage":1,"enemies":"Looter","floor":12,"turns":3},{"damage":0,"enemies":"Blue Slaver","floor":14,"turns":5},{"damage":6,"enemies":"The Guardian","floor":16,"turns":15},{"damage":2,"enemies":"2 Thieves","floor":18,"turns":4},{"damage":17,"enemies":"Chosen","floor":19,"turns":5},{"damage":12,"enemies":"Snecko","floor":20,"turns":6},{"damage":6,"enemies":"Centurion and Healer","floor":24,"turns":8},{"damage":13,"enemies":"Sentry and Sphere","floor":25,"turns":10},{"damage":4,"enemies":"Chosen and Byrds","floor":27,"turns":8},{"damage":9,"enemies":"Snake Plant","floor":30,"turns":6},{"damage":0,"enemies":"Centurion and Healer","floor":31,"turns":8},{"damage":26,"enemies":"Collector","floor":33,"turns":10}],"event_choices":[{"event_name":"Golden Idol","player_choice":"Lose Max HP","floor":3,"damage_taken":0},{"event_name":"Match and Keep!","player_choice":"2 cards matched","floor":7,"damage_taken":0},{"event_name":"Living Wall","player_choice":"Forget","floor":11,"damage_taken":0},{"event_name":"Bonfire Elementals","player_choice":"BASIC","floor":21,"damage_taken":0}],"boss_relics":[{"not_picked":["Snecko Eye","Velvet Choker"],"picked":"Cursed Key"}],"potions_floor_spawned":[1,2,16,20,24,27,31],"seed_played":"-7296537819346844280","killed_by":"Collector","ascension_level":15,"is_trial":false}