{"path_per_floor":["M","?","?","$","M","M","R","?","T","M","R","M","T","$","R","B",null,"M","M","?","?","?","R","M","R","T","$","M","R","M","$","R"],"character_chosen":"THE_SILENT","items_purchased":["Anchor","Slice","Oddly Smooth Stone","Block Potion"],"gold_per_floor":[216,216,216,23,41,59,59,59,59,75,75,94,121,46,46,117,117,131,145,145,145,145,145,158,158,158,15,34,34,54,3,3],"floor_reached":33,"campfire_rested":1,"playtime":1870,"current_hp_per_floor":[59,52,52,52,52,52,52,52,52,52,52,39,39,39,39,15,51,48,47,47,47,47,47,44,44,44,44,31,31,18,18,36],"items_purged":["Strike_G"],"gold":3,"score":411,"play_id":"fb01aa10-2e91-491c-9530-043936b8da05","is_prod":false,"is_daily":false,"is_ascension_mode":true,"campfire_upgraded":6,"path_taken":["M","?","?","?","?","M","R","?","T","M","R","?","?","$","R","BOSS","M","M","?","?","?","R","M","R","T","?","M","R","M","$","R","BOSS"],"build_version":"2018-02-15-BETA1","purchased_purges":2,"victory":false,"master_deck":["Defend_G","Defend_G","Defend_G","Defend_G","Defend_G","Survivor+1","Neutralize+1","Dodge and Roll","Slice","Backflip+1","Malaise+1","Dagger Throw","Heel Hook+1","Glass Knife+1","Infinite Blades+1","Sucker Punch+1","Dagger Spray+1","Endless Agony","Escape Plan","Backflip"],"max_hp_per_floor":[66,63,63,63,63,63,63,63,63,63,63,63,63,63,63,63,63,63,63,63,63,63,63,63,63,63,63,63,63,63,63,63],"relics":["Ring of the Snake","Anchor","Frozen Eye","Astrolabe","Nloth\u0027s Gift","Peace Pipe","Oddly Smooth Stone"],"card_choices":[{"not_picked":["Poisoned Stab","A Thousand Cuts"],"picked":"Dodge and Roll"},{"not_picked":["Cloak And Dagger","Expertise"],"picked":"Backflip"},{"not_picked":["Quick Slash","Dagger Throw"],"picked":"Malaise"},{"not_picked":["All Out Attack","Backflip"],"picked":"Dagger Throw"},{"not_picked":["Well Laid Plans","Outmaneuver"],"picked":"Heel Hook"},{"not_picked":["Grand Finale","Unload"],"picked":"Glass Knife"},{"not_picked":["Riddle With Holes","Sucker Punch"],"picked":"Dagger Spray"},{"not_picked":["Acrobatics","Expertise"],"picked":"Escape Plan"},{"not_picked":["Slice","Sucker Punch"],"picked":"Backflip"}],"player_experience":616296,"potions_floor_usage":[16,24,33,33],"damage_taken":[{"damage":0,"enemies":"Cultist","floor":1,"turns":3},{"damage":0,"enemies":"Jaw Worm","floor":5,"turns":5},{"damage":0,"enemies":"2 Louse","floor":6,"turns":2},{"damage":0,"enemies":"2 Fungi Beasts","floor":10,"turns":5},{"damage":13,"enemies":"Exordium Thugs","floor":12,"turns":7},{"damage":24,"enemies":"The Guardian","floor":16,"turns":21},{"damage":3,"enemies":"3 Byrds","floor":18,"turns":7},{"damage":1,"enemies":"Shell Parasite","floor":19,"turns":5},{"damage":3,"enemies":"Snake Plant","floor":24,"turns":7},{"damage":13,"enemies":"Centurion and Healer","floor":28,"turns":8},{"damage":13,"enemies":"Chosen and Byrds","floor":30,"turns":6},{"damage":45,"enemies":"Automaton","floor":33,"turns":6}],"event_choices":[{"event_name":"Golden Wing","player_choice":"Card Removal","floor":2,"damage_taken":0},{"event_name":"Accursed Blacksmith","player_choice":"Forge","floor":3,"damage_taken":0},{"event_name":"Living Wall","player_choice":"Forget","floor":8,"damage_taken":0},{"event_name":"N\u0027loth","player_choice":"Traded a Bag of Marbles","floor":20,"damage_taken":0},{"event_name":"Transmorgrifier","player_choice":"Transform","floor":21,"damage_taken":0},{"event_name":"Vampires","player_choice":"Ignored","floor":22,"damage_taken":0}],"boss_relics":[{"not_picked":["Calling Bell","Pandora\u0027s Box"],"picked":"Astrolabe"}],"potions_floor_spawned":[10,18,30],"seed_played":"2186336582105027157","killed_by":"Automaton","ascension_level":15,"is_trial":false}