{"path_per_floor":["M","$","M","$","M","R","E","R","T","R","$","M","?","M","R","B",null,"M","M","?","$","?","R","T","R","T","R","E","M","?","M","R","B",null,"M","M","$","?","M","M","R","M","T","R","$","?","$","M","R","B"],"character_chosen":"THE_SILENT","items_purchased":["Predator","Terror","Footwork","Infinite Blades","Oddly Smooth Stone","Dexterity Potion","Poison Potion"],"gold_per_floor":[210,210,229,47,64,64,92,92,92,92,14,31,55,72,72,173,173,186,206,206,27,27,27,27,27,27,27,62,73,73,88,88,185,185,200,213,64,64,80,99,99,112,112,112,112,112,13,29,29,29],"floor_reached":51,"campfire_rested":4,"playtime":2797,"current_hp_per_floor":[54,54,54,54,54,54,48,48,48,48,48,48,48,48,67,45,62,40,40,40,40,62,62,69,69,69,69,69,69,69,69,69,22,61,58,29,29,48,33,27,49,39,39,61,61,61,61,61,74,19],"items_purged":["Parasite","Injury"],"gold":29,"score":785,"play_id":"cfc6277a-f014-484d-bcaf-6160f9da7078","is_prod":false,"is_daily":false,"is_ascension_mode":true,"campfire_upgraded":7,"path_taken":["M","$","M","$","M","R","E","R","T","R","?","M","?","M","R","BOSS","M","M","?","$","?","R","?","R","T","R","E","M","?","M","R","BOSS","M","?","$","?","M","M","R","M","T","R","$","?","$","M","R","BOSS"],"build_version":"2018-02-08-BETA1","purchased_purges":2,"victory":true,"master_deck":["Defend_G","Defend_G+1","Defend_G+1","Defend_G","Defend_G","Strike_G","Strike_G","Strike_G","Strike_G","Strike_G","Survivor","Neutralize+1","Cloak And Dagger+1","Sucker Punch+1","Predator+1","Terror+1","Backstab","Adrenaline","Footwork","Dash+1","Heel Hook","Adrenaline","Outmaneuver+1","Heel Hook","Infinite Blades","Blur","Infinite Blades+1","Slice+1","PiercingWail+1","Leg Sweep","Cloak And Dagger","After Image+1"],"max_hp_per_floor":[70,70,70,67,67,67,67,67,67,67,67,67,67,67,67,67,67,67,67,67,67,67,67,74,74,74,74,74,74,74,74,74,74,74,74,74,74,74,74,74,74,74,74,74,74,74,74,74,74,74],"relics":["Ring of the Snake","Matryoshka","Omamori","Shovel","Odd Mushroom","Calling Bell","War Paint","Kunai","Happy Flower","Strawberry","Frozen Egg 2","Lantern","Bronze Scales","Lizard Tail","Oddly Smooth Stone","Vajra"],"card_choices":[{"not_picked":["Reflex","Catalyst"],"picked":"Cloak And Dagger"},{"not_picked":["Caltrops","Eviscerate"],"picked":"Sucker Punch"},{"not_picked":["Bane","Slice"],"picked":"Backstab"},{"not_picked":["Choke","Accuracy"],"picked":"Adrenaline"},{"not_picked":["Terror","Sucker Punch"],"picked":"Dash"},{"not_picked":["Cloak And Dagger","Backstab"],"picked":"Heel Hook"},{"not_picked":["Unload","Phantasmal Killer"],"picked":"Adrenaline"},{"not_picked":["Concentrate","Dodge and Roll"],"picked":"Outmaneuver"},{"not_picked":["Deflect","Acrobatics"],"picked":"Heel Hook"},{"not_picked":["Malaise","After Image"],"picked":"Blur"},{"not_picked":["PiercingWail","Footwork"],"picked":"Infinite Blades"},{"not_picked":["Bane","Distraction"],"picked":"Slice"},{"not_picked":["Calculated Gamble","Underhanded Strike"],"picked":"PiercingWail"},{"not_picked":["Blade Dance","Underhanded Strike"],"picked":"Leg Sweep"},{"not_picked":["Deadly Poison","Well Laid Plans"],"picked":"Cloak And Dagger"},{"not_picked":["Terror","Deadly Poison"],"picked":"After Image"}],"player_experience":553009,"potions_floor_usage":[33,33,33,39,50,50,50],"damage_taken":[{"damage":9.0,"enemies":"Blue Slaver","floor":1.0,"turns":7.0},{"damage":0.0,"enemies":"2 Louse","floor":3.0,"turns":4.0},{"damage":0.0,"enemies":"Cultist","floor":5.0,"turns":4.0},{"damage":6.0,"enemies":"Gremlin Nob","floor":7.0,"turns":3.0},{"damage":0.0,"enemies":"3 Louse","floor":12.0,"turns":2.0},{"damage":0.0,"enemies":"The Mushroom Lair","floor":13.0,"turns":4.0},{"damage":0.0,"enemies":"Exordium Thugs","floor":14.0,"turns":4.0},{"damage":22.0,"enemies":"Slime Boss","floor":16.0,"turns":9.0},{"damage":22,"enemies":"Spheric Guardian","floor":18,"turns":4},{"damage":0,"enemies":"Shell Parasite","floor":19,"turns":3},{"damage":0,"enemies":"Book of Stabbing","floor":28,"turns":5},{"damage":0,"enemies":"Sentry and Sphere","floor":29,"turns":7},{"damage":0,"enemies":"Snecko","floor":31,"turns":5},{"damage":47,"enemies":"Collector","floor":33,"turns":10},{"damage":3,"enemies":"Orb Walker","floor":35,"turns":4},{"damage":29,"enemies":"3 Shapes","floor":36,"turns":7},{"damage":15,"enemies":"Sphere and 2 Shapes","floor":39,"turns":7},{"damage":6,"enemies":"3 Darklings","floor":40,"turns":5},{"damage":10,"enemies":"Flame Bruiser 2 Orb","floor":42,"turns":7},{"damage":0,"enemies":"Sphere and 2 Shapes","floor":48,"turns":6},{"damage":67,"enemies":"Awakened One","floor":50,"turns":27}],"event_choices":[{"event_name":"Mushrooms","player_choice":"Fought Mushrooms","floor":13.0,"damage_taken":0.0},{"event_name":"Drug Dealer","player_choice":"Ignored","floor":20,"damage_taken":0},{"event_name":"The Library","player_choice":"Heal","floor":22,"damage_taken":0},{"event_name":"Beggar","player_choice":"Ignored","floor":30,"damage_taken":0},{"event_name":"Winding Halls","player_choice":"Writhe","floor":38,"damage_taken":0},{"event_name":"Fountain of Cleansing","player_choice":"Removed Curse","floor":46,"damage_taken":0}],"boss_relics":[{"not_picked":["Runic Dome","Velvet Choker"],"picked":"Calling Bell"},{"not_picked":["Tiny House","The Specimen"],"picked":"Lizard Tail"}],"potions_floor_spawned":[1,7,13,18,19,29,36,42,48],"seed_played":"2485585289154975199","ascension_level":11,"is_trial":false}