{"path_per_floor":["M","$","M","M","?","R","?","R","T","?","M","?","$","?","R","B",null,"M","M","?","$","M","R","M","?","T","R","M","?","R","?","R","B",null,"M","M","$","M","M","R","M"],"character_chosen":"THE_SILENT","items_purchased":["Paper Crane","Apotheosis","A Thousand Cuts"],"gold_per_floor":[109,34,45,58,58,58,58,58,358,458,476,476,9,9,9,111,111,129,101,101,1,16,16,28,28,28,28,42,42,42,42,42,140,140,158,168,33,48,66,66,86],"floor_reached":42,"campfire_rested":3,"playtime":1734,"current_hp_per_floor":[63,63,63,63,68,68,68,68,68,68,68,54,54,54,54,54,68,68,60,60,60,59,59,59,46,46,69,69,69,69,53,76,33,66,66,59,59,59,24,47,22],"items_purged":["Parasite","Strike_G"],"gold":86,"score":601,"play_id":"f29bbcf4-6143-4eda-bc72-dea2613babfd","is_prod":false,"is_daily":false,"is_ascension_mode":true,"campfire_upgraded":5,"path_taken":["M","$","M","?","?","R","?","R","T","?","?","?","$","?","R","BOSS","M","M","?","$","M","R","M","?","T","R","M","?","R","?","R","BOSS","M","M","$","M","M","R","M","M"],"build_version":"2018-02-08-BETA1","purchased_purges":2,"victory":false,"master_deck":["Defend_G","Defend_G","Defend_G","Defend_G","Defend_G","Strike_G","Strike_G+1","Strike_G","Survivor+1","Neutralize+1","Cloak And Dagger","Blur+1","Flying Knee","Cloak And Dagger","Apotheosis+1","All Out Attack","Doppelganger+1","Quick Slash+1","Backstab+1","Dagger Spray+1","Terror+1","Phantasmal Killer","Envenom","Leg Sweep+1","Flying Knee+1","A Thousand Cuts","Blade Dance+1","Backflip","Acrobatics+1"],"max_hp_per_floor":[70,67,67,67,72,72,72,72,72,72,72,72,72,72,72,72,72,72,72,72,72,72,72,72,77,77,77,77,77,77,77,77,77,77,77,77,77,77,77,77,77],"relics":["Ring of the Snake","NeowsBlessing","Old Coin","Paper Crane","Sozu","Frozen Eye","Enchiridion","Philosopher\u0027s Stone"],"card_choices":[{"not_picked":["Bane","Deadly Poison"],"picked":"Cloak And Dagger"},{"not_picked":["Riddle With Holes","Deadly Poison"],"picked":"Blur"},{"not_picked":["Concentrate","Quick Slash"],"picked":"Flying Knee"},{"not_picked":["Distraction","Sucker Punch"],"picked":"Cloak And Dagger"},{"not_picked":["Burst","Venomology"],"picked":"Doppelganger"},{"not_picked":["Slice","Bane"],"picked":"Quick Slash"},{"not_picked":["Cloak And Dagger","Distraction"],"picked":"Backstab"},{"not_picked":["Poisoned Stab","Quick Slash"],"picked":"Dagger Spray"},{"not_picked":["Deflect","Outmaneuver"],"picked":"Terror"},{"not_picked":["Escape Plan","PiercingWail"],"picked":"Phantasmal Killer"},{"not_picked":["Venomology","Night Terror"],"picked":"Envenom"},{"not_picked":["Prepared","Quick Slash"],"picked":"Leg Sweep"},{"not_picked":["Finisher","Bane"],"picked":"Flying Knee"},{"not_picked":["All Out Attack","Bouncing Flask"],"picked":"Blade Dance"},{"not_picked":["PiercingWail","Setup"],"picked":"Backflip"},{"not_picked":["Noxious Fumes","Masterful Stab"],"picked":"Acrobatics"}],"player_experience":540807,"potions_floor_usage":[],"damage_taken":[{"damage":0,"enemies":"Blue Slaver","floor":1,"turns":1},{"damage":0,"enemies":"Jaw Worm","floor":3,"turns":1},{"damage":0,"enemies":"Cultist","floor":4,"turns":1},{"damage":0,"enemies":"Large Slime","floor":11,"turns":6},{"damage":0,"enemies":"The Guardian","floor":16,"turns":13},{"damage":0,"enemies":"3 Byrds","floor":18,"turns":6},{"damage":8,"enemies":"2 Thieves","floor":19,"turns":5},{"damage":1,"enemies":"Cultist and Chosen","floor":22,"turns":11},{"damage":0,"enemies":"Snecko","floor":24,"turns":5},{"damage":0,"enemies":"Centurion and Healer","floor":28,"turns":4},{"damage":43,"enemies":"Champ","floor":33,"turns":14},{"damage":0,"enemies":"Orb Walker","floor":35,"turns":3},{"damage":7,"enemies":"3 Shapes","floor":36,"turns":4},{"damage":0,"enemies":"Maw","floor":38,"turns":6},{"damage":35,"enemies":"Flame Bruiser 2 Orb","floor":39,"turns":5},{"damage":25,"enemies":"Spire Growth","floor":41,"turns":4},{"damage":25,"enemies":"Sphere and 2 Shapes","floor":42,"turns":3}],"event_choices":[{"event_name":"Big Fish","player_choice":"Donut","floor":5,"damage_taken":0},{"event_name":"Liars Game","player_choice":"disagreed","floor":7,"damage_taken":0},{"event_name":"Wheel of Change","player_choice":"Gold","floor":10,"damage_taken":0},{"event_name":"Shining Light","player_choice":"Entered Light","floor":12,"damage_taken":0},{"event_name":"Transmorgrifier","player_choice":"Transform","floor":14,"damage_taken":0},{"event_name":"Upgrade Shrine","player_choice":"Upgraded","floor":20,"damage_taken":0},{"event_name":"Forgotten Altar","player_choice":"Shed Blood","floor":25,"damage_taken":0},{"event_name":"Vampires","player_choice":"Ignored","floor":29,"damage_taken":0},{"event_name":"Cursed Tome","player_choice":"Obtained Book","floor":31,"damage_taken":0}],"boss_relics":[{"not_picked":["Velvet Choker","Orrery"],"picked":"Sozu"},{"not_picked":["Black Star","Calling Bell"],"picked":"Philosopher\u0027s Stone"}],"potions_floor_spawned":[4,11,19,24,28,36,41],"seed_played":"934383141058990861","killed_by":"Sphere and 2 Shapes","ascension_level":11,"is_trial":false}