{"path_per_floor":["M","M","M","M","$","E","M","R","T","M","?","M","R","?","R","B",null,"M","?","M","$","M","R","E","R","T","M"],"character_chosen":"THE_SILENT","items_purchased":["Apotheosis","Vajra"],"gold_per_floor":[113,126,137,155,80,107,119,119,172,190,190,200,200,200,200,274,304,314,346,336,4,21,21,54,54,108,119],"floor_reached":28,"campfire_rested":2,"playtime":1577,"current_hp_per_floor":[63,63,62,61,61,37,31,31,31,18,40,40,40,40,40,30,63,47,9,10,10,2,23,15,36,36,33],"items_purged":["Parasite"],"gold":119,"score":399,"play_id":"63a204de-3bc1-438b-a5ae-bd103b8e7382","is_prod":false,"is_daily":false,"is_ascension_mode":true,"campfire_upgraded":3,"path_taken":["M","M","M","M","$","E","M","R","T","M","?","M","R","?","R","BOSS","M","?","M","$","M","R","E","R","T","M","E"],"build_version":"2018-02-13-BETA1","purchased_purges":2,"victory":false,"master_deck":["Defend_G","Defend_G","Defend_G","Defend_G+1","Defend_G","Strike_G","Strike_G","Strike_G","Strike_G","Survivor","Neutralize","Poisoned Stab","Outmaneuver","Footwork+1","Caltrops+1","Cloak And Dagger","Leg Sweep+1","Deflect","Venomology","PiercingWail","Quick Slash","Dagger Spray","Apotheosis","Noxious Fumes","Caltrops"],"max_hp_per_floor":[70,70,70,70,67,67,67,67,67,67,67,67,67,67,67,67,72,72,72,72,72,72,72,72,72,72,72],"relics":["Ring of the Snake","Bronze Scales","Calipers","Blood Vial","Tiny House","Red Mask","Vajra","Smiling Mask","Pen Nib"],"card_choices":[{"not_picked":["Acrobatics","Outmaneuver"],"picked":"Poisoned Stab"},{"not_picked":["Acrobatics","Sucker Punch"],"picked":"Outmaneuver"},{"not_picked":["Acrobatics","Cloak And Dagger"],"picked":"Footwork"},{"not_picked":["Night Terror","Sucker Punch"],"picked":"Caltrops"},{"not_picked":["Dagger Spray","Setup"],"picked":"Cloak And Dagger"},{"not_picked":["PiercingWail","Dagger Throw"],"picked":"Leg Sweep"},{"not_picked":["Outmaneuver","Prepared"],"picked":"Deflect"},{"not_picked":["Unload","Grand Finale"],"picked":"Venomology"},{"not_picked":["Quick Slash","Sucker Punch"],"picked":"PiercingWail"},{"not_picked":["Dagger Spray","Choke"],"picked":"Quick Slash"},{"not_picked":["Endless Agony","Dagger Throw"],"picked":"Dagger Spray"},{"not_picked":["Masterful Stab","Deadly Poison"],"picked":"Noxious Fumes"},{"not_picked":["Underhanded Strike","Backstab"],"picked":"Caltrops"}],"player_experience":576014,"potions_floor_usage":[4,6,12,12,16,18,18,19,20,27,28],"damage_taken":[{"damage":0,"enemies":"2 Louse","floor":1,"turns":3},{"damage":0,"enemies":"Jaw Worm","floor":2,"turns":3},{"damage":1,"enemies":"Cultist","floor":3,"turns":4},{"damage":1,"enemies":"3 Louse","floor":4,"turns":2},{"damage":24,"enemies":"Lagavulin","floor":6,"turns":10},{"damage":6,"enemies":"2 Fungi Beasts","floor":7,"turns":4},{"damage":15,"enemies":"Exordium Wildlife","floor":10,"turns":4},{"damage":2,"enemies":"Large Slime","floor":12,"turns":6},{"damage":24,"enemies":"The Guardian","floor":16,"turns":13},{"damage":18,"enemies":"Chosen","floor":18,"turns":10},{"damage":40,"enemies":"Masked Bandits","floor":19,"turns":6},{"damage":1,"enemies":"2 Thieves","floor":20,"turns":4},{"damage":10,"enemies":"Centurion and Healer","floor":22,"turns":14},{"damage":10,"enemies":"Book of Stabbing","floor":24,"turns":6},{"damage":17,"enemies":"Snake Plant","floor":27,"turns":5},{"damage":44,"enemies":"Gremlin Leader","floor":28,"turns":5}],"event_choices":[{"event_name":"Big Fish","player_choice":"Banana","floor":11,"damage_taken":0},{"event_name":"Bonfire Elementals","player_choice":"BASIC","floor":14,"damage_taken":0},{"event_name":"Masked Bandits","player_choice":"Fought over 314 gold","floor":19,"damage_taken":0}],"boss_relics":[{"not_picked":["White Beast Statue","Runic Pyramid"],"picked":"Tiny House"}],"potions_floor_spawned":[2,3,6,7,10,19,24],"seed_played":"-6816878203658612110","killed_by":"Gremlin Leader","ascension_level":13,"is_trial":false}