{"path_per_floor":["M","M","$","M","?","E","R","E","T","E","M","$","E","M","R","B",null,"M","?","?","M","$","E","R","E","T","E","?","$","M","?","R","B",null,"M","?","?","$","?","E","R","E","T","R","$","M","E","?","R","B"],"character_chosen":"THE_SILENT","items_purchased":["Apotheosis","Noxious Fumes","Acrobatics","Deflect","Choke","Finesse"],"gold_per_floor":[211,225,26,45,45,79,79,107,107,142,162,10,44,54,54,149,149,166,166,166,180,80,112,112,138,164,199,199,29,41,41,41,139,139,155,210,210,36,36,65,65,98,175,175,42,57,89,89,89,89],"floor_reached":51,"campfire_rested":4,"playtime":3097,"current_hp_per_floor":[69,69,69,69,66,77,77,74,74,64,61,61,60,60,60,50,84,66,66,66,61,61,55,80,50,59,58,39,39,38,72,102,87,102,104,87,87,87,87,84,104,106,108,108,108,108,99,85,108,62],"items_purged":["Strike_G","Strike_G","Strike_G","Writhe"],"gold":89,"score":772,"play_id":"800fa5da-9ed5-449f-8d28-8e64f36d87e0","is_prod":false,"is_daily":false,"is_ascension_mode":true,"campfire_upgraded":3,"path_taken":["M","M","$","M","?","E","R","E","T","E","M","$","E","M","R","BOSS","M","?","?","M","$","E","R","E","T","E","?","$","M","?","R","BOSS","M","?","?","$","?","E","R","E","T","R","?","M","E","?","R","BOSS"],"build_version":"2018-02-16-BETA2","purchased_purges":4,"victory":true,"master_deck":["Defend_G","Defend_G","Defend_G","Defend_G","Defend_G","Strike_G","Survivor","Neutralize","Malaise+1","Flying Knee","Apotheosis+1","Quick Slash","Skewer","After Image","Dagger Spray","Noxious Fumes+1","Backflip","Bane","Phantasmal Killer","Tools of the Trade","Dagger Throw","Cloak And Dagger+1","Acrobatics","Sucker Punch","After Image","Acrobatics+1","Deflect","Prepared+1","Choke","Finesse","Predator","Quick Slash+1","Madness","Madness"],"max_hp_per_floor":[70,70,70,70,70,84,84,84,84,84,84,84,84,84,84,84,84,86,86,86,86,86,86,86,86,95,97,102,102,102,102,102,102,102,104,104,104,104,104,104,104,106,108,108,108,108,108,108,108,108],"relics":["Ring of the Snake","Prayer Wheel","Mango","Art of War","Singing Bowl","Happy Flower","Gremlin Horn","Philosopher\u0027s Stone","Juzu Bracelet","Dodecahedron","Ninja Scroll","Strawberry","Vajra","Black Star","Unceasing Top","Tingsha","Frozen Eye","Bag of Preparation","Omamori","Frozen Egg 2","Pantograph","Bottled Flame"],"card_choices":[{"not_picked":["Leg Sweep","Underhanded Strike"],"picked":"Malaise"},{"not_picked":["Dagger Throw","Caltrops"],"picked":"Flying Knee"},{"not_picked":["Glass Knife","Flechettes"],"picked":"Quick Slash"},{"not_picked":["Bane","Distraction"],"picked":"Skewer"},{"not_picked":["Slice","Caltrops"],"picked":"After Image"},{"not_picked":["Deflect","Prepared"],"picked":"Dagger Spray"},{"not_picked":["Heel Hook","Dagger Spray"],"picked":"Backflip"},{"not_picked":["Slice","Eviscerate"],"picked":"Bane"},{"not_picked":["Glass Knife","Night Terror"],"picked":"Phantasmal Killer"},{"not_picked":["Heel Hook","Slice"],"picked":"Dagger Throw"},{"not_picked":["Skewer","Dagger Throw"],"picked":"Outmaneuver"},{"not_picked":["Endless Agony","Distraction"],"picked":"Cloak And Dagger"},{"not_picked":["Escape Plan","Slice"],"picked":"Sucker Punch"},{"not_picked":["Storm of Steel","Die Die Die"],"picked":"After Image"},{"not_picked":["Infinite Blades","Bane"],"picked":"Acrobatics"},{"not_picked":["Crippling Poison","Flechettes"],"picked":"Prepared"},{"not_picked":["Poisoned Stab","Distraction"],"picked":"Predator"},{"not_picked":["Poisoned Stab","Prepared"],"picked":"Quick Slash"}],"player_experience":656233,"potions_floor_usage":[6,8,21,23,27,42,47,50,50],"damage_taken":[{"damage":1,"enemies":"2 Louse","floor":1,"turns":3},{"damage":0,"enemies":"Small Slimes","floor":2,"turns":3},{"damage":0,"enemies":"Jaw Worm","floor":4,"turns":3},{"damage":3,"enemies":"3 Sentries","floor":6,"turns":10},{"damage":3,"enemies":"Lagavulin","floor":8,"turns":8},{"damage":10,"enemies":"Gremlin Nob","floor":10,"turns":4},{"damage":3,"enemies":"Looter","floor":11,"turns":3},{"damage":1,"enemies":"Lagavulin","floor":13,"turns":6},{"damage":0,"enemies":"Gremlin Gang","floor":14,"turns":4},{"damage":10,"enemies":"Hexaghost","floor":16,"turns":10},{"damage":20,"enemies":"2 Thieves","floor":18,"turns":4},{"damage":5,"enemies":"Chosen","floor":21,"turns":6},{"damage":6,"enemies":"Book of Stabbing","floor":23,"turns":7},{"damage":30,"enemies":"Slavers","floor":25,"turns":4},{"damage":3,"enemies":"Book of Stabbing","floor":27,"turns":6},{"damage":1,"enemies":"Snake Plant","floor":30,"turns":5},{"damage":15,"enemies":"Automaton","floor":33,"turns":9},{"damage":0,"enemies":"3 Shapes","floor":35,"turns":4},{"damage":17,"enemies":"Mysterious Sphere","floor":36,"turns":5},{"damage":3,"enemies":"Giant Head","floor":40,"turns":8},{"damage":0,"enemies":"2 Orb Walkers","floor":42,"turns":4},{"damage":0,"enemies":"Flame Bruiser 1 Orb","floor":46,"turns":2},{"damage":9,"enemies":"Giant Head","floor":47,"turns":6},{"damage":76,"enemies":"Awakened One","floor":50,"turns":13}],"event_choices":[{"event_name":"Scrap Ooze","player_choice":"success","floor":5,"damage_taken":3},{"event_name":"The Mausoleum","player_choice":"Yes","floor":19,"damage_taken":0},{"event_name":"Transmorgrifier","player_choice":"Transform","floor":20,"damage_taken":0},{"event_name":"Forgotten Altar","player_choice":"Shed Blood","floor":28,"damage_taken":0},{"event_name":"The Library","player_choice":"Heal","floor":31,"damage_taken":0},{"event_name":"Mysterious Sphere","player_choice":"Fight","floor":36,"damage_taken":0},{"event_name":"Tomb of Lord Red Mask","player_choice":"Ignored","floor":37,"damage_taken":0},{"event_name":"Winding Halls","player_choice":"Embrace Madness","floor":48,"damage_taken":0}],"boss_relics":[{"not_picked":["Snecko Eye","White Beast Statue"],"picked":"Philosopher\u0027s Stone"},{"not_picked":["Calling Bell","Runic Dome"],"picked":"Black Star"}],"potions_floor_spawned":[1,2,10,14,16,23,30,33,36,42],"seed_played":"-5817581248736604858","ascension_level":1,"is_trial":false}