{"path_per_floor":["M","?","M","$","$","R","E","R","T","M","R","M","E","$","R","B",null,"M","M","M","?","?","R","E","R","T","M","M","M","R","M","R"],"character_chosen":"THE_SILENT","items_purchased":[],"gold_per_floor":[117,117,129,54,54,54,83,83,109,123,123,135,168,68,68,145,145,159,172,190,221,221,221,248,248,271,281,301,312,312,326,326],"floor_reached":33,"campfire_rested":1,"playtime":1660,"current_hp_per_floor":[59,64,64,64,64,64,64,64,64,64,64,64,64,64,64,39,61,56,56,47,27,27,47,24,32,32,12,29,47,47,40,47],"items_purged":["Parasite","Strike_G"],"gold":326,"score":598,"play_id":"d6b646bd-346e-4a05-8f68-01a4ba0a8f20","is_prod":false,"is_daily":false,"is_ascension_mode":true,"campfire_upgraded":7,"path_taken":["M","?","?","?","$","R","E","R","T","M","R","M","E","$","R","BOSS","M","M","M","?","?","R","E","R","T","M","M","M","R","M","R","BOSS"],"build_version":"2018-02-15-BETA1","purchased_purges":2,"victory":false,"master_deck":["Defend_G","Defend_G","Defend_G","Defend_G","Defend_G","Survivor","Neutralize+1","Noxious Fumes+1","Dash+1","Dagger Throw","Dagger Throw","Leg Sweep+1","Flying Knee","Adrenaline","PiercingWail+1","Malaise+1","Deflect","Bite","Bite","Bite","Bite","Bite","Cloak And Dagger+1","Blur","Cloak And Dagger+1"],"max_hp_per_floor":[66,71,71,68,68,68,68,68,68,68,68,68,68,68,68,68,68,68,68,68,68,47,47,47,47,47,47,47,47,47,47,47],"relics":["Ring of the Snake","NeowsBlessing","Kunai","Bag of Marbles","Bottled Lightning","Eternal Feather","Red Mask","Lantern","Regal Pillow"],"card_choices":[{"not_picked":["All Out Attack","Outmaneuver"],"picked":"Noxious Fumes"},{"not_picked":["Blade Dance","Sucker Punch"],"picked":"Dash"},{"not_picked":["Acrobatics","Finisher"],"picked":"Dagger Throw"},{"not_picked":["Sucker Punch","Crippling Poison"],"picked":"Dagger Throw"},{"not_picked":["Prepared","Outmaneuver"],"picked":"Leg Sweep"},{"not_picked":["Tools of the Trade","Eviscerate"],"picked":"Flying Knee"},{"not_picked":["Envenom","Venomology"],"picked":"Adrenaline"},{"not_picked":["Distraction","Outmaneuver"],"picked":"PiercingWail"},{"not_picked":["Bullet Time","Accuracy"],"picked":"Malaise"},{"not_picked":["Outmaneuver","Choke"],"picked":"Deflect"},{"not_picked":["Envenom","Deflect"],"picked":"Cloak And Dagger"},{"not_picked":["Dodge and Roll","Quick Slash"],"picked":"Blur"},{"not_picked":["Underhanded Strike","Dagger Spray"],"picked":"Cloak And Dagger"}],"player_experience":595258,"potions_floor_usage":[13,13,16,16,21,21,24,24,28,33],"damage_taken":[{"damage":0,"enemies":"2 Louse","floor":1,"turns":1},{"damage":0,"enemies":"Cultist","floor":3,"turns":1},{"damage":0,"enemies":"Lagavulin","floor":7,"turns":1},{"damage":0,"enemies":"Jaw Worm","floor":10,"turns":5},{"damage":0,"enemies":"Exordium Thugs","floor":12,"turns":3},{"damage":0,"enemies":"3 Sentries","floor":13,"turns":7},{"damage":25,"enemies":"The Guardian","floor":16,"turns":10},{"damage":5,"enemies":"Spheric Guardian","floor":18,"turns":6},{"damage":0,"enemies":"Shell Parasite","floor":19,"turns":7},{"damage":9,"enemies":"Cultist and Chosen","floor":20,"turns":7},{"damage":20,"enemies":"Masked Bandits","floor":21,"turns":6},{"damage":43,"enemies":"Slavers","floor":24,"turns":6},{"damage":28,"enemies":"Snecko","floor":27,"turns":6},{"damage":3,"enemies":"Snake Plant","floor":28,"turns":10},{"damage":3,"enemies":"Centurion and Healer","floor":29,"turns":10},{"damage":13,"enemies":"3 Cultists","floor":31,"turns":6},{"damage":72,"enemies":"Automaton","floor":33,"turns":12}],"event_choices":[{"event_name":"Big Fish","player_choice":"Donut","floor":2,"damage_taken":0},{"event_name":"Masked Bandits","player_choice":"Fought over 190 gold","floor":21,"damage_taken":0},{"event_name":"Vampires","player_choice":"Became a vampire","floor":22,"damage_taken":0}],"boss_relics":[{"not_picked":["Calling Bell","The Specimen"],"picked":"Eternal Feather"}],"potions_floor_spawned":[1,7,10,13,16,19,20,21,27,29,31],"seed_played":"303047121142252004","killed_by":"Automaton","ascension_level":15,"is_trial":false}