{"path_per_floor":["M","M","?","?","$","R","?","R","T","M","M","R","E","M","R","B",null,"M","?","$","?","M","R","?","R","T","M","R","$","R","?","R","B",null,"M","$","?","M","M","R","E","?","T","?","R","M","?","?","R","B"],"character_chosen":"THE_SILENT","items_purchased":["Dash","Juzu Bracelet","Accuracy"],"gold_per_floor":[218,236,311,311,13,13,13,13,13,27,46,46,71,90,90,162,162,162,162,28,28,0,0,0,0,0,0,0,0,0,0,0,0,0,0,0,0,0,0,0,0,0,0,0,0,0,0,0,0,0],"floor_reached":51,"campfire_rested":4,"playtime":2305,"current_hp_per_floor":[59,59,48,48,48,48,67,67,67,60,57,57,45,36,36,13,54,44,44,44,44,31,31,31,31,31,14,14,14,14,14,34,47,62,53,53,53,53,35,55,32,10,10,10,30,30,30,30,50,57],"items_purged":["Parasite","Strike_G"],"gold":0,"score":824,"play_id":"9510997e-b8af-4557-ad05-480be5ffee76","is_prod":false,"is_daily":false,"is_ascension_mode":true,"campfire_upgraded":8,"path_taken":["M","M","?","?","$","R","?","R","T","M","M","R","E","M","R","BOSS","M","?","$","?","M","R","?","R","T","M","R","$","R","?","R","BOSS","M","$","?","M","M","R","E","?","T","?","R","M","?","?","R","BOSS"],"build_version":"2018-02-13-BETA1","purchased_purges":2,"victory":true,"master_deck":["Survivor","Neutralize+1","Accuracy+1","After Image","Dash+1","Backflip+1","Infinite Blades","Cloak And Dagger+1","Footwork+1","Die Die Die","Footwork+1","Accuracy+1","Footwork+1","Dodge and Roll+1","Infinite Blades","After Image","Sucker Punch","Caltrops","Leg Sweep","Bouncing Flask+1","PiercingWail","PiercingWail","Dodge and Roll","Deflect"],"max_hp_per_floor":[70,70,70,70,67,67,67,67,67,67,67,67,67,67,67,67,67,67,67,67,67,67,67,67,67,67,67,67,67,67,67,67,67,67,67,67,67,67,67,67,67,67,67,67,67,67,67,67,67,67],"relics":["Ring of the Snake","Juzu Bracelet","Prayer Wheel","Dodecahedron","Ectoplasm","Letter Opener","Pantograph","Pandora\u0027s Box","Ninja Scroll","War Paint","Red Mask"],"card_choices":[{"not_picked":["Deflect","Infinite Blades"],"picked":"Accuracy"},{"not_picked":["Sucker Punch","Underhanded Strike"],"picked":"After Image"},{"not_picked":["Underhanded Strike","Malaise"],"picked":"Backflip"},{"not_picked":["Quick Slash","Sucker Punch"],"picked":"Infinite Blades"},{"not_picked":["Tactician","Acrobatics"],"picked":"Cloak And Dagger"},{"not_picked":["Flying Knee","Quick Slash"],"picked":"Footwork"},{"not_picked":["Wraith Form","Phantasmal Killer"],"picked":"Die Die Die"},{"not_picked":["Eviscerate","Dagger Spray"],"picked":"Footwork"},{"not_picked":["Sucker Punch","Prepared"],"picked":"Footwork"},{"not_picked":["Outmaneuver","Slice"],"picked":"Dodge and Roll"},{"not_picked":["Noxious Fumes","Acrobatics"],"picked":"Infinite Blades"},{"not_picked":["Venomology","Wraith Form"],"picked":"After Image"},{"not_picked":["Flying Knee","Dagger Spray"],"picked":"Dodge and Roll"},{"not_picked":["Bane","Grand Finale"],"picked":"Deflect"}],"player_experience":581243,"potions_floor_usage":[50,50],"damage_taken":[{"damage":4.0,"enemies":"Jaw Worm","floor":1.0,"turns":5.0},{"damage":0.0,"enemies":"2 Louse","floor":2.0,"turns":3.0},{"damage":7.0,"enemies":"Small Slimes","floor":10.0,"turns":5.0},{"damage":3.0,"enemies":"Looter","floor":11.0,"turns":3.0},{"damage":12.0,"enemies":"Gremlin Nob","floor":13.0,"turns":5.0},{"damage":9.0,"enemies":"Exordium Thugs","floor":14.0,"turns":8.0},{"damage":23.0,"enemies":"Slime Boss","floor":16.0,"turns":14.0},{"damage":10.0,"enemies":"Spheric Guardian","floor":18.0,"turns":4.0},{"damage":13.0,"enemies":"2 Thieves","floor":22.0,"turns":4.0},{"damage":17.0,"enemies":"Centurion and Healer","floor":27.0,"turns":8.0},{"damage":12.0,"enemies":"Collector","floor":33.0,"turns":14.0},{"damage":9.0,"enemies":"3 Darklings","floor":35.0,"turns":9.0},{"damage":0.0,"enemies":"Orb Walker","floor":38.0,"turns":5.0},{"damage":18.0,"enemies":"3 Darklings","floor":39.0,"turns":7.0},{"damage":23.0,"enemies":"Nemesis","floor":41.0,"turns":11.0},{"damage":22.0,"enemies":"Mysterious Sphere","floor":42.0,"turns":7.0},{"damage":0.0,"enemies":"Spire Growth","floor":46.0,"turns":7.0},{"damage":10,"enemies":"Time Eater","floor":50,"turns":14}],"event_choices":[{"event_name":"World of Goop","player_choice":"Gather Gold","floor":3.0,"damage_taken":0.0},{"event_name":"Liars Game","player_choice":"disagreed","floor":4.0,"damage_taken":0.0},{"event_name":"Wheel of Change","player_choice":"Full Heal","floor":7.0,"damage_taken":0.0},{"event_name":"The Mausoleum","player_choice":"No","floor":19.0,"damage_taken":0.0},{"event_name":"Wheel of Change","player_choice":"Relic","floor":21.0,"damage_taken":0.0},{"event_name":"Masked Bandits","player_choice":"Paid Bandits 0 gold","floor":24.0,"damage_taken":0.0},{"event_name":"Back to Basics","player_choice":"Elegance","floor":31.0,"damage_taken":0.0},{"event_name":"Purifier","player_choice":"One Purge","floor":37.0,"damage_taken":0.0},{"event_name":"Mysterious Sphere","player_choice":"Fight","floor":42.0,"damage_taken":0.0},{"event_name":"Tomb of Lord Red Mask","player_choice":"Paid","floor":44.0,"damage_taken":0.0},{"event_name":"The Lab","player_choice":"Got Potions","floor":47,"damage_taken":0},{"event_name":"Purifier","player_choice":"One Purge","floor":48,"damage_taken":0}],"boss_relics":[],"potions_floor_spawned":[11,13,16,22,33,38,42,46],"seed_played":"-1936210526914176744","ascension_level":13,"is_trial":false}