{"path_per_floor":["M","M","M","M","$","R","M","R","T","$","?","R","E","M","R","B",null,"M","?","$","M","M","R","M","R","T","R","M","M"],"character_chosen":"THE_SILENT","items_purchased":["Malaise"],"gold_per_floor":[110,121,139,159,48,48,65,65,65,65,65,65,99,114,114,219,219,233,158,58,76,86,86,99,99,99,99,113,130],"floor_reached":30,"campfire_rested":4,"playtime":1499,"current_hp_per_floor":[54,39,38,28,28,48,46,46,46,46,39,59,50,49,49,39,60,40,40,40,37,36,56,31,31,31,51,27,27],"items_purged":["Parasite","Strike_G"],"gold":130,"score":351,"play_id":"fe288d9f-bdde-4e7a-8af2-d38c4a7d0da7","is_prod":false,"is_daily":false,"is_ascension_mode":true,"campfire_upgraded":3,"path_taken":["M","M","M","M","$","R","M","R","T","$","?","R","E","M","R","BOSS","M","?","$","M","M","R","M","R","T","R","M","M","E"],"build_version":"2018-02-08-BETA1","purchased_purges":2,"victory":false,"master_deck":["Defend_G","Defend_G","Defend_G","Defend_G","Defend_G","Strike_G","Strike_G","Survivor","Neutralize","Cloak And Dagger","Dagger Spray","Poisoned Stab","Expertise","Noxious Fumes+1","Malaise","Deflect","Crippling Poison+1","Terror","Envenom+1","Blur","Bane","Dash","Flying Knee","Writhe","Dagger Spray","Quick Slash+1","Footwork"],"max_hp_per_floor":[70,70,70,70,67,67,67,67,67,67,67,67,67,67,67,67,67,67,67,67,67,67,67,67,67,67,67,67,67],"relics":["Ring of the Snake","Dream Catcher","Torii","Cursed Key","Ginger"],"card_choices":[{"not_picked":["Poisoned Stab","Riddle With Holes"],"picked":"Cloak And Dagger"},{"not_picked":["Poisoned Stab","Infinite Blades"],"picked":"Dagger Spray"},{"not_picked":["Riddle With Holes","Underhanded Strike"],"picked":"Poisoned Stab"},{"not_picked":["Deflect","Wraith Form"],"picked":"Expertise"},{"not_picked":["Well Laid Plans","Catalyst"],"picked":"Noxious Fumes"},{"not_picked":["Acrobatics","Slice"],"picked":"Deflect"},{"not_picked":["PiercingWail","Cloak And Dagger"],"picked":"Crippling Poison"},{"not_picked":["Infinite Blades","Cloak And Dagger"],"picked":"Terror"},{"not_picked":["Bullet Time","Adrenaline"],"picked":"Envenom"},{"not_picked":["Acrobatics","Deadly Poison"],"picked":"Blur"},{"not_picked":["Poisoned Stab","Outmaneuver"],"picked":"Bane"},{"not_picked":["Quick Slash","Predator"],"picked":"Dash"},{"not_picked":["PiercingWail","Prepared"],"picked":"Flying Knee"},{"not_picked":["Poisoned Stab","Accuracy"],"picked":"Dagger Spray"},{"not_picked":["Dodge and Roll","Prepared"],"picked":"Quick Slash"},{"not_picked":["Quick Slash","Deadly Poison"],"picked":"Footwork"}],"player_experience":525837,"potions_floor_usage":[14,16,18,30],"damage_taken":[{"damage":9,"enemies":"Blue Slaver","floor":1,"turns":5},{"damage":15,"enemies":"Jaw Worm","floor":2,"turns":6},{"damage":1,"enemies":"Cultist","floor":3,"turns":3},{"damage":10,"enemies":"Large Slime","floor":4,"turns":6},{"damage":2,"enemies":"Red Slaver","floor":7,"turns":5},{"damage":9,"enemies":"3 Sentries","floor":13,"turns":7},{"damage":1,"enemies":"3 Louse","floor":14,"turns":3},{"damage":25,"enemies":"The Guardian","floor":16,"turns":10},{"damage":20,"enemies":"2 Thieves","floor":18,"turns":5},{"damage":3,"enemies":"Shell Parasite","floor":21,"turns":6},{"damage":1,"enemies":"Snecko","floor":22,"turns":6},{"damage":25,"enemies":"3 Cultists","floor":24,"turns":6},{"damage":24,"enemies":"Centurion and Healer","floor":28,"turns":7},{"damage":0,"enemies":"Cultist and Chosen","floor":29,"turns":6},{"damage":33,"enemies":"Book of Stabbing","floor":30,"turns":6}],"event_choices":[{"event_name":"Golden Wing","player_choice":"Card Removal","floor":11,"damage_taken":0},{"event_name":"Beggar","player_choice":"Gave Gold","floor":19,"damage_taken":0}],"boss_relics":[{"not_picked":["Eternal Feather","Astrolabe"],"picked":"Cursed Key"}],"potions_floor_spawned":[7,13,14,21,28],"seed_played":"1439178754625409296","killed_by":"Book of Stabbing","ascension_level":10,"is_trial":false}