{"path_per_floor":["M","M","M","?","?","R","$","?","T","?","M","M","E","M","R","B",null,"M","?","T","?","$","R"],"character_chosen":"THE_SILENT","items_purchased":["Noxious Fumes"],"gold_per_floor":[111,129,140,215,215,215,106,106,106,106,117,136,163,180,180,275,275,286,319,319,319,219,219],"floor_reached":24,"campfire_rested":1,"playtime":3068,"current_hp_per_floor":[70,70,70,59,59,59,59,59,59,59,59,59,40,14,14,1,70,53,15,15,15,15,36],"items_purged":["Injury","Strike_G"],"gold":219,"score":194,"play_id":"412c19c8-df5d-49bc-8e89-af39e1f24963","local_time":"20180227210832","is_prod":false,"is_daily":false,"is_ascension_mode":false,"campfire_upgraded":2,"timestamp":1519762112,"path_taken":["M","M","M","?","?","R","$","?","T","?","M","?","E","M","R","BOSS","M","?","?","?","?","R","E"],"build_version":"2018-02-26-BETA1","purchased_purges":2,"victory":false,"master_deck":["Defend_G","Defend_G","Defend_G","Defend_G","Defend_G","Strike_G","Strike_G","Strike_G","Survivor","Neutralize+1","Burst","Dagger Throw+1","Quick Slash","Underhanded Strike","Noxious Fumes","Backflip","Backflip","Noxious Fumes","Calculated Gamble+1","Grand Finale","Dagger Spray","Backflip"],"max_hp_per_floor":[70,70,70,70,70,70,70,70,70,70,70,70,70,70,70,70,70,70,70,70,70,70,70],"relics":["Ring of the Snake","Frozen Eye","Ice Cream","Velvet Choker","Red Mask","Unceasing Top"],"card_choices":[{"not_picked":["Outmaneuver","Bouncing Flask"],"picked":"Dagger Throw"},{"not_picked":["Underhanded Strike","Acrobatics"],"picked":"Quick Slash"},{"not_picked":["Dagger Throw","Riddle With Holes"],"picked":"Underhanded Strike"},{"not_picked":["Concentrate","Riddle With Holes"],"picked":"Backflip"},{"not_picked":["Acrobatics","Prepared"],"picked":"Backflip"},{"not_picked":["Setup","Cloak And Dagger"],"picked":"Noxious Fumes"},{"not_picked":["Bane","Dash"],"picked":"Calculated Gamble"},{"not_picked":["Tactician","Storm of Steel"],"picked":"Grand Finale"},{"not_picked":["Heel Hook","Dodge and Roll"],"picked":"Dagger Spray"},{"not_picked":["Distraction","Concentrate"],"picked":"Backflip"}],"player_experience":792063,"potions_floor_usage":[16,16,16,19],"damage_taken":[{"damage":0,"enemies":"Jaw Worm","floor":1,"turns":5},{"damage":0,"enemies":"Small Slimes","floor":2,"turns":4},{"damage":0,"enemies":"Cultist","floor":3,"turns":4},{"damage":0,"enemies":"2 Fungi Beasts","floor":11,"turns":4},{"damage":0,"enemies":"Blue Slaver","floor":12,"turns":3},{"damage":19,"enemies":"Gremlin Nob","floor":13,"turns":5},{"damage":26,"enemies":"Exordium Thugs","floor":14,"turns":5},{"damage":28,"enemies":"Slime Boss","floor":16,"turns":11},{"damage":17,"enemies":"Chosen","floor":18,"turns":6},{"damage":38,"enemies":"Masked Bandits","floor":19,"turns":4},{"damage":39,"enemies":"Gremlin Leader","floor":24,"turns":5}],"event_choices":[{"event_name":"World of Goop","player_choice":"Gather Gold","floor":4,"damage_taken":0},{"event_name":"Accursed Blacksmith","player_choice":"Forge","floor":5,"damage_taken":0},{"event_name":"Liars Game","player_choice":"disagreed","floor":8,"damage_taken":0},{"event_name":"Living Wall","player_choice":"Forget","floor":10,"damage_taken":0},{"event_name":"Masked Bandits","player_choice":"Fought over 286 gold","floor":19,"damage_taken":0},{"event_name":"Drug Dealer","player_choice":"Ignored","floor":21,"damage_taken":0}],"boss_relics":[{"not_picked":["White Beast Statue","The Specimen"],"picked":"Velvet Choker"}],"potions_floor_spawned":[11,12,13,14,16,18],"seed_played":"6172143913370001223","killed_by":"Gremlin Leader","ascension_level":0,"is_trial":false}