{"path_per_floor":["M","M","M","M","M","R","M","M","T","E","$","E","R","?","R","B",null,"M","$","?","M","T","R","E","R","T","E","M","$","R","E","R","B",null,"M","?","M","$","M","E","$","R","T","M","M","R","M","M","R","B"],"character_chosen":"THE_SILENT","items_purchased":["Vajra","PiercingWail","Skewer","Choke","Caltrops"],"gold_per_floor":[119,133,143,162,175,175,188,201,224,283,64,98,98,98,98,201,201,215,66,116,134,134,134,163,163,242,272,285,52,52,78,78,180,180,200,251,261,111,128,163,87,87,87,103,122,122,135,152,152,152],"floor_reached":51,"campfire_rested":4,"playtime":3261,"current_hp_per_floor":[70,70,69,69,61,61,53,53,53,39,39,33,33,19,19,9,70,68,68,68,64,64,64,29,50,50,41,40,40,40,40,40,40,70,69,42,42,42,42,32,32,53,53,38,38,59,55,44,65,12],"items_purged":["Strike_G","Strike_G","Defend_G","Defend_G"],"gold":152,"score":625,"play_id":"f1e88abe-83d3-4d53-af57-95ebd67a36c8","is_prod":false,"is_daily":false,"is_ascension_mode":false,"campfire_upgraded":6,"path_taken":["M","M","M","M","M","R","M","M","T","E","$","E","R","?","R","BOSS","M","$","?","M","?","R","E","R","T","E","M","$","R","E","R","BOSS","M","?","M","?","M","E","$","R","T","M","M","R","M","M","R","BOSS"],"build_version":"2018-02-21-BETA5","purchased_purges":4,"victory":true,"master_deck":["Defend_G+1","Defend_G","Defend_G","Survivor","Neutralize","Cloak And Dagger+1","Dagger Spray+1","Outmaneuver+1","Terror","Dodge and Roll","Acrobatics","Slice+1","Backflip+1","A Thousand Cuts+1","Bouncing Flask+1","Unload+1","Finisher+1","Backflip","PiercingWail","Backflip+1","Doppelganger","Escape Plan+1","Sucker Punch+1","Skewer+1","Choke+1","Night Terror","Well Laid Plans+1","Backflip+1","Flechettes","Caltrops+1","Choke","Footwork+1","PiercingWail","Deflect"],"max_hp_per_floor":[70,70,70,70,70,70,70,70,70,70,70,70,70,70,70,70,70,70,70,70,70,70,70,70,70,70,70,70,70,70,70,70,70,70,70,70,70,70,70,70,70,70,70,70,70,70,70,70,70,70],"relics":["Ring of the Snake","Omamori","Tiny Chest","Vajra","Astrolabe","Ornamental Fan","Mummified Hand","Frozen Egg 2","Toolbox","Whetstone","Philosopher\u0027s Stone","Girya","Gambling Chip","Frozen Eye"],"card_choices":[{"not_picked":["All Out Attack","Poisoned Stab"],"picked":"Cloak And Dagger"},{"not_picked":["Deflect","Expertise"],"picked":"Dagger Spray"},{"not_picked":["Sucker Punch","Flechettes"],"picked":"Outmaneuver"},{"not_picked":["Poisoned Stab","Eviscerate"],"picked":"Terror"},{"not_picked":["Underhanded Strike","Slice"],"picked":"Dodge and Roll"},{"not_picked":["Tactician","Prepared"],"picked":"Acrobatics"},{"not_picked":["Outmaneuver","Bullet Time"],"picked":"Slice"},{"not_picked":["Dodge and Roll","Flying Knee"],"picked":"Backflip"},{"not_picked":["Storm of Steel","Venomology"],"picked":"A Thousand Cuts"},{"not_picked":["Deadly Poison","Underhanded Strike"],"picked":"Backflip"},{"not_picked":["Catalyst","Deadly Poison"],"picked":"Backflip"},{"not_picked":["Dagger Spray","Outmaneuver"],"picked":"Doppelganger"},{"not_picked":["Flying Knee","Concentrate"],"picked":"Escape Plan"},{"not_picked":["Deflect","Acrobatics"],"picked":"Sucker Punch"},{"not_picked":["Wraith Form","Corpse Explosion"],"picked":"Night Terror"},{"not_picked":["PiercingWail","Predator"],"picked":"Well Laid Plans"},{"not_picked":["Skewer","Poisoned Stab"],"picked":"Backflip"},{"not_picked":["Catalyst","Caltrops"],"picked":"Flechettes"},{"not_picked":["All Out Attack","Catalyst"],"picked":"Choke"},{"not_picked":["Outmaneuver","Deflect"],"picked":"Footwork"},{"not_picked":["Deflect","Sucker Punch"],"picked":"PiercingWail"},{"not_picked":["Poisoned Stab","Endless Agony"],"picked":"Deflect"}],"player_experience":752677,"potions_floor_usage":[8,10,12,18,24,27,33,33,40,40,47,50,50],"damage_taken":[{"damage":0,"enemies":"Small Slimes","floor":1,"turns":5},{"damage":0,"enemies":"2 Louse","floor":2,"turns":3},{"damage":1,"enemies":"Cultist","floor":3,"turns":4},{"damage":0,"enemies":"Red Slaver","floor":4,"turns":5},{"damage":8,"enemies":"Exordium Wildlife","floor":5,"turns":5},{"damage":8,"enemies":"Blue Slaver","floor":7,"turns":4},{"damage":0,"enemies":"Lots of Slimes","floor":8,"turns":1},{"damage":14,"enemies":"Lagavulin","floor":10,"turns":5},{"damage":6,"enemies":"3 Sentries","floor":12,"turns":7},{"damage":10,"enemies":"The Guardian","floor":16,"turns":15},{"damage":2,"enemies":"Spheric Guardian","floor":18,"turns":5},{"damage":4,"enemies":"3 Byrds","floor":21,"turns":5},{"damage":50,"enemies":"Gremlin Leader","floor":24,"turns":11},{"damage":9,"enemies":"Slavers","floor":27,"turns":5},{"damage":1,"enemies":"Centurion and Healer","floor":28,"turns":5},{"damage":0,"enemies":"Gremlin Leader","floor":31,"turns":5},{"damage":4,"enemies":"Collector","floor":33,"turns":8},{"damage":1,"enemies":"Flame Bruiser 1 Orb","floor":35,"turns":3},{"damage":27,"enemies":"Mysterious Sphere","floor":36,"turns":5},{"damage":0,"enemies":"Orb Walker","floor":37,"turns":3},{"damage":0,"enemies":"Maw","floor":39,"turns":5},{"damage":10,"enemies":"2 Orb Walkers","floor":40,"turns":5},{"damage":15,"enemies":"4 Shapes","floor":44,"turns":3},{"damage":0,"enemies":"Sphere and 2 Shapes","floor":45,"turns":3},{"damage":4,"enemies":"Flame Bruiser 2 Orb","floor":47,"turns":5},{"damage":11,"enemies":"4 Shapes","floor":48,"turns":5},{"damage":53,"enemies":"Donu and Deca","floor":50,"turns":12}],"event_choices":[{"event_name":"Shining Light","player_choice":"Entered Light","floor":14,"damage_taken":0},{"event_name":"The Joust","player_choice":"Bet on Murderer","floor":20,"damage_taken":0},{"event_name":"Mysterious Sphere","player_choice":"Fight","floor":36,"damage_taken":0}],"boss_relics":[{"not_picked":["Snecko Eye","Black Star"],"picked":"Astrolabe"},{"not_picked":["Velvet Choker","The Specimen"],"picked":"Philosopher\u0027s Stone"}],"potions_floor_spawned":[1,5,10,12,16,21,24,31,33,37,39,44,45],"seed_played":"444912692074947424","ascension_level":0,"is_trial":false}