{"path_per_floor":["M","M","?","M","M","R","E","R","T","M","$","M","R","E","R","B",null,"M","M","$","M","M","R","M","R","T","M","M","$","?","M","R","B",null,"M","M","T","?","?","R","M","M","T","$","M","M","R","M","R"],"character_chosen":"THE_SILENT","items_purchased":["Dash","Cloak And Dagger","Tiny Chest","Footwork","Noxious Fumes"],"gold_per_floor":[109,127,202,222,233,233,261,261,261,278,131,145,145,172,172,274,274,286,303,31,47,64,64,78,78,78,96,115,46,46,59,59,59,59,73,90,90,0,0,0,10,30,101,19,37,49,49,60,60],"floor_reached":50,"campfire_rested":1,"playtime":2818,"current_hp_per_floor":[65,65,54,54,54,54,48,48,48,48,48,48,48,48,48,27,70,53,55,55,33,27,35,26,34,34,34,23,23,23,35,66,40,70,70,70,70,70,70,70,64,61,61,61,61,56,68,67,70],"items_purged":["Strike_G","Strike_G"],"gold":60,"score":437,"play_id":"e2b563fb-751b-4b5d-a4ca-6c4b532ccf27","is_prod":false,"is_daily":false,"is_ascension_mode":false,"campfire_upgraded":6,"path_taken":["M","M","?","M","M","R","E","R","T","M","$","M","R","E","R","BOSS","M","?","$","M","M","R","M","R","T","M","M","$","?","?","R","BOSS","M","M","?","?","?","R","M","M","T","$","M","M","R","M","R","BOSS"],"build_version":"2018-02-19-BETA1","purchased_purges":2,"victory":false,"master_deck":["Defend_G","Defend_G","Defend_G","Defend_G","Defend_G","Survivor","Neutralize+1","Adrenaline+1","Choke+1","Deflect","PiercingWail","Dagger Spray","Flying Knee","Dash+1","Quick Slash","Glass Knife+1","Slice","Backflip","Cloak And Dagger+1","Well Laid Plans","Malaise","Cloak And Dagger+1","Sucker Punch","Backflip+1","Footwork+1","After Image","Blade Dance+1","PiercingWail+1","Slice+1","Noxious Fumes+1","Terror+1","Escape Plan+1","Dodge and Roll"],"max_hp_per_floor":[70,70,70,70,70,70,70,70,70,70,70,70,70,70,70,70,70,70,70,70,70,70,70,70,70,70,70,70,70,70,70,70,70,70,70,70,70,70,70,70,70,70,70,70,70,70,70,70,70],"relics":["Ring of the Snake","Calipers","Vajra","Peace Pipe","Eternal Feather","Tiny Chest","Omamori","Runic Dome","Unceasing Top","Red Mask","Frozen Egg 2"],"card_choices":[{"not_picked":["All Out Attack","Catalyst"],"picked":"Adrenaline"},{"not_picked":["Dodge and Roll","All Out Attack"],"picked":"Choke"},{"not_picked":["Prepared","Well Laid Plans"],"picked":"Deflect"},{"not_picked":["Bane","Well Laid Plans"],"picked":"PiercingWail"},{"not_picked":["Deadly Poison","Dagger Throw"],"picked":"Dagger Spray"},{"not_picked":["Backstab","Outmaneuver"],"picked":"Flying Knee"},{"not_picked":["Noxious Fumes","Accuracy"],"picked":"Quick Slash"},{"not_picked":["Night Terror","Bullet Time"],"picked":"Glass Knife"},{"not_picked":["Dodge and Roll","Quick Slash"],"picked":"Slice"},{"not_picked":["Flying Knee","Sucker Punch"],"picked":"Backflip"},{"not_picked":["Dagger Throw","Cloak And Dagger"],"picked":"Well Laid Plans"},{"not_picked":["Crippling Poison","Underhanded Strike"],"picked":"Malaise"},{"not_picked":["Blade Dance","Underhanded Strike"],"picked":"Cloak And Dagger"},{"not_picked":["Flechettes","Bane"],"picked":"Sucker Punch"},{"not_picked":["Infinite Blades","Blur"],"picked":"Backflip"},{"not_picked":["A Thousand Cuts","Doppelganger"],"picked":"After Image"},{"not_picked":["Acrobatics","Dagger Throw"],"picked":"Blade Dance"},{"not_picked":["Flechettes","Sucker Punch"],"picked":"PiercingWail"},{"not_picked":["Poisoned Stab","Well Laid Plans"],"picked":"Slice"},{"not_picked":["Escape Plan","Underhanded Strike"],"picked":"Terror"},{"not_picked":["Terror","Calculated Gamble"],"picked":"Escape Plan"},{"not_picked":["Setup","Underhanded Strike"],"picked":"Dodge and Roll"}],"player_experience":742102,"potions_floor_usage":[7,7,14,19,21,21,31,33,50],"damage_taken":[{"damage":5,"enemies":"Jaw Worm","floor":1,"turns":6},{"damage":0,"enemies":"Cultist","floor":2,"turns":3},{"damage":0,"enemies":"Small Slimes","floor":4,"turns":3},{"damage":0,"enemies":"Red Slaver","floor":5,"turns":4},{"damage":6,"enemies":"Gremlin Nob","floor":7,"turns":3},{"damage":0,"enemies":"Large Slime","floor":10,"turns":4},{"damage":0,"enemies":"Exordium Wildlife","floor":12,"turns":3},{"damage":0,"enemies":"Lagavulin","floor":14,"turns":5},{"damage":21,"enemies":"The Guardian","floor":16,"turns":12},{"damage":17,"enemies":"Chosen","floor":18,"turns":7},{"damage":4,"enemies":"2 Thieves","floor":19,"turns":3},{"damage":22,"enemies":"Cultist and Chosen","floor":21,"turns":6},{"damage":6,"enemies":"3 Cultists","floor":22,"turns":6},{"damage":9,"enemies":"Snake Plant","floor":24,"turns":7},{"damage":0,"enemies":"Centurion and Healer","floor":27,"turns":5},{"damage":11,"enemies":"Chosen and Byrds","floor":28,"turns":5},{"damage":3,"enemies":"Snake Plant","floor":31,"turns":6},{"damage":26,"enemies":"Automaton","floor":33,"turns":16},{"damage":0,"enemies":"Orb Walker","floor":35,"turns":3},{"damage":0,"enemies":"Flame Bruiser 1 Orb","floor":36,"turns":5},{"damage":6,"enemies":"Spire Growth","floor":41,"turns":4},{"damage":3,"enemies":"3 Darklings","floor":42,"turns":5},{"damage":0,"enemies":"Flame Bruiser 2 Orb","floor":45,"turns":6},{"damage":5,"enemies":"Spire Growth","floor":46,"turns":6},{"damage":1,"enemies":"3 Darklings","floor":48,"turns":5},{"damage":72,"enemies":"Time Eater","floor":50,"turns":14}],"event_choices":[{"event_name":"World of Goop","player_choice":"Gather Gold","floor":3,"damage_taken":0},{"event_name":"Forgotten Altar","player_choice":"Smashed Altar","floor":30,"damage_taken":0},{"event_name":"Tomb of Lord Red Mask","player_choice":"Paid","floor":38,"damage_taken":0},{"event_name":"Mysterious Sphere","player_choice":"Ignore","floor":39,"damage_taken":0}],"boss_relics":[{"not_picked":["Black Star","Lizard Tail"],"picked":"Eternal Feather"},{"not_picked":["Calling Bell","The Specimen"],"picked":"Runic Dome"}],"potions_floor_spawned":[1,2,4,10,16,19,21,28,31,41,42,45,46],"seed_played":"4447076699480444650","killed_by":"Time Eater","ascension_level":0,"is_trial":false}