{"path_per_floor":["M","M","?","M","$","R","E","R","T","E","R","$","R","?","R","B",null,"M","?","?","?","M","R","M","M","T","M"],"character_chosen":"THE_SILENT","items_purchased":["Noxious Fumes","Flying Knee"],"gold_per_floor":[110,124,124,143,0,0,25,25,48,73,73,28,28,28,28,106,106,106,106,106,21,21,21,21,21,21,21],"floor_reached":28,"campfire_rested":2,"playtime":1123,"current_hp_per_floor":[59,59,39,36,36,36,1,19,19,13,13,13,13,13,31,38,57,57,57,44,44,40,40,39,33,33,33],"items_purged":["Parasite"],"gold":21,"score":422,"play_id":"63f10480-7664-4c12-b506-9919e8daaa70","is_prod":false,"is_daily":false,"is_ascension_mode":true,"campfire_upgraded":4,"path_taken":["M","M","?","M","$","R","E","R","T","E","R","$","R","?","R","BOSS","M","?","?","?","M","R","M","M","T","?","M"],"build_version":"2018-02-23-BETA1","purchased_purges":1,"victory":false,"master_deck":["Defend_G","Defend_G","Defend_G+1","Defend_G","Defend_G","Survivor","Neutralize+1","Terror+1","Dodge and Roll","PiercingWail","Noxious Fumes+1","Deflect","Flying Knee+1","After Image","Quick Slash","Bite","Bite","Bite","Bite","Bite","Noxious Fumes+1","Slice","Malaise"],"max_hp_per_floor":[66,66,66,66,63,63,63,63,63,63,63,63,63,63,63,63,63,63,63,44,44,44,44,44,44,44,44],"relics":["Sozu","Calipers","Oddly Smooth Stone","Pantograph","Ectoplasm","Dream Catcher","Du-Vu Doll"],"card_choices":[{"not_picked":["Dagger Throw","Sucker Punch"],"picked":"Terror"},{"not_picked":["Slice","Bane"],"picked":"Dodge and Roll"},{"not_picked":["Reflex","Quick Slash"],"picked":"PiercingWail"},{"not_picked":["Blade Dance","Terror"],"picked":"Deflect"},{"not_picked":["Phantasmal Killer","Unload"],"picked":"After Image"},{"not_picked":["Outmaneuver","Flying Knee"],"picked":"Quick Slash"},{"not_picked":["Infinite Blades","Grand Finale"],"picked":"Noxious Fumes"},{"not_picked":["Bouncing Flask","Dagger Throw"],"picked":"Slice"},{"not_picked":["Poisoned Stab","Acrobatics"],"picked":"Malaise"}],"player_experience":787768,"potions_floor_usage":[],"damage_taken":[{"damage":0,"enemies":"Cultist","floor":1,"turns":4},{"damage":0,"enemies":"Small Slimes","floor":2,"turns":4},{"damage":3,"enemies":"Jaw Worm","floor":4,"turns":4},{"damage":35,"enemies":"Gremlin Nob","floor":7,"turns":5},{"damage":6,"enemies":"Lagavulin","floor":10,"turns":10},{"damage":18,"enemies":"Hexaghost","floor":16,"turns":10},{"damage":0,"enemies":"Shell Parasite","floor":18,"turns":6},{"damage":16,"enemies":"3 Byrds","floor":22,"turns":6},{"damage":9,"enemies":"Snecko","floor":24,"turns":7},{"damage":19,"enemies":"3 Cultists","floor":25,"turns":6},{"damage":16,"enemies":"Snake Plant","floor":27,"turns":6},{"damage":43,"enemies":"Cultist and Chosen","floor":28,"turns":5}],"event_choices":[{"event_name":"Shining Light","player_choice":"Entered Light","floor":3,"damage_taken":0},{"event_name":"Accursed Blacksmith","player_choice":"Forge","floor":14,"damage_taken":0},{"event_name":"The Mausoleum","player_choice":"No","floor":19,"damage_taken":0},{"event_name":"Vampires","player_choice":"Became a vampire","floor":20,"damage_taken":0},{"event_name":"Addict","player_choice":"Obtained Relic","floor":21,"damage_taken":0}],"boss_relics":[{"not_picked":["Tiny House","White Beast Statue"],"picked":"Ectoplasm"}],"potions_floor_spawned":[1,7,18,25],"seed_played":"-3078688917106599628","killed_by":"Cultist and Chosen","ascension_level":15,"is_trial":false}