{"path_per_floor":["M","M","M","M","$","R","E","M","T","$","?","?","R","?","R","B",null,"M","M","?","?","$","M","?","M","T","R","?","M","R","M","R","B",null,"M","M","$","M","?","R","?","M","T","R","$","?","E","M","R","B"],"character_chosen":"THE_SILENT","items_purchased":["Skewer"],"gold_per_floor":[117,131,145,157,1,1,26,39,116,16,40,40,40,40,40,140,140,153,169,169,169,44,56,56,71,94,94,44,55,55,67,67,163,193,210,229,79,93,193,193,193,203,203,203,28,28,58,77,77,77],"floor_reached":51,"campfire_rested":1,"playtime":2177,"current_hp_per_floor":[68,68,68,64,64,64,46,46,46,46,46,46,46,46,46,33,70,67,67,67,67,67,61,45,45,45,45,45,45,45,41,41,21,75,66,66,66,55,55,55,55,47,47,47,47,47,47,47,69,30],"items_purged":["Strike_G","Strike_G","Strike_G","Defend_G","Strike_G"],"gold":77,"score":552,"play_id":"3090c204-c4c3-4d45-9e33-c53e8c7c3072","is_prod":false,"is_daily":false,"is_ascension_mode":false,"campfire_upgraded":8,"path_taken":["M","M","M","M","$","R","E","M","T","$","?","?","R","?","R","BOSS","M","M","?","?","$","M","?","M","T","R","?","M","R","M","R","BOSS","M","M","$","M","?","R","?","M","T","R","$","?","E","M","R","BOSS"],"build_version":"2018-02-19-BETA1","purchased_purges":5,"victory":true,"master_deck":["Defend_G","Defend_G","Defend_G","Defend_G","Survivor","Neutralize+1","Dash+1","Leg Sweep+1","Flying Knee","Dagger Spray+1","Skewer+1","Backflip","Flying Knee","Glass Knife+1","Flying Knee","Slice","Necronomicurse","Predator+1","Well Laid Plans+1","After Image+1","Slice","Dagger Throw","PiercingWail","Dodge and Roll+1","Dash+1","Choke","Blur","Cloak And Dagger+1"],"max_hp_per_floor":[70,70,70,70,70,70,70,70,70,70,70,70,70,70,70,70,70,70,70,70,70,70,70,70,70,70,70,70,70,70,70,70,70,75,75,75,75,75,75,75,75,75,75,75,75,75,75,75,75,75],"relics":["Ring of the Snake","Art of War","Letter Opener","Shuriken","Odd Mushroom","Philosopher\u0027s Stone","Necronomicon","Prayer Wheel","Tiny House","Dream Catcher","Shovel"],"card_choices":[{"not_picked":["Sucker Punch","All Out Attack"],"picked":"Dash"},{"not_picked":["Flying Knee","Deflect"],"picked":"Leg Sweep"},{"not_picked":["Blur","Outmaneuver"],"picked":"Flying Knee"},{"not_picked":["Cloak And Dagger","Deadly Poison"],"picked":"Dagger Spray"},{"not_picked":["Doppelganger","Sucker Punch"],"picked":"Backflip"},{"not_picked":["Underhanded Strike","Infinite Blades"],"picked":"Flying Knee"},{"not_picked":["Venomology","Tactician"],"picked":"Glass Knife"},{"not_picked":["Outmaneuver","Reflex"],"picked":"Flying Knee"},{"not_picked":["Bane","Dagger Throw"],"picked":"Slice"},{"not_picked":["Malaise","Distraction"],"picked":"Predator"},{"not_picked":["Underhanded Strike","Bane"],"picked":"Well Laid Plans"},{"not_picked":["Tactician","Bullet Time"],"picked":"After Image"},{"not_picked":["Setup","Acrobatics"],"picked":"Slice"},{"not_picked":["Skewer","Quick Slash"],"picked":"Dagger Throw"},{"not_picked":["Flying Knee","Sucker Punch"],"picked":"PiercingWail"},{"not_picked":["Backflip","Dagger Throw"],"picked":"Dodge and Roll"},{"not_picked":["Crippling Poison","Acrobatics"],"picked":"Choke"},{"not_picked":["Slice","Bane"],"picked":"Blur"},{"not_picked":["Slice","Infinite Blades"],"picked":"Cloak And Dagger"}],"player_experience":739925,"potions_floor_usage":[7,25,36],"damage_taken":[{"damage":2,"enemies":"Small Slimes","floor":1,"turns":4},{"damage":0,"enemies":"2 Louse","floor":2,"turns":3},{"damage":0,"enemies":"Cultist","floor":3,"turns":4},{"damage":4,"enemies":"Lots of Slimes","floor":4,"turns":7},{"damage":18,"enemies":"Gremlin Nob","floor":7,"turns":4},{"damage":0,"enemies":"Looter","floor":8,"turns":4},{"damage":0,"enemies":"The Mushroom Lair","floor":11,"turns":3},{"damage":13,"enemies":"Hexaghost","floor":16,"turns":13},{"damage":3,"enemies":"3 Byrds","floor":18,"turns":4},{"damage":0,"enemies":"Chosen","floor":19,"turns":4},{"damage":6,"enemies":"3 Cultists","floor":23,"turns":4},{"damage":0,"enemies":"Snake Plant","floor":25,"turns":3},{"damage":0,"enemies":"Snecko","floor":29,"turns":4},{"damage":4,"enemies":"Centurion and Healer","floor":31,"turns":3},{"damage":20,"enemies":"Collector","floor":33,"turns":10},{"damage":9,"enemies":"3 Darklings","floor":35,"turns":3},{"damage":0,"enemies":"Flame Bruiser 1 Orb","floor":36,"turns":2},{"damage":11,"enemies":"3 Darklings","floor":38,"turns":4},{"damage":8,"enemies":"4 Shapes","floor":42,"turns":4},{"damage":0,"enemies":"Giant Head","floor":47,"turns":7},{"damage":0,"enemies":"Flame Bruiser 2 Orb","floor":48,"turns":5},{"damage":39,"enemies":"Awakened One","floor":50,"turns":11}],"event_choices":[{"event_name":"Mushrooms","player_choice":"Fought Mushrooms","floor":11,"damage_taken":0},{"event_name":"Upgrade Shrine","player_choice":"Upgraded","floor":12,"damage_taken":0},{"event_name":"Transmorgrifier","player_choice":"Transform","floor":14,"damage_taken":0},{"event_name":"The Woman in Blue","player_choice":"Bought 0 Potions","floor":20,"damage_taken":0},{"event_name":"Drug Dealer","player_choice":"Ignored","floor":21,"damage_taken":0},{"event_name":"Cursed Tome","player_choice":"Obtained Book","floor":24,"damage_taken":0},{"event_name":"The Joust","player_choice":"Bet on Murderer","floor":28,"damage_taken":0},{"event_name":"Golden Shrine","player_choice":"Pray","floor":39,"damage_taken":0},{"event_name":"Duplicator","player_choice":"One dupe","floor":46,"damage_taken":0}],"boss_relics":[{"not_picked":["Lizard Tail","The Specimen"],"picked":"Philosopher\u0027s Stone"},{"not_picked":["Velvet Choker","Runic Pyramid"],"picked":"Tiny House"}],"potions_floor_spawned":[2,3,31,33,38,42],"seed_played":"-5238847495415374907","ascension_level":0,"is_trial":false}