{"path_per_floor":["M","?","$","M","M","R","M","R","T","E","R","M","R","M","R","B",null,"M","M","$","?","?","R","M","E","T","E","M","M","R","M","R"],"character_chosen":"THE_SILENT","items_purchased":["Backstab","Du-Vu Doll"],"gold_per_floor":[112,112,39,64,82,82,97,97,97,128,128,152,152,177,177,307,307,325,339,24,24,24,24,43,73,122,150,170,187,187,199,199,199],"floor_reached":33,"campfire_rested":0,"playtime":1564,"current_hp_per_floor":[70,53,53,52,52,52,49,49,49,42,42,38,38,38,38,10,72,72,72,72,72,72,72,69,72,72,62,67,74,74,66,66,0],"items_purged":[],"gold":199,"score":314,"play_id":"57a0308c-fdf4-4a93-b008-e11e7d2539c0","local_time":"20180324160625","is_prod":false,"is_daily":false,"is_ascension_mode":false,"campfire_upgraded":8,"timestamp":1521903985,"path_taken":["M","?","$","M","M","R","M","R","T","E","R","M","R","M","R","BOSS","M","M","$","?","?","R","?","E","T","E","M","M","R","M","R","BOSS"],"build_version":"2018-03-22","purchased_purges":0,"victory":false,"master_deck":["Defend_G","Defend_G","Defend_G","Defend_G","Defend_G","Strike_G","Strike_G","Strike_G","Strike_G","Strike_G","Survivor","Neutralize+1","Choke+1","Backstab+1","Cloak And Dagger+1","PiercingWail","Quick Slash+1","Backflip+1","Bullet Time","Slice","Terror+1","Predator+1","Well Laid Plans+1","Backflip","Writhe","Infinite Blades+1","Endless Agony","All Out Attack"],"max_hp_per_floor":[70,70,70,70,70,70,70,70,70,72,72,72,72,72,72,72,72,72,72,72,72,72,72,72,72,72,72,72,74,74,74,74,74],"relics":["Ring of the Snake","Bloody Idol","Bag of Preparation","Singing Bowl","Cursed Key","Du-Vu Doll","Pen Nib","Orichalcum","Bag of Marbles"],"card_choices":[{"not_picked":["Underhanded Strike","Deadly Poison"],"picked":"Choke","floor":1},{"not_picked":["Endless Agony","Bane"],"picked":"Cloak And Dagger","floor":4},{"not_picked":["Dodge and Roll","Outmaneuver"],"picked":"PiercingWail","floor":5},{"not_picked":["Outmaneuver","Catalyst"],"picked":"Quick Slash","floor":12},{"not_picked":["Outmaneuver","Bane"],"picked":"Backflip","floor":14},{"not_picked":["Phantasmal Killer","Night Terror"],"picked":"Bullet Time","floor":16},{"not_picked":["Masterful Stab","Bouncing Flask"],"picked":"Slice","floor":18},{"not_picked":["Setup","Dagger Throw"],"picked":"Terror","floor":19},{"not_picked":["Sucker Punch","Dagger Spray"],"picked":"Well Laid Plans","floor":24},{"not_picked":["Catalyst","Acrobatics"],"picked":"Backflip","floor":25},{"not_picked":["Leg Sweep","Dash"],"picked":"Infinite Blades","floor":27},{"not_picked":["Dash","Dodge and Roll"],"picked":"Endless Agony","floor":28},{"not_picked":["Caltrops","Slice"],"picked":"All Out Attack","floor":31}],"player_experience":854078,"potions_floor_usage":[10,16,16,28,33],"damage_taken":[{"damage":0,"enemies":"2 Louse","floor":1,"turns":2},{"damage":1,"enemies":"Jaw Worm","floor":4,"turns":3},{"damage":0,"enemies":"Small Slimes","floor":5,"turns":3},{"damage":3,"enemies":"Red Slaver","floor":7,"turns":5},{"damage":9,"enemies":"Gremlin Nob","floor":10,"turns":4},{"damage":4,"enemies":"Looter","floor":12,"turns":2},{"damage":0,"enemies":"Large Slime","floor":14,"turns":2},{"damage":28,"enemies":"The Guardian","floor":16,"turns":15},{"damage":0,"enemies":"3 Byrds","floor":18,"turns":4},{"damage":0,"enemies":"Chosen","floor":19,"turns":3},{"damage":8,"enemies":"Snake Plant","floor":24,"turns":2},{"damage":0,"enemies":"Slavers","floor":25,"turns":5},{"damage":15,"enemies":"Book of Stabbing","floor":27,"turns":4},{"damage":0,"enemies":"Snecko","floor":28,"turns":2},{"damage":0,"enemies":"Centurion and Healer","floor":29,"turns":3},{"damage":13,"enemies":"Sentry and Sphere","floor":31,"turns":4},{"damage":74,"enemies":"Champ","floor":33,"turns":9}],"event_choices":[{"event_name":"Golden Idol","player_choice":"Take Damage","floor":2,"damage_taken":0},{"event_name":"The Library","player_choice":"Read","floor":21,"damage_taken":0},{"event_name":"Forgotten Altar","player_choice":"Gave Idol","floor":22,"damage_taken":0}],"boss_relics":[{"not_picked":["Lizard Tail","Ectoplasm"],"picked":"Cursed Key"}],"potions_floor_spawned":[1,4,14,16,25,27,29],"seed_played":"973502152257157708","killed_by":"Champ","ascension_level":0,"is_trial":false}