{"path_per_floor":["M","M","M","M","?","E","?","R","T","E","R","E","$","M","R","B",null,"M"],"character_chosen":"THE_SILENT","items_purchased":["Gremlin Horn"],"gold_per_floor":[114,125,140,156,156,182,182,182,182,214,214,249,42,53,53,151,151,161,161],"floor_reached":19,"campfire_rested":0,"playtime":912,"current_hp_per_floor":[70,70,69,66,66,51,51,51,51,51,51,40,40,37,37,31,70,70,70],"items_purged":[],"gold":161,"score":212,"play_id":"f60eef96-0d4d-4d97-9624-df00413b3d18","local_time":"20180324100741","is_prod":false,"is_daily":false,"is_ascension_mode":false,"campfire_upgraded":3,"timestamp":1521882461,"path_taken":["M","M","M","M","?","E","?","R","T","E","R","E","$","M","R","BOSS","M","$"],"build_version":"2018-03-22","purchased_purges":0,"victory":false,"master_deck":["Defend_G","Defend_G","Defend_G","Defend_G","Defend_G","Strike_G","Strike_G","Strike_G","Strike_G","Survivor","Neutralize+1","Dash+1","Dagger Spray","Sucker Punch","Footwork+1","Sucker Punch","Quick Slash","Cloak And Dagger","Footwork+1","Phantasmal Killer","Flying Knee"],"max_hp_per_floor":[70,70,70,70,70,70,70,70,70,70,70,70,70,70,70,70,70,70,70],"relics":["Ring of the Snake","Dead Branch","Thread and Needle","Ice Cream","The Courier","Gremlin Horn","Snecko Eye"],"card_choices":[{"not_picked":["Slice","Dodge and Roll"],"picked":"Dash","floor":1.0},{"not_picked":["PiercingWail","Deflect"],"picked":"Dagger Spray","floor":2.0},{"not_picked":["Flechettes","Deadly Poison"],"picked":"Sucker Punch","floor":3.0},{"not_picked":["Setup","Storm of Steel"],"picked":"Footwork","floor":4.0},{"not_picked":["Deadly Poison","Concentrate"],"picked":"Sucker Punch","floor":6.0},{"not_picked":["Deadly Poison","Poisoned Stab"],"picked":"Quick Slash","floor":10.0},{"not_picked":["Caltrops","Outmaneuver"],"picked":"Cloak And Dagger","floor":12.0},{"not_picked":["Backflip","Flying Knee"],"picked":"Footwork","floor":14.0},{"not_picked":["Adrenaline","Tools of the Trade"],"picked":"Phantasmal Killer","floor":16.0},{"not_picked":["Outmaneuver","Calculated Gamble"],"picked":"Flying Knee","floor":18.0}],"player_experience":850914,"potions_floor_usage":[],"damage_taken":[{"damage":0.0,"enemies":"2 Louse","floor":1.0,"turns":4.0},{"damage":0.0,"enemies":"Small Slimes","floor":2.0,"turns":3.0},{"damage":1.0,"enemies":"Cultist","floor":3.0,"turns":4.0},{"damage":3.0,"enemies":"2 Fungi Beasts","floor":4.0,"turns":4.0},{"damage":15.0,"enemies":"3 Sentries","floor":6.0,"turns":8.0},{"damage":0.0,"enemies":"Gremlin Nob","floor":10.0,"turns":5.0},{"damage":11.0,"enemies":"3 Sentries","floor":12.0,"turns":6.0},{"damage":3.0,"enemies":"Lots of Slimes","floor":14.0,"turns":3.0},{"damage":6.0,"enemies":"The Guardian","floor":16.0,"turns":12.0},{"damage":0.0,"enemies":"Chosen","floor":18.0,"turns":5.0}],"event_choices":[{"event_name":"Living Wall","player_choice":"Forget","floor":5.0,"damage_taken":0.0},{"event_name":"The Lab","player_choice":"Got Potions","floor":7.0,"damage_taken":0.0}],"boss_relics":[],"potions_floor_spawned":[1,3,14,16],"seed_played":"1199864036911108066","ascension_level":0,"is_trial":false}