{"path_per_floor":["M","M","M","?","M","R","E","M","T","$","M","R","M","?","R"],"character_chosen":"THE_SILENT","items_purchased":["Tough Bandages"],"gold_per_floor":[110,126,139,139,159,159,189,199,271,13,30,30,41,41,41],"floor_reached":16,"campfire_rested":0,"playtime":708,"current_hp_per_floor":[66,66,66,59,33,33,25,23,33,33,27,27,27,27,27],"items_purged":[],"gold":41,"score":104,"play_id":"2f88822a-ece8-4b7c-9818-5983b2a03365","local_time":"20180318174012","is_prod":false,"is_daily":false,"is_ascension_mode":false,"campfire_upgraded":3,"timestamp":1521391212,"path_taken":["M","M","M","?","M","R","E","M","T","$","M","R","M","?","R","BOSS"],"build_version":"2018-03-16","purchased_purges":0,"victory":false,"master_deck":["Defend_G","Defend_G","Defend_G","Defend_G","Defend_G","Strike_G","Strike_G","Strike_G","Strike_G","Strike_G","Survivor","Neutralize+1","Poisoned Stab","Terror+1","Calculated Gamble+1","PiercingWail","Sucker Punch","Quick Slash","Flying Knee","Dagger Spray","Dagger Throw+1"],"max_hp_per_floor":[70,70,70,70,70,70,70,70,80,80,80,80,80,74,74],"relics":["Ring of the Snake","Prayer Wheel","Regal Pillow","Pear","Tough Bandages","Golden Idol"],"card_choices":[{"not_picked":["Cloak And Dagger","Sucker Punch"],"picked":"Poisoned Stab"},{"not_picked":["Acrobatics","Escape Plan"],"picked":"Terror"},{"not_picked":["Prepared","Deadly Poison"],"picked":"Calculated Gamble"},{"not_picked":["Escape Plan","Poisoned Stab"],"picked":"PiercingWail"},{"not_picked":["Cloak And Dagger","Infinite Blades"],"picked":"Sucker Punch"},{"not_picked":["Cloak And Dagger","Burst"],"picked":"Quick Slash"},{"not_picked":["Reflex","Masterful Stab"],"picked":"Flying Knee"},{"not_picked":["Prepared","Flying Knee"],"picked":"Dagger Spray"},{"not_picked":["Escape Plan","Deadly Poison"],"picked":"Dagger Throw"}],"player_experience":818470,"potions_floor_usage":[5,7,13,16],"damage_taken":[{"damage":4,"enemies":"Jaw Worm","floor":1,"turns":5},{"damage":0,"enemies":"Small Slimes","floor":2,"turns":3},{"damage":0,"enemies":"2 Louse","floor":3,"turns":3},{"damage":26,"enemies":"Exordium Thugs","floor":5,"turns":6},{"damage":8,"enemies":"Lagavulin","floor":7,"turns":6},{"damage":2,"enemies":"Gremlin Gang","floor":8,"turns":6},{"damage":6,"enemies":"2 Fungi Beasts","floor":11,"turns":4},{"damage":0,"enemies":"Large Slime","floor":13,"turns":5},{"damage":28,"enemies":"Slime Boss","floor":16,"turns":6}],"event_choices":[{"event_name":"Scrap Ooze","player_choice":"success","floor":4,"damage_taken":7},{"event_name":"Golden Idol","player_choice":"Lose Max HP","floor":14,"damage_taken":0}],"boss_relics":[],"potions_floor_spawned":[2,3,5,11],"seed_played":"-5852794323998518178","killed_by":"Slime Boss","ascension_level":0,"is_trial":false}