{"path_per_floor":["M","M","M","M","M","R","E","R","T","M","E","?","M","E","R","B",null,"M","M","?","$","M","R","M","R","T","M","R","?","R","M","R","B",null,"M","$","M","M","M","R","?","R","T","M","E","R","M","M","R","B"],"character_chosen":"THE_SILENT","items_purchased":["Torii","Malaise"],"gold_per_floor":[119,131,145,160,172,172,204,204,204,215,244,344,364,393,393,496,496,516,526,526,137,154,154,168,168,168,185,185,110,110,127,127,224,224,244,108,123,142,153,153,153,153,234,251,276,276,289,299,299,299],"floor_reached":51,"campfire_rested":2,"playtime":3744,"current_hp_per_floor":[69,69,69,69,68,68,43,43,43,43,29,29,28,23,44,19,70,70,66,66,66,59,59,60,60,60,61,61,61,61,63,63,9,70,65,65,66,60,54,54,54,54,54,56,49,49,49,51,70,8],"items_purged":["Strike_G","Strike_G"],"gold":299,"score":655,"play_id":"93fcfe16-58f5-4b03-8fad-6f8a5c4a7a76","local_time":"20180319002157","is_prod":false,"is_daily":false,"is_ascension_mode":false,"campfire_upgraded":10,"timestamp":1521415317,"path_taken":["M","M","M","M","M","R","E","R","T","?","E","?","M","E","R","BOSS","M","?","?","$","M","R","M","R","T","M","R","?","R","M","R","BOSS","M","$","M","M","M","R","?","R","T","M","E","R","M","M","R","BOSS"],"build_version":"2018-03-16","purchased_purges":2,"victory":true,"master_deck":["Defend_G","Defend_G","Defend_G","Defend_G","Defend_G","Strike_G+1","Strike_G+1","Survivor","Neutralize+1","Dagger Spray+1","Skewer+1","Dagger Spray","Glass Knife+1","Backflip+1","Quick Slash","Backflip","Envenom+1","Adrenaline+1","Cloak And Dagger+1","Adrenaline+1","Riddle With Holes+1","Deflect","Burst","Malaise+1","Acrobatics+1","Dagger Throw+1","Sucker Punch+1","Deflect+1","Sucker Punch+1"],"max_hp_per_floor":[70,70,70,70,70,70,70,70,70,70,70,70,70,70,70,70,70,70,70,70,70,70,70,70,70,70,70,70,70,70,70,70,70,70,70,70,70,70,70,70,70,70,70,70,70,70,70,70,70,70],"relics":["Ring of the Snake","Whetstone","Ancient Tea Set","Bird Faced Urn","Bronze Scales","Oddly Smooth Stone","Runic Dome","Torii","Vajra","White Beast Statue","Toxic Egg 2","Anchor"],"card_choices":[{"not_picked":["Slice","Reflex"],"picked":"Dagger Spray"},{"not_picked":["Slice","Deadly Poison"],"picked":"Skewer"},{"not_picked":["Blade Dance","Expertise"],"picked":"Dagger Spray"},{"not_picked":["Slice","Dagger Spray"],"picked":"Glass Knife"},{"not_picked":["Endless Agony","Skewer"],"picked":"Backflip"},{"not_picked":["Finisher","Crippling Poison"],"picked":"Quick Slash"},{"not_picked":["Dagger Spray","Outmaneuver"],"picked":"Backflip"},{"not_picked":["Grand Finale","Finisher"],"picked":"Envenom"},{"not_picked":["Bullet Time","Grand Finale"],"picked":"Adrenaline"},{"not_picked":["Sucker Punch","Skewer"],"picked":"Cloak And Dagger"},{"not_picked":["Endless Agony","Quick Slash"],"picked":"Riddle With Holes"},{"not_picked":["Dagger Spray","Slice"],"picked":"Deflect"},{"not_picked":["Phantasmal Killer","Venomology"],"picked":"Burst"},{"not_picked":["Poisoned Stab","Outmaneuver"],"picked":"Acrobatics"},{"not_picked":["Quick Slash","Flechettes"],"picked":"Dagger Throw"},{"not_picked":["Backstab","Wraith Form"],"picked":"Sucker Punch"},{"not_picked":["Flying Knee","Deadly Poison"],"picked":"Deflect"},{"not_picked":["Catalyst","Flying Knee"],"picked":"Sucker Punch"}],"player_experience":821831,"potions_floor_usage":[4,14,16,19,33,33,37,44,45,50,50],"damage_taken":[{"damage":1,"enemies":"Cultist","floor":1,"turns":3},{"damage":0,"enemies":"Small Slimes","floor":2,"turns":4},{"damage":0,"enemies":"2 Louse","floor":3,"turns":2},{"damage":0,"enemies":"Lots of Slimes","floor":4,"turns":1},{"damage":1,"enemies":"3 Louse","floor":5,"turns":2},{"damage":25,"enemies":"Gremlin Nob","floor":7,"turns":4},{"damage":0,"enemies":"Exordium Wildlife","floor":10,"turns":3},{"damage":14,"enemies":"3 Sentries","floor":11,"turns":5},{"damage":1,"enemies":"Exordium Thugs","floor":13,"turns":5},{"damage":7,"enemies":"Lagavulin","floor":14,"turns":5},{"damage":27,"enemies":"Hexaghost","floor":16,"turns":9},{"damage":0,"enemies":"3 Byrds","floor":18,"turns":3},{"damage":4,"enemies":"2 Thieves","floor":19,"turns":2},{"damage":9,"enemies":"Centurion and Healer","floor":22,"turns":5},{"damage":1,"enemies":"Snecko","floor":24,"turns":3},{"damage":1,"enemies":"Snake Plant","floor":27,"turns":2},{"damage":0,"enemies":"Cultist and Chosen","floor":31,"turns":3},{"damage":56,"enemies":"Champ","floor":33,"turns":10},{"damage":7,"enemies":"3 Darklings","floor":35,"turns":3},{"damage":1,"enemies":"Flame Bruiser 1 Orb","floor":37,"turns":6},{"damage":8,"enemies":"Maw","floor":38,"turns":8},{"damage":8,"enemies":"3 Darklings","floor":39,"turns":3},{"damage":9,"enemies":"Sphere and 2 Shapes","floor":44,"turns":4},{"damage":9,"enemies":"2 Orb Walkers","floor":45,"turns":4},{"damage":2,"enemies":"4 Shapes","floor":47,"turns":3},{"damage":0,"enemies":"Flame Bruiser 2 Orb","floor":48,"turns":3},{"damage":63,"enemies":"Time Eater","floor":50,"turns":20}],"event_choices":[{"event_name":"Golden Shrine","player_choice":"Pray","floor":12,"damage_taken":0},{"event_name":"The Library","player_choice":"Read","floor":20,"damage_taken":0},{"event_name":"Beggar","player_choice":"Gave Gold","floor":29,"damage_taken":0},{"event_name":"The Lab","player_choice":"Got Potions","floor":41,"damage_taken":0}],"boss_relics":[{"not_picked":["Lizard Tail","Ectoplasm"],"picked":"Runic Dome"},{"not_picked":["Question Card","Runic Pyramid"],"picked":"White Beast Statue"}],"potions_floor_spawned":[3,5,7,16,19,27,35,37,38,39,44,45,47,48],"seed_played":"-7321058379570100237","ascension_level":0,"is_trial":false}