{"path_per_floor":["M","M","?","?","M","R","E","M","T","?","$","M","M","E","R","B",null,"M","$","M","?","M"],"character_chosen":"THE_SILENT","items_purchased":["Whetstone","Infinite Blades","Well Laid Plans","Bane"],"gold_per_floor":[119,139,139,139,154,154,189,212,265,315,9,32,46,84,84,179,179,194,61,74,74,97,97],"floor_reached":23,"campfire_rested":1,"playtime":1517,"current_hp_per_floor":[52,52,52,52,52,52,44,35,42,42,42,41,37,36,56,24,56,52,52,41,41,16,0],"items_purged":["Strike_G"],"gold":97,"score":355,"play_id":"151de0bb-30a7-4e3e-9c41-4486df8b87ba","local_time":"20180327230756","is_prod":false,"is_daily":false,"is_ascension_mode":true,"campfire_upgraded":1,"timestamp":1522184876,"path_taken":["M","M","?","?","M","R","E","?","T","?","$","M","M","E","R","BOSS","M","$","M","?","M","E"],"build_version":"2018-03-25","purchased_purges":1,"victory":false,"master_deck":["Defend_G","Defend_G","Defend_G","Defend_G","Defend_G","Strike_G","Strike_G+1","Strike_G","Strike_G+1","Survivor","Neutralize+1","AscendersBane","Slice","Infinite Blades","PiercingWail","Dash","Dagger Spray","Infinite Blades","Finisher","Dodge and Roll","Noxious Fumes","Tools of the Trade","Crippling Poison","Well Laid Plans","Bane","Quick Slash","Flying Knee+1"],"max_hp_per_floor":[66,66,60,60,60,60,60,60,67,67,67,67,67,67,67,67,67,67,67,67,67,67,67],"relics":["Ring of the Snake","Golden Idol","Ancient Tea Set","Strawberry","Whetstone","Snake Skull","Cursed Key"],"card_choices":[{"not_picked":["Outmaneuver","Dodge and Roll"],"picked":"Slice","floor":1},{"not_picked":["Poisoned Stab","Dodge and Roll"],"picked":"Infinite Blades","floor":2},{"not_picked":["Accuracy","Catalyst"],"picked":"PiercingWail","floor":5},{"not_picked":["Distraction","Sucker Punch"],"picked":"Dash","floor":7},{"not_picked":["Phantasmal Killer","Dodge and Roll"],"picked":"Dagger Spray","floor":8},{"not_picked":["Outmaneuver","Backstab"],"picked":"Finisher","floor":12},{"not_picked":["Catalyst","Noxious Fumes"],"picked":"Dodge and Roll","floor":13},{"not_picked":["Eviscerate","PiercingWail"],"picked":"Noxious Fumes","floor":14},{"not_picked":["Unload","Burst"],"picked":"Tools of the Trade","floor":16},{"not_picked":["Outmaneuver","Sucker Punch"],"picked":"Crippling Poison","floor":18},{"not_picked":["Masterful Stab","Dagger Spray"],"picked":"Quick Slash","floor":20},{"not_picked":["Deadly Poison","Noxious Fumes"],"picked":"Flying Knee","floor":22}],"player_experience":873023,"potions_floor_usage":[7,7,16,16,16,23,23],"damage_taken":[{"damage":7,"enemies":"Small Slimes","floor":1,"turns":4},{"damage":0,"enemies":"2 Louse","floor":2,"turns":3},{"damage":0,"enemies":"Jaw Worm","floor":5,"turns":4},{"damage":31,"enemies":"Lagavulin","floor":7,"turns":10},{"damage":9,"enemies":"3 Louse","floor":8,"turns":5},{"damage":1,"enemies":"Looter","floor":12,"turns":2},{"damage":4,"enemies":"Exordium Wildlife","floor":13,"turns":4},{"damage":1,"enemies":"3 Sentries","floor":14,"turns":9},{"damage":32,"enemies":"Slime Boss","floor":16,"turns":9},{"damage":4,"enemies":"Shell Parasite","floor":18,"turns":7},{"damage":11,"enemies":"3 Byrds","floor":20,"turns":5},{"damage":25,"enemies":"Centurion and Healer","floor":22,"turns":7},{"damage":16,"enemies":"Slavers","floor":23,"turns":1}],"event_choices":[{"event_name":"Golden Idol","player_choice":"Lose Max HP","floor":3,"damage_taken":0},{"event_name":"Liars Game","player_choice":"disagreed","floor":4,"damage_taken":0},{"event_name":"Golden Shrine","player_choice":"Pray","floor":10,"damage_taken":0},{"event_name":"Beggar","player_choice":"Ignored","floor":21,"damage_taken":0}],"boss_relics":[{"not_picked":["Calling Bell","Orrery"],"picked":"Cursed Key"}],"potions_floor_spawned":[2,5,8,14,18,22],"seed_played":"-9142546650326993192","killed_by":"Slavers","ascension_level":15,"is_trial":false}