{"path_per_floor":["M","M","M","?","M","R","E","R","T","M","M","M","R","?","R","B",null,"M","?","M","M"],"character_chosen":"THE_SILENT","items_purchased":[],"gold_per_floor":[17,29,42,92,111,111,139,139,139,158,142,158,158,138,138,215,215,231,231,246,258,258],"floor_reached":22,"campfire_rested":1,"playtime":1005,"current_hp_per_floor":[58,56,54,54,44,44,14,33,33,30,23,22,22,22,22,11,52,52,52,25,10,10],"items_purged":[],"gold":258,"score":333,"play_id":"695193ad-a499-455b-826d-bee9ef24c860","local_time":"20180411225446","is_prod":false,"is_daily":false,"chose_seed":false,"is_ascension_mode":true,"campfire_upgraded":3,"timestamp":1523480086,"path_taken":["M","M","M","?","M","R","E","R","T","?","M","M","R","?","R","BOSS","M","?","M","M","M"],"build_version":"2018-04-10","seed_source_timestamp":12524695278376,"purchased_purges":0,"victory":false,"master_deck":["Defend_G","Defend_G","Defend_G","Defend_G","Defend_G","Strike_G","Strike_G","Strike_G","Strike_G","Strike_G","Survivor","Neutralize+1","AscendersBane","Deadly Poison","Dagger Spray","Bane","Backflip+1","Bane","Well Laid Plans","Blur","Malaise+1","Adrenaline","Backflip","Decay","Cloak And Dagger","Leg Sweep"],"max_hp_per_floor":[66,66,66,66,66,66,66,66,66,66,66,66,66,66,66,66,66,66,66,66,66,66],"relics":["Ring of the Snake","Peace Pipe","Ginger","Matryoshka","Sozu"],"card_choices":[{"not_picked":["Bane","Finisher"],"picked":"Deadly Poison","floor":1},{"not_picked":["Terror","All Out Attack"],"picked":"Dagger Spray","floor":2},{"not_picked":["Underhanded Strike","Outmaneuver"],"picked":"Bane","floor":3},{"not_picked":["Acrobatics","PiercingWail"],"picked":"Backflip","floor":5},{"not_picked":["Dagger Spray","Predator"],"picked":"Bane","floor":7},{"not_picked":["Dodge and Roll","Noxious Fumes"],"picked":"Well Laid Plans","floor":10},{"not_picked":["Tactician","Crippling Poison"],"picked":"Blur","floor":11},{"not_picked":["Backflip","Distraction"],"picked":"Malaise","floor":12},{"not_picked":["Bullet Time","Burst"],"picked":"Adrenaline","floor":16},{"not_picked":["Riddle With Holes","Caltrops"],"picked":"Backflip","floor":18},{"not_picked":["Prepared","Underhanded Strike"],"picked":"Cloak And Dagger","floor":20},{"not_picked":["Quick Slash","Flying Knee"],"picked":"Leg Sweep","floor":21}],"player_experience":895837,"potions_floor_usage":[7,16],"damage_taken":[{"damage":1,"enemies":"Small Slimes","floor":1,"turns":4},{"damage":2,"enemies":"Cultist","floor":2,"turns":5},{"damage":2,"enemies":"Jaw Worm","floor":3,"turns":4},{"damage":10,"enemies":"Lots of Slimes","floor":5,"turns":3},{"damage":30,"enemies":"Gremlin Nob","floor":7,"turns":5},{"damage":3,"enemies":"Looter","floor":10,"turns":3},{"damage":7,"enemies":"Exordium Thugs","floor":11,"turns":4},{"damage":1,"enemies":"2 Fungi Beasts","floor":12,"turns":4},{"damage":23,"enemies":"Hexaghost","floor":16,"turns":13},{"damage":0,"enemies":"Shell Parasite","floor":18,"turns":5},{"damage":27,"enemies":"Spheric Guardian","floor":20,"turns":7},{"damage":15,"enemies":"Snake Plant","floor":21,"turns":7},{"damage":0,"enemies":"Snecko","floor":22,"turns":2}],"event_choices":[{"event_name":"Golden Shrine","player_choice":"Pray","floor":4,"damage_taken":0},{"event_name":"The Woman in Blue","player_choice":"Bought 1 Potion","floor":14,"damage_taken":0},{"event_name":"Forgotten Altar","player_choice":"Smashed Altar","floor":19,"damage_taken":0}],"boss_relics":[{"not_picked":["Velvet Choker","Snecko Eye"],"picked":"Sozu"}],"potions_floor_spawned":[5,10,11,12,16,18],"seed_played":"8682377715536047475","killed_by":"Snecko","ascension_level":15,"is_trial":false}