{"path_per_floor":["M","?","M","M","M","?","R","E","T","?","E","?","M","M","R","B",null,"M","?","?","M","$","R","E","M","T","E","?","M","E","?","R","B",null,"M","M","?","M","M","E","$","?","T","M","?","M","R","?","R"],"character_chosen":"THE_SILENT","items_purchased":["Mind Blast","Deflect","Footwork","Flying Knee","Pantograph"],"gold_per_floor":[13,13,23,41,60,210,210,236,236,486,514,514,537,551,551,647,647,647,647,647,647,124,124,124,124,124,124,124,124,124,124,124,124,124,124,124,124,124,124,124,49,49,49,49,49,49,49,49,49,49],"floor_reached":50,"campfire_rested":0,"playtime":3389,"current_hp_per_floor":[59,59,58,58,58,58,58,53,53,53,33,33,31,29,29,18,54,46,25,38,36,36,36,36,34,34,26,26,26,26,26,26,26,31,31,31,31,30,30,16,16,16,16,15,17,15,15,15,15,0],"items_purged":["Strike_G"],"gold":49,"score":1136,"play_id":"ea329d1f-c729-4289-b3c5-f9a87b5ec8d2","local_time":"20180412200739","is_prod":false,"is_daily":false,"chose_seed":false,"is_ascension_mode":true,"campfire_upgraded":6,"timestamp":1523556459,"path_taken":["M","?","M","M","M","?","R","E","T","?","E","?","?","M","R","BOSS","M","?","?","M","$","R","E","M","T","E","?","M","E","?","R","BOSS","M","M","?","M","M","E","$","?","T","M","?","?","R","?","R","BOSS"],"build_version":"2018-04-11","seed_source_timestamp":347079928425,"purchased_purges":1,"victory":false,"master_deck":["Defend_G","Defend_G","Defend_G","Defend_G","Defend_G","Strike_G","Strike_G","Strike_G+1","Survivor","Neutralize+1","AscendersBane","Flying Knee","Dash+1","Blur","Deflect","Doubt","Backflip","Regret","Well Laid Plans","Injury","Dagger Throw","Dagger Throw+1","Tools of the Trade","Dagger Spray","PiercingWail+1","Mind Blast+1","Deflect","Footwork+1","Flying Knee+1","Deflect","Dagger Throw+1","Dagger Spray","Ghostly","Ghostly","Ghostly","Ghostly","Ghostly","Sucker Punch+1","Slice","Burst+1","Dodge and Roll+1","Poisoned Stab","Dash","Dagger Throw","Deflect","Heel Hook+1","Dagger Spray"],"max_hp_per_floor":[66,66,66,66,66,66,66,66,66,66,66,66,66,66,66,66,66,66,66,66,66,66,66,66,66,66,66,33,33,33,33,33,33,33,33,33,33,33,33,33,33,33,33,33,35,35,35,35,35,35],"relics":["Ring of the Snake","Du-Vu Doll","Lantern","Gremlin Horn","Golden Idol","Ectoplasm","Nilry\u0027s Codex","Pantograph","Orichalcum","Matryoshka","Oddly Smooth Stone","Kunai","Nloth\u0027s Gift","Lizard Tail","Whetstone","Singing Bowl","Snake Skull"],"card_choices":[{"not_picked":["Backflip","Bane"],"picked":"Flying Knee","floor":1},{"not_picked":["Underhanded Strike","Outmaneuver"],"picked":"Dash","floor":3},{"not_picked":["Accuracy","Dodge and Roll"],"picked":"Blur","floor":4},{"not_picked":["Riddle With Holes","Heel Hook"],"picked":"Deflect","floor":5},{"not_picked":["Reflex","Dodge and Roll"],"picked":"Backflip","floor":8},{"not_picked":["Flechettes","Caltrops","Acrobatics"],"picked":"Well Laid Plans","floor":11},{"not_picked":["Acrobatics","Phantasmal Killer","Sucker Punch"],"picked":"Dagger Throw","floor":13},{"not_picked":["Sucker Punch","Calculated Gamble","Underhanded Strike"],"picked":"Dagger Throw","floor":14},{"not_picked":["Envenom","Doppelganger","Bullet Time"],"picked":"Tools of the Trade","floor":16},{"not_picked":["Sucker Punch","Heel Hook","Deadly Poison"],"picked":"Dagger Spray","floor":18},{"not_picked":["Corpse Explosion","Dagger Throw","Dash"],"picked":"PiercingWail","floor":21},{"not_picked":["Flying Knee","Catalyst","Dodge and Roll"],"picked":"Deflect","floor":24},{"not_picked":["Finisher","Underhanded Strike","Dash"],"picked":"Dagger Throw","floor":25},{"not_picked":["PiercingWail","Venomology","Cloak And Dagger"],"picked":"Dagger Spray","floor":27},{"not_picked":["Eviscerate","Flying Knee","Quick Slash"],"picked":"Sucker Punch","floor":29},{"not_picked":["Malaise","Sucker Punch","Underhanded Strike"],"picked":"Slice","floor":30},{"not_picked":["Venomology","Unload"],"picked":"Burst","floor":33},{"not_picked":["Sucker Punch","Prepared"],"picked":"Dodge and Roll","floor":35},{"not_picked":["Outmaneuver","Acrobatics"],"picked":"Poisoned Stab","floor":36},{"not_picked":["Acrobatics","Heel Hook"],"picked":"Dash","floor":38},{"not_picked":["Deadly Poison","Bane"],"picked":"Dagger Throw","floor":39},{"not_picked":["Blur","Unload"],"picked":"Deflect","floor":40},{"not_picked":["Acrobatics","Riddle With Holes"],"picked":"Heel Hook","floor":44},{"not_picked":["Crippling Poison","Underhanded Strike"],"picked":"Dagger Spray","floor":46}],"player_experience":898916,"potions_floor_usage":[8,11,16,25,33,44,50,50,50],"damage_taken":[{"damage":0,"enemies":"Jaw Worm","floor":1,"turns":4},{"damage":1,"enemies":"Small Slimes","floor":3,"turns":4},{"damage":0,"enemies":"2 Louse","floor":4,"turns":3},{"damage":0,"enemies":"Looter","floor":5,"turns":3},{"damage":17,"enemies":"3 Sentries","floor":8,"turns":10},{"damage":20,"enemies":"Lagavulin","floor":11,"turns":6},{"damage":2,"enemies":"Large Slime","floor":13,"turns":4},{"damage":2,"enemies":"2 Fungi Beasts","floor":14,"turns":3},{"damage":11,"enemies":"Slime Boss","floor":16,"turns":8},{"damage":8,"enemies":"Shell Parasite","floor":18,"turns":4},{"damage":2,"enemies":"Chosen","floor":21,"turns":4},{"damage":0,"enemies":"Slavers","floor":24,"turns":5},{"damage":2,"enemies":"3 Cultists","floor":25,"turns":4},{"damage":8,"enemies":"Book of Stabbing","floor":27,"turns":5},{"damage":0,"enemies":"Centurion and Healer","floor":29,"turns":4},{"damage":0,"enemies":"Slavers","floor":30,"turns":5},{"damage":7,"enemies":"Champ","floor":33,"turns":13},{"damage":0,"enemies":"Flame Bruiser 1 Orb","floor":35,"turns":4},{"damage":0,"enemies":"3 Darklings","floor":36,"turns":5},{"damage":1,"enemies":"4 Shapes","floor":38,"turns":6},{"damage":0,"enemies":"Flame Bruiser 2 Orb","floor":39,"turns":4},{"damage":37,"enemies":"Nemesis","floor":40,"turns":9},{"damage":1,"enemies":"Spire Growth","floor":44,"turns":4},{"damage":2,"enemies":"4 Shapes","floor":46,"turns":5},{"damage":38,"enemies":"Time Eater","floor":50,"turns":18}],"event_choices":[{"event_name":"Living Wall","player_choice":"Grow","floor":2,"damage_taken":0},{"event_name":"Liars Game","player_choice":"agreed","floor":6,"damage_taken":0},{"event_name":"Golden Shrine","player_choice":"Desecrate","floor":10,"damage_taken":0},{"event_name":"Golden Idol","player_choice":"Take Wound","floor":12,"damage_taken":0},{"event_name":"Cursed Tome","player_choice":"Obtained Book","floor":19,"damage_taken":0},{"event_name":"The Library","player_choice":"Heal","floor":20,"damage_taken":0},{"event_name":"Ghosts","player_choice":"Became a Ghost","floor":28,"damage_taken":0},{"event_name":"N\u0027loth","player_choice":"Traded a Question Card","floor":31,"damage_taken":0},{"event_name":"Fountain of Cleansing","player_choice":"Ignored","floor":37,"damage_taken":0},{"event_name":"Wheel of Change","player_choice":"Card Removal","floor":42,"damage_taken":0},{"event_name":"SensoryStone","player_choice":"Memory 1","floor":45,"damage_taken":0},{"event_name":"Golden Shrine","player_choice":"Pray","floor":48,"damage_taken":0}],"boss_relics":[{"not_picked":["Astrolabe","Velvet Choker"],"picked":"Ectoplasm"},{"not_picked":["Snecko Eye","Orrery"],"picked":"Lizard Tail"}],"potions_floor_spawned":[5,8,11,14,16,21,27,29,33,38,44],"seed_played":"794206704175353462","killed_by":"Time Eater","ascension_level":15,"is_trial":false}