{"path_per_floor":["M","?","M","$","M","R","M","R","T","M","R","M","M","E","R","B",null,"M","$","M","$","M"],"character_chosen":"THE_SILENT","items_purchased":["Flying Knee","PiercingWail","Well Laid Plans","Leg Sweep","Cloak And Dagger","Bouncing Flask","Backflip"],"gold_per_floor":[109,109,120,16,27,27,45,45,113,128,128,144,158,193,193,269,269,283,76,94,9,21,21],"floor_reached":23,"campfire_rested":0,"playtime":1089,"current_hp_per_floor":[59,59,59,59,59,59,53,53,53,53,53,52,51,48,48,46,61,51,51,32,32,19,0],"items_purged":[],"gold":21,"score":341,"play_id":"9db88faa-2ae9-4077-af1a-b2b7414c3a14","local_time":"20180416235643","is_prod":false,"is_daily":false,"chose_seed":false,"is_ascension_mode":true,"campfire_upgraded":4,"timestamp":1523915803,"path_taken":["M","?","M","$","M","R","M","R","T","M","R","M","M","E","R","BOSS","M","?","?","$","M","E"],"build_version":"2018-04-13","seed_source_timestamp":14232990476557,"purchased_purges":0,"victory":false,"master_deck":["Defend_G","Defend_G","Defend_G","Defend_G","Defend_G","Strike_G","Strike_G","Strike_G","Strike_G","Strike_G","Survivor","Neutralize+1","AscendersBane","Deadly Poison+1","Footwork+1","Flying Knee","PiercingWail+1","Quick Slash","Slice","Dodge and Roll","Adrenaline+1","Bane","Unload","Burst","Catalyst+1","Well Laid Plans","Leg Sweep","Cloak And Dagger","Predator+1","Bouncing Flask","Backflip","Backflip"],"max_hp_per_floor":[66,66,66,66,66,66,66,66,66,66,66,66,66,66,66,66,66,66,66,66,66,66,66],"relics":["Ring of the Snake","Letter Opener","Pantograph","White Beast Statue"],"card_choices":[{"not_picked":["Bane","Poisoned Stab"],"picked":"Deadly Poison","floor":1},{"not_picked":["Dodge and Roll","PiercingWail"],"picked":"Footwork","floor":3},{"not_picked":["Expertise","Dodge and Roll"],"picked":"Quick Slash","floor":5},{"not_picked":["Concentrate","Flying Knee"],"picked":"Slice","floor":7},{"not_picked":["Sucker Punch","Eviscerate"],"picked":"Dodge and Roll","floor":10},{"not_picked":["Poisoned Stab","Dagger Spray"],"picked":"Adrenaline","floor":12},{"not_picked":["Crippling Poison","Cloak And Dagger"],"picked":"Bane","floor":13},{"not_picked":["Slice","Outmaneuver"],"picked":"Unload","floor":14},{"not_picked":["Corpse Explosion","Glass Knife"],"picked":"Burst","floor":16},{"not_picked":["Skewer","Prepared"],"picked":"Catalyst","floor":18},{"not_picked":["Setup","Infinite Blades"],"picked":"Predator","floor":20},{"not_picked":["Crippling Poison","Dagger Spray"],"picked":"Backflip","floor":22}],"player_experience":913698,"potions_floor_usage":[10,13,14,14,20,23],"damage_taken":[{"damage":0,"enemies":"2 Louse","floor":1,"turns":3},{"damage":0,"enemies":"Cultist","floor":3,"turns":4},{"damage":0,"enemies":"Small Slimes","floor":5,"turns":4},{"damage":6,"enemies":"Red Slaver","floor":7,"turns":5},{"damage":0,"enemies":"3 Louse","floor":10,"turns":4},{"damage":1,"enemies":"Looter","floor":12,"turns":3},{"damage":1,"enemies":"2 Fungi Beasts","floor":13,"turns":3},{"damage":15,"enemies":"Lagavulin","floor":14,"turns":6},{"damage":20,"enemies":"The Guardian","floor":16,"turns":13},{"damage":10,"enemies":"2 Thieves","floor":18,"turns":4},{"damage":19,"enemies":"Spheric Guardian","floor":20,"turns":7},{"damage":13,"enemies":"Snecko","floor":22,"turns":4},{"damage":24,"enemies":"Gremlin Leader","floor":23,"turns":6}],"event_choices":[{"event_name":"Accursed Blacksmith","player_choice":"Forge","floor":2,"damage_taken":0}],"boss_relics":[{"not_picked":["Black Star","Tiny House"],"picked":"White Beast Statue"}],"potions_floor_spawned":[3,5,10,16,18,20,22],"seed_played":"4357414249187174069","killed_by":"Gremlin Leader","ascension_level":15,"is_trial":false}