{"path_per_floor":["M","?","M","M","?","R","?","R","T","M","R","T","M","E","R"],"character_chosen":"THE_SILENT","items_purchased":[],"gold_per_floor":[115,40,59,74,134,134,134,134,134,146,146,146,156,183,183,183],"floor_reached":16,"campfire_rested":0,"playtime":776,"current_hp_per_floor":[59,59,53,53,53,53,53,53,53,49,49,59,59,38,38,0],"items_purged":[],"gold":183,"score":175,"play_id":"acdd89a2-a1cc-4378-9303-41a2ec60990a","local_time":"20180419220310","is_prod":false,"is_daily":false,"chose_seed":false,"is_ascension_mode":true,"campfire_upgraded":4,"timestamp":1524168190,"path_taken":["M","?","M","M","?","R","?","R","T","?","R","?","?","E","R","BOSS"],"build_version":"2018-04-18","seed_source_timestamp":3772546870675,"purchased_purges":0,"victory":false,"master_deck":["Defend_G","Defend_G","Defend_G+1","Defend_G+1","Defend_G","Strike_G","Strike_G","Strike_G","Strike_G","Survivor+1","Neutralize+1","AscendersBane","Tactician","Quick Slash","Backflip+1","Backstab+1","Tools of the Trade+1","Prepared","PiercingWail"],"max_hp_per_floor":[66,66,66,66,66,66,66,66,66,66,66,76,76,76,76,76],"relics":["Ring of the Snake","War Paint","Pear","Juzu Bracelet"],"card_choices":[{"not_picked":["Sucker Punch","Dodge and Roll"],"picked":"Quick Slash","floor":1},{"not_picked":["Caltrops","Underhanded Strike"],"picked":"Backflip","floor":3},{"not_picked":["Deadly Poison","Noxious Fumes"],"picked":"Backstab","floor":4},{"not_picked":["Deflect","Dodge and Roll"],"picked":"Tools of the Trade","floor":10},{"not_picked":["Bouncing Flask","Eviscerate"],"picked":"Prepared","floor":13},{"not_picked":["Slice","Masterful Stab"],"picked":"PiercingWail","floor":14}],"player_experience":923083,"potions_floor_usage":[14],"damage_taken":[{"damage":0,"enemies":"2 Louse","floor":1,"turns":3},{"damage":6,"enemies":"Jaw Worm","floor":3,"turns":4},{"damage":0,"enemies":"Small Slimes","floor":4,"turns":3},{"damage":4,"enemies":"Exordium Thugs","floor":10,"turns":8},{"damage":0,"enemies":"Looter","floor":13,"turns":3},{"damage":21,"enemies":"3 Sentries","floor":14,"turns":10},{"damage":41,"enemies":"Hexaghost","floor":16,"turns":16}],"event_choices":[{"event_name":"The Cleric","player_choice":"Card Removal","floor":2,"damage_taken":0},{"event_name":"Golden Wing","player_choice":"Gained Gold","floor":5,"damage_taken":0},{"event_name":"Living Wall","player_choice":"Grow","floor":7,"damage_taken":0}],"boss_relics":[],"potions_floor_spawned":[4,13],"seed_played":"-3685813668123898874","killed_by":"Hexaghost","ascension_level":15,"is_trial":false}