{"path_per_floor":["M","M","M","M","M","M","E","?","T","$","R","M","?","M","R"],"character_chosen":"IRONCLAD","items_purchased":["Block Potion","Regen Potion","Madness"],"gold_per_floor":[111,128,145,165,179,193,226,226,226,34,34,50,116,129,129],"floor_reached":16,"campfire_rested":1,"playtime":1764,"current_hp_per_floor":[86,86,88,79,51,34,23,23,23,23,47,51,51,60,60],"items_purged":[],"gold":129,"play_id":"b904b67d-6533-4f4b-85c1-faf07c822c58","is_prod":false,"is_daily":false,"campfire_rituals":0,"campfire_upgraded":1,"is_hardmode":false,"path_taken":["M","M","M","M","M","M","E","?","T","$","R","M","?","M","R","BOSS"],"build_version":"2018-01-11-PROD2","purchased_purges":0,"victory":false,"master_deck":["Strike_R","Strike_R","Strike_R","Strike_R","Strike_R","Defend_R","Defend_R","Defend_R","Defend_R","Bash","Cleave","Flex","Twin Strike","Clothesline","Anger","Rampage","Feel No Pain","Madness","Warcry","Iron Wave"],"max_hp_per_floor":[88,88,88,88,88,88,88,81,81,81,81,81,81,81,81],"relics":["Burning Blood","Gambling Chip","Golden Idol","Whetstone"],"campfire_meditates":0,"card_choices":[{"not_picked":["Warcry","Body Slam"],"picked":"Cleave"},{"not_picked":["Heavy Blade","Intimidate"],"picked":"Flex"},{"not_picked":["Second Wind","Perfected Strike"],"picked":"Twin Strike"},{"not_picked":["Brutality","Body Slam"],"picked":"Clothesline"},{"not_picked":["Second Wind","Reckless Charge"],"picked":"Anger"},{"not_picked":["Burning Pact","Clothesline"],"picked":"Rampage"},{"not_picked":["Second Wind","Fiend Fire"],"picked":"Feel No Pain"},{"not_picked":["Dual Wield","True Grit"],"picked":"Warcry"},{"not_picked":["Second Wind","Heavy Blade"],"picked":"Iron Wave"}],"player_experience":6119,"potions_floor_usage":[7,7,14,16,16,16],"damage_taken":[{"damage":8,"enemies":"2 Louse","floor":1,"turns":4},{"damage":6,"enemies":"Jaw Worm","floor":2,"turns":5},{"damage":1,"enemies":"Cultist","floor":3,"turns":3},{"damage":15,"enemies":"Looter","floor":4,"turns":3},{"damage":34,"enemies":"Exordium Thugs","floor":5,"turns":4},{"damage":23,"enemies":"Large Slime","floor":6,"turns":6},{"damage":17,"enemies":"Lagavulin","floor":7,"turns":6},{"damage":2,"enemies":"Looter","floor":12,"turns":3},{"damage":0,"enemies":"Lots of Slimes","floor":14,"turns":2},{"damage":66,"enemies":"Slime Boss","floor":16,"turns":12}],"event_choices":[{"event_name":"Golden Idol","player_choice":"Lose Max HP","floor":8,"damage_taken":0},{"event_name":"Golden Wing","player_choice":"Gained Gold","floor":13,"damage_taken":0}],"boss_relics":[],"potions_floor_spawned":[4,6,12,14],"seed_played":"-9208075074557193115","killed_by":"Slime Boss","is_trial":false}