{"path_per_floor":["M","M","M","?","M","E","M","R","T","R","M","E","?","?","R","B",null,"M","$","?","?","M","R"],"character_chosen":"IRONCLAD","items_purchased":["Matryoshka"],"gold_per_floor":[116,132,143,143,160,194,206,206,206,206,221,248,312,312,312,433,433,454,118,118,118,129,129],"floor_reached":24,"campfire_rested":3,"playtime":2520,"current_hp_per_floor":[65,68,68,68,45,28,21,45,59,87,86,68,68,68,94,48,94,77,77,77,77,63,63],"items_purged":["Injury"],"gold":129,"play_id":"e2bf4f80-0850-471f-a9bd-b70086ecb914","is_prod":false,"is_daily":false,"campfire_rituals":0,"campfire_upgraded":1,"is_hardmode":false,"path_taken":["M","?","M","?","M","E","?","R","T","R","M","E","?","?","R","BOSS","M","?","?","?","M","R","E"],"build_version":"2018-01-18-PROD2","purchased_purges":1,"victory":false,"master_deck":["Strike_R","Strike_R","Strike_R","Defend_R","Defend_R","Defend_R","Defend_R","Bash","Dual Wield","Intimidate","Inflame","Clothesline","True Grit","Uppercut","Pommel Strike","Rampage","Reaper","Writhe","Metallicize"],"max_hp_per_floor":[80,80,80,80,80,80,80,80,94,94,94,94,94,94,94,94,94,94,94,94,94,94,94],"relics":["Burning Blood","Ornamental Fan","Mango","Juzu Bracelet","Bloody Idol","Mark of Pain","Matryoshka","Blood Vial"],"campfire_meditates":0,"card_choices":[{"not_picked":["Thunderclap","Body Slam"],"picked":"Intimidate"},{"not_picked":["Body Slam","Perfected Strike"],"picked":"Inflame"},{"not_picked":["Iron Wave","Body Slam"],"picked":"Clothesline"},{"not_picked":["Burning Pact","Rage"],"picked":"True Grit"},{"not_picked":["Infernal Blade","Flame Barrier"],"picked":"Uppercut"},{"not_picked":["Heavy Blade","Flame Barrier"],"picked":"Pommel Strike"},{"not_picked":["True Grit","Warcry"],"picked":"Rampage"},{"not_picked":["Dark Embrace","Double Tap"],"picked":"Reaper"},{"not_picked":["Armaments","Flex"],"picked":"Metallicize"}],"player_experience":21918,"potions_floor_usage":[11,12,16,18],"damage_taken":[{"damage":21,"enemies":"Blue Slaver","floor":1,"turns":6},{"damage":3,"enemies":"Small Slimes","floor":2,"turns":4},{"damage":6,"enemies":"Jaw Worm","floor":3,"turns":7},{"damage":29,"enemies":"Gremlin Gang","floor":5,"turns":8},{"damage":23,"enemies":"Gremlin Nob","floor":6,"turns":5},{"damage":13,"enemies":"3 Louse","floor":7,"turns":7},{"damage":7,"enemies":"Exordium Wildlife","floor":11,"turns":8},{"damage":24,"enemies":"Lagavulin","floor":12,"turns":6},{"damage":52,"enemies":"The Guardian","floor":16,"turns":12},{"damage":24,"enemies":"3 Byrds","floor":18,"turns":6},{"damage":27,"enemies":"Spheric Guardian","floor":22,"turns":6},{"damage":71,"enemies":"Book of Stabbing","floor":24,"turns":8}],"event_choices":[{"event_name":"Wheel of Change","player_choice":"Card Removal","floor":4,"damage_taken":0},{"event_name":"Golden Wing","player_choice":"Gained Gold","floor":13,"damage_taken":0},{"event_name":"Golden Idol","player_choice":"Take Wound","floor":14,"damage_taken":0},{"event_name":"Forgotten Altar","player_choice":"Gave Idol","floor":20,"damage_taken":0},{"event_name":"The Mausoleum","player_choice":"Yes","floor":21,"damage_taken":0}],"boss_relics":[{"not_picked":["White Beast Statue","Ectoplasm"],"picked":"Mark of Pain"}],"potions_floor_spawned":[5,7,11,12],"seed_played":"-8536958897068779985","killed_by":"Book of Stabbing","is_trial":false}