{"path_per_floor":["M","M","$","M","M","M","R","?","T","M","R","M","E","?","R","B",null,"M","?","M","?","?","R","$","E","T","R","M","?","R","$","R"],"character_chosen":"IRONCLAD","items_purchased":["Dropkick","Vajra","Corruption","Flex"],"gold_per_floor":[109,120,7,22,42,58,58,83,110,123,123,143,176,176,176,279,279,298,298,314,314,314,314,24,57,102,102,112,112,112,89,89],"floor_reached":33,"campfire_rested":2,"playtime":2822,"current_hp_per_floor":[72,71,71,72,72,72,72,69,69,71,71,72,72,72,72,44,72,72,72,72,72,72,72,72,60,60,60,41,25,46,46,67],"items_purged":["Defend_R","Strike_R"],"gold":89,"play_id":"eedc89e3-38e2-4078-825f-0fb83dd0e163","is_prod":false,"is_daily":false,"is_ascension_mode":false,"campfire_upgraded":4,"path_taken":["M","M","$","M","M","M","R","?","T","M","R","M","E","?","R","BOSS","M","?","M","?","?","R","?","E","T","R","M","?","R","$","R","BOSS"],"build_version":"2018-01-25-BETA1","purchased_purges":2,"victory":false,"master_deck":["Strike_R","Strike_R","Defend_R","Defend_R","Defend_R","Bash+1","Headbutt+1","Shrug It Off+1","Dropkick+1","Offering+1","Pommel Strike+1","Rampage+1","Corruption","Iron Wave+1","Necronomicurse","Flex","Thunderclap+1"],"max_hp_per_floor":[72,72,72,72,72,72,72,72,72,72,72,72,72,72,72,72,72,72,72,72,72,72,72,72,72,72,72,72,72,72,72,72],"relics":["Burning Blood","Odd Mushroom","Lantern","Molten Egg","White Beast Statue","Juzu Bracelet","Vajra","Peace Pipe","Dream Catcher","Necronomicon"],"card_choices":[{"not_picked":["Combust","Clothesline"],"picked":"Headbutt"},{"not_picked":["Warcry","Rage"],"picked":"Shrug It Off"},{"not_picked":["Uppercut","Pommel Strike"],"picked":"Offering"},{"not_picked":["Headbutt","Armaments"],"picked":"Pommel Strike"},{"not_picked":["Sword Boomerang","Uppercut"],"picked":"Iron Wave"},{"not_picked":["Cleave","Burning Pact"],"picked":"Thunderclap"}],"player_experience":9614,"potions_floor_usage":[2,13,20,20,25,25,33,33],"damage_taken":[{"damage":0,"enemies":"2 Louse","floor":1,"turns":4},{"damage":7,"enemies":"Jaw Worm","floor":2,"turns":5},{"damage":1,"enemies":"Cultist","floor":4,"turns":4},{"damage":4,"enemies":"Exordium Wildlife","floor":5,"turns":4},{"damage":0,"enemies":"3 Louse","floor":6,"turns":5},{"damage":9,"enemies":"The Mushroom Lair","floor":8,"turns":4},{"damage":4,"enemies":"Gremlin Gang","floor":10,"turns":3},{"damage":5,"enemies":"Exordium Wildlife","floor":12,"turns":3},{"damage":4,"enemies":"Lagavulin","floor":13,"turns":6},{"damage":34,"enemies":"Slime Boss","floor":16,"turns":8},{"damage":5,"enemies":"3 Byrds","floor":18,"turns":5},{"damage":4,"enemies":"Spheric Guardian","floor":20,"turns":4},{"damage":24,"enemies":"Book of Stabbing","floor":25,"turns":4},{"damage":25,"enemies":"3 Cultists","floor":28,"turns":7},{"damage":80,"enemies":"Automaton","floor":33,"turns":10}],"event_choices":[{"event_name":"Mushrooms","player_choice":"Fought Mushrooms","floor":8,"damage_taken":0},{"event_name":"Upgrade Shrine","player_choice":"Upgraded","floor":14,"damage_taken":0},{"event_name":"The Lab","player_choice":"Got Potions","floor":19,"damage_taken":0},{"event_name":"The Mausoleum","player_choice":"Yes","floor":21,"damage_taken":0},{"event_name":"The Library","player_choice":"Read","floor":22,"damage_taken":0},{"event_name":"Cursed Tome","player_choice":"Obtained Book","floor":29,"damage_taken":0}],"boss_relics":[{"not_picked":["Snecko Eye","Ectoplasm"],"picked":"White Beast Statue"}],"potions_floor_spawned":[1,4,8,12,18,20,25,28],"seed_played":"-2663621624722605045","killed_by":"Automaton","ascension_level":0,"is_trial":false}