{"path_per_floor":["M","M","M","?","M","E","R","M","T","?","E","M","M"],"character_chosen":"IRONCLAD","items_purchased":[],"gold_per_floor":[112,132,146,221,233,265,265,282,331,331,371,395,416],"floor_reached":14,"campfire_rested":1,"playtime":1461,"current_hp_per_floor":[42,44,42,31,29,15,39,39,39,39,49,37,37],"items_purged":[],"gold":416,"play_id":"ad317abe-6ce0-49d7-a3da-88b46054e02d","is_prod":false,"is_daily":false,"campfire_rituals":0,"campfire_upgraded":0,"is_hardmode":false,"path_taken":["M","M","M","?","M","E","R","M","T","?","E","M","M","E"],"build_version":"2018-01-18-PROD4","purchased_purges":0,"victory":false,"master_deck":["Strike_R","Strike_R","Strike_R","Strike_R","Defend_R","Defend_R","Defend_R","Bash","Offering","Burning Pact","Clothesline","Flex","Evolve","Immolate","Shrug It Off","Injury","Armaments","Searing Blow","Pommel Strike"],"max_hp_per_floor":[80,80,80,80,80,80,80,80,80,80,94,94,94],"relics":["Burning Blood","Juzu Bracelet","Molten Egg","Golden Idol","Mango"],"campfire_meditates":0,"card_choices":[{"not_picked":["Clash","Cleave"],"picked":"Clothesline"},{"not_picked":["Battle Trance","Clash"],"picked":"Flex"},{"not_picked":["Metallicize","Bloodletting"],"picked":"Evolve"},{"not_picked":["Perfected Strike","Flex"],"picked":"Immolate"},{"not_picked":["Twin Strike","Clothesline"],"picked":"Shrug It Off"},{"not_picked":["Wild Strike","Bludgeon"],"picked":"Armaments"},{"not_picked":["Thunderclap","Cleave"],"picked":"Searing Blow"},{"not_picked":["Combust","Blood for Blood"],"picked":"Pommel Strike"}],"player_experience":61192,"potions_floor_usage":[14],"damage_taken":[{"damage":4.0,"enemies":"2 Louse","floor":1.0,"turns":3.0},{"damage":4.0,"enemies":"Small Slimes","floor":2.0,"turns":3.0},{"damage":8.0,"enemies":"Blue Slaver","floor":3.0,"turns":3.0},{"damage":8.0,"enemies":"2 Fungi Beasts","floor":5.0,"turns":3.0},{"damage":20.0,"enemies":"Gremlin Nob","floor":6.0,"turns":3.0},{"damage":6.0,"enemies":"Looter","floor":8.0,"turns":5.0},{"damage":10.0,"enemies":"3 Sentries","floor":11.0,"turns":4.0},{"damage":18.0,"enemies":"3 Louse","floor":12.0,"turns":4.0},{"damage":6.0,"enemies":"2 Fungi Beasts","floor":13.0,"turns":5.0},{"damage":52,"enemies":"Gremlin Nob","floor":14,"turns":5}],"event_choices":[{"event_name":"World of Goop","player_choice":"Gather Gold","floor":4.0,"damage_taken":0.0},{"event_name":"Golden Idol","player_choice":"Take Wound","floor":10.0,"damage_taken":0.0}],"boss_relics":[],"potions_floor_spawned":[2,6,11,12],"seed_played":"832811246176434731","killed_by":"Gremlin Nob","is_trial":false}