{"path_per_floor":["M","?","M","M","$","R","M","E","T","$","M","R","E","M","R","B",null,"M","M","M","?","?","E","R","E","T","$","?","R","M","M","R","B",null,"M","?","?","M","M","E","M","R","T","R","$","?","$","M","R","B"],"character_chosen":"IRONCLAD","items_purchased":["Paper Frog","Evolve","Champion Belt","Lee\u0027s Waffle","Block Potion"],"gold_per_floor":[362,362,383,396,321,321,346,389,389,42,67,67,98,117,117,236,236,252,277,295,220,220,294,294,334,334,136,136,136,150,169,169,297,297,312,312,312,328,343,378,396,396,696,696,261,261,8,27,27,27],"floor_reached":51,"campfire_rested":0,"playtime":5734,"current_hp_per_floor":[72,54,47,61,61,61,65,57,57,57,63,63,65,67,67,43,72,72,72,72,72,72,72,72,72,72,72,56,70,76,81,81,69,86,84,84,74,67,59,48,50,50,50,50,50,50,101,101,101,50],"items_purged":["Strike_R","Strike_R","Doubt","Doubt"],"gold":27,"play_id":"d50b21f6-0775-4971-b669-4ef7b6ff053e","is_prod":false,"is_daily":false,"campfire_rituals":0,"campfire_upgraded":1,"is_hardmode":false,"path_taken":["M","?","M","M","$","R","M","E","T","$","M","R","E","M","R","BOSS","M","M","M","?","?","E","R","E","T","?","?","R","M","?","R","BOSS","M","?","?","M","M","E","M","R","T","R","$","?","$","M","R","BOSS"],"build_version":"2018-01-18-PROD4","purchased_purges":5,"victory":true,"master_deck":["Strike_R","Strike_R","Defend_R","Defend_R","Defend_R","Bash","Metallicize","Clothesline","Offering","Power Through","Pommel Strike","Shockwave","Barricade","Inflame","Metallicize","Evolve","True Grit","Dark Embrace","Sword Boomerang","Feed","Anger","Madness","Madness","Dropkick","Shrug It Off","Rampage","Body Slam","Flex"],"max_hp_per_floor":[72,72,72,72,72,72,72,72,72,72,72,72,72,72,72,72,72,72,72,72,72,72,72,72,72,72,72,72,86,86,86,86,86,86,90,90,90,90,94,94,94,94,94,94,94,94,101,101,101,101],"relics":["Burning Blood","Golden Idol","Girya","Frozen Egg","Paper Frog","Centennial Puzzle","Cursed Key","Tiny Chest","Bottled Flame","Shovel","Enchiridion","Mango","Prayer Wheel","Astrolabe","Bag of Marbles","Frozen Eye","Old Coin","Shuriken","Champion Belt","Lee\u0027s Waffle","Torii"],"campfire_meditates":0,"card_choices":[{"not_picked":["Uppercut","Bloodletting"],"picked":"Metallicize"},{"not_picked":["Cleave","Anger"],"picked":"Clothesline"},{"not_picked":["Sword Boomerang","Cleave"],"picked":"Offering"},{"not_picked":["Bloodletting","Body Slam"],"picked":"Power Through"},{"not_picked":["Clothesline","Clash"],"picked":"Pommel Strike"},{"not_picked":["Fire Breathing","Wild Strike"],"picked":"Shockwave"},{"not_picked":["Bludgeon","Impervious"],"picked":"Barricade"},{"not_picked":["Thunderclap","Seeing Red"],"picked":"Anger"},{"not_picked":["Metallicize","Twin Strike"],"picked":"Inflame"},{"not_picked":["Barricade","Inflame"],"picked":"Thunderclap"},{"not_picked":["Barricade","Clothesline"],"picked":"Metallicize"},{"not_picked":["Pummel","Cleave"],"picked":"Headbutt"},{"not_picked":["Armaments","Clash"],"picked":"True Grit"},{"not_picked":["Cleave","Flame Barrier"],"picked":"Anger"},{"not_picked":["Perfected Strike","Clash"],"picked":"Dropkick"},{"not_picked":["Pummel","Sword Boomerang"],"picked":"Shrug It Off"},{"not_picked":["Headbutt","Blood for Blood"],"picked":"Rampage"},{"not_picked":["Sword Boomerang","Bloodletting"],"picked":"Body Slam"},{"not_picked":["Rupture","True Grit"],"picked":"Flex"}],"player_experience":76406,"potions_floor_usage":[38,40,48,50,50],"damage_taken":[{"damage":3.0,"enemies":"Small Slimes","floor":1.0,"turns":5.0},{"damage":13.0,"enemies":"Blue Slaver","floor":3.0,"turns":5.0},{"damage":1.0,"enemies":"Cultist","floor":4.0,"turns":4.0},{"damage":2.0,"enemies":"Looter","floor":7.0,"turns":5.0},{"damage":14.0,"enemies":"Lagavulin","floor":8.0,"turns":9.0},{"damage":0.0,"enemies":"Large Slime","floor":11.0,"turns":10.0},{"damage":4.0,"enemies":"3 Sentries","floor":13.0,"turns":8.0},{"damage":4.0,"enemies":"3 Louse","floor":14.0,"turns":3.0},{"damage":30.0,"enemies":"Hexaghost","floor":16.0,"turns":13.0},{"damage":0,"enemies":"Chosen","floor":18,"turns":5},{"damage":4,"enemies":"3 Byrds","floor":19,"turns":6},{"damage":4,"enemies":"Centurion and Healer","floor":20,"turns":6},{"damage":4,"enemies":"Gremlin Leader","floor":23,"turns":4},{"damage":4,"enemies":"Book of Stabbing","floor":25,"turns":4},{"damage":0,"enemies":"Snecko","floor":30,"turns":5},{"damage":1,"enemies":"Sentry and Sphere","floor":31,"turns":5},{"damage":18,"enemies":"Collector","floor":33,"turns":8},{"damage":12,"enemies":"3 Shapes","floor":35,"turns":6},{"damage":13,"enemies":"3 Darklings","floor":38,"turns":6},{"damage":18,"enemies":"4 Shapes","floor":39,"turns":5},{"damage":17,"enemies":"2 Orb Walkers","floor":40,"turns":3},{"damage":4,"enemies":"Sphere and 2 Shapes","floor":41,"turns":3},{"damage":4,"enemies":"3 Darklings","floor":48,"turns":3},{"damage":57,"enemies":"Awakened One","floor":50,"turns":12}],"event_choices":[{"event_name":"Golden Idol","player_choice":"Take Damage","floor":2.0,"damage_taken":0.0},{"event_name":"Beggar","player_choice":"Gave Gold","floor":21,"damage_taken":0},{"event_name":"Back to Basics","player_choice":"Simplicity","floor":22,"damage_taken":0},{"event_name":"Cursed Tome","player_choice":"Obtained Book","floor":28,"damage_taken":0},{"event_name":"Winding Halls","player_choice":"Embrace Madness","floor":37,"damage_taken":0},{"event_name":"Tomb of Lord Red Mask","player_choice":"Ignored","floor":46,"damage_taken":0}],"boss_relics":[{"not_picked":["Velvet Choker","Philosopher\u0027s Stone"],"picked":"Astrolabe"}],"potions_floor_spawned":[1,3,4,19,33,38,39],"seed_played":"1759398889718303866","is_trial":false}