{"path_per_floor":["M","?","$","M","$","R","E","M","T","E","R","$","M","M","R","B",null,"M","?","M","M","M","R","E","R","T","M","R","$","E","?","R","B",null,"M","?","M","M"],"character_chosen":"IRONCLAD","items_purchased":["Vajra","Demon Form"],"gold_per_floor":[364,364,213,231,4,4,34,50,50,83,83,83,101,120,120,218,218,228,143,130,148,158,158,187,187,187,204,204,104,137,62,62,158,158,168,213,224,240],"floor_reached":39,"campfire_rested":2,"playtime":3812,"current_hp_per_floor":[46,80,80,80,80,80,76,80,80,79,79,79,80,80,80,52,80,80,80,74,66,57,80,61,61,61,55,79,79,56,56,56,37,80,80,64,39,16],"items_purged":["Strike_R","Strike_R"],"gold":240,"play_id":"81dd4b8e-fab7-440f-812d-a8d12c938bbb","is_prod":false,"is_daily":false,"is_ascension_mode":false,"campfire_upgraded":4,"path_taken":["M","?","$","M","$","R","E","?","T","E","R","$","M","M","R","BOSS","M","?","?","M","M","R","E","R","T","?","R","$","E","?","R","BOSS","M","?","M","M","M"],"build_version":"2018-01-25-BETA1","purchased_purges":3,"victory":false,"master_deck":["Strike_R","Strike_R","Defend_R+1","Defend_R","Defend_R","Bash+1","Headbutt","Uppercut+1","Demon Form+1","Anger+1","Juggernaut","Shrug It Off","Double Tap+1","Twin Strike+1","Heavy Blade+1","Berserk","Dropkick"],"max_hp_per_floor":[80,80,80,80,80,80,80,80,80,80,80,80,80,80,80,80,80,80,80,80,80,80,80,80,80,80,80,80,80,80,80,80,80,80,80,80,80,80],"relics":["Burning Blood","Vajra","Self Forming Clay","Orichalcum","Torii","Runic Pyramid","War Paint","Pantograph","Red Skull","Peace Pipe","Mark of Pain","Ice Cream"],"card_choices":[{"not_picked":["True Grit","Twin Strike"],"picked":"Headbutt"},{"not_picked":["Twin Strike","Headbutt"],"picked":"Uppercut"},{"not_picked":["Inflame","True Grit"],"picked":"Anger"},{"not_picked":["Thunderclap","Pommel Strike"],"picked":"Juggernaut"},{"not_picked":["Thunderclap","Twin Strike"],"picked":"Shrug It Off"},{"not_picked":["Impervious","Barricade"],"picked":"Double Tap"},{"not_picked":["Shockwave","Thunderclap"],"picked":"Twin Strike"},{"not_picked":["Seeing Red","Blood for Blood"],"picked":"Heavy Blade"},{"not_picked":["Demon Form","Double Tap"],"picked":"Berserk"},{"not_picked":["Flex","Thunderclap"],"picked":"Dropkick"}],"player_experience":15682,"potions_floor_usage":[14,16,20,30,33,36,36,39],"damage_taken":[{"damage":0,"enemies":"Cultist","floor":1,"turns":4},{"damage":6,"enemies":"Blue Slaver","floor":4,"turns":5},{"damage":10,"enemies":"Gremlin Nob","floor":7,"turns":3},{"damage":0,"enemies":"Small Slimes","floor":8,"turns":3},{"damage":7,"enemies":"Lagavulin","floor":10,"turns":5},{"damage":1,"enemies":"Looter","floor":13,"turns":2},{"damage":1,"enemies":"Lots of Slimes","floor":14,"turns":3},{"damage":34,"enemies":"Hexaghost","floor":16,"turns":8},{"damage":0,"enemies":"Chosen","floor":18,"turns":5},{"damage":12,"enemies":"2 Thieves","floor":20,"turns":4},{"damage":14,"enemies":"Centurion and Healer","floor":21,"turns":5},{"damage":15,"enemies":"Snake Plant","floor":22,"turns":4},{"damage":25,"enemies":"Gremlin Leader","floor":24,"turns":8},{"damage":12,"enemies":"3 Cultists","floor":27,"turns":4},{"damage":29,"enemies":"Slavers","floor":30,"turns":5},{"damage":49,"enemies":"Collector","floor":33,"turns":6},{"damage":1,"enemies":"3 Shapes","floor":35,"turns":4},{"damage":22,"enemies":"Mysterious Sphere","floor":36,"turns":4},{"damage":31,"enemies":"3 Darklings","floor":37,"turns":7},{"damage":29,"enemies":"Flame Bruiser 2 Orb","floor":38,"turns":5},{"damage":16,"enemies":"Maw","floor":39,"turns":2}],"event_choices":[{"event_name":"Wheel of Change","player_choice":"Full Heal","floor":2,"damage_taken":0},{"event_name":"Addict","player_choice":"Obtained Relic","floor":19,"damage_taken":0},{"event_name":"Beggar","player_choice":"Gave Gold","floor":31,"damage_taken":0},{"event_name":"Mysterious Sphere","player_choice":"Fight","floor":36,"damage_taken":0}],"boss_relics":[{"not_picked":["Tiny House","Question Card"],"picked":"Runic Pyramid"},{"not_picked":["Snecko Eye","Calling Bell"],"picked":"Mark of Pain"}],"potions_floor_spawned":[10,14,16,21,27,30,35,38],"seed_played":"-8165226662554434600","killed_by":"Maw","ascension_level":0,"is_trial":false}