{"path_per_floor":["M","?","?","M","M","E","?","R","T","$","M","E","M","M","R","B",null,"M","M","?","?","M","R","E","?","T","R","M","?","M","E","R","B",null,"M","$","?","?","$","M","R","M","T","E","?","R","M","M","R","B"],"character_chosen":"IRONCLAD","items_purchased":["Apotheosis","Lantern","Mummified Hand"],"gold_per_floor":[18,18,18,33,47,88,88,88,88,13,37,72,95,109,109,237,237,253,267,267,267,278,278,304,204,284,284,303,303,317,345,345,442,442,455,23,23,378,3,15,15,31,31,56,56,56,76,89,89,89],"floor_reached":51,"campfire_rested":3,"playtime":6137,"current_hp_per_floor":[80,80,60,60,57,51,39,67,67,67,64,52,58,64,92,38,94,91,92,92,92,89,89,73,73,78,78,86,86,88,67,94,66,94,94,94,94,94,94,93,93,94,94,88,78,78,86,94,94,79],"items_purged":["Defend_R","Strike_R","Defend_R"],"gold":89,"play_id":"df6902d2-0ac2-45c2-b9c9-059c68648562","is_prod":false,"is_daily":false,"is_ascension_mode":false,"campfire_upgraded":5,"path_taken":["M","?","?","?","M","E","?","R","T","$","M","E","?","M","R","BOSS","M","M","?","?","M","R","E","?","T","R","M","?","M","E","R","BOSS","M","$","?","?","$","M","R","?","T","E","?","R","M","M","R","BOSS"],"build_version":"2018-01-26-BETA1","purchased_purges":6,"victory":true,"master_deck":["Strike_R","Strike_R","Defend_R","Bash+1","Sever Soul","Pommel Strike+1","Second Wind","Dark Embrace+1","True Grit+1","Iron Wave","Fiend Fire","Dropkick","Iron Wave+1","Disarm","J.A.X.+1","True Grit+1","Clash","Apotheosis+1","Shrug It Off+1","Madness","Madness","Impervious"],"max_hp_per_floor":[80,80,80,80,80,94,94,94,94,94,94,94,94,94,94,94,94,94,94,94,94,94,94,94,94,94,94,94,94,94,94,94,94,94,94,94,94,94,94,94,94,94,94,94,94,94,94,94,94,94],"relics":["Burning Blood","Bloody Idol","Mango","Ornamental Fan","Bag of Marbles","Thread and Needle","Mark of Pain","Ancient Tea Set","Centennial Puzzle","Bag of Preparation","Runic Pyramid","Lantern","Old Coin","Mummified Hand","Charon\u0027s Ashes","Matryoshka"],"card_choices":[{"not_picked":["Disarm","Dual Wield"],"picked":"Pommel Strike"},{"not_picked":["Combust","Warcry"],"picked":"Second Wind"},{"not_picked":["Pummel","Second Wind"],"picked":"Dark Embrace"},{"not_picked":["Heavy Blade","Perfected Strike"],"picked":"True Grit"},{"not_picked":["Combust","Clothesline"],"picked":"Iron Wave"},{"not_picked":["Limit Break","Brutality"],"picked":"Fiend Fire"},{"not_picked":["Flex","Anger"],"picked":"Iron Wave"},{"not_picked":["Clothesline","Searing Blow"],"picked":"Disarm"},{"not_picked":["Offering","Shockwave"],"picked":"True Grit"},{"not_picked":["Body Slam","Seeing Red"],"picked":"Clash"},{"not_picked":["Body Slam","Perfected Strike"],"picked":"Shrug It Off"},{"not_picked":["Corruption","Twin Strike"],"picked":"Impervious"}],"player_experience":25957,"potions_floor_usage":[24,31,33,40,44,47,48,50],"damage_taken":[{"damage":6.0,"enemies":"2 Louse","floor":1.0,"turns":3.0},{"damage":6.0,"enemies":"Jaw Worm","floor":4.0,"turns":3.0},{"damage":9.0,"enemies":"Blue Slaver","floor":5.0,"turns":4.0},{"damage":26.0,"enemies":"3 Sentries","floor":6.0,"turns":12.0},{"damage":9.0,"enemies":"Large Slime","floor":11.0,"turns":6.0},{"damage":33.0,"enemies":"Lagavulin","floor":12.0,"turns":8.0},{"damage":0.0,"enemies":"Exordium Thugs","floor":13.0,"turns":5.0},{"damage":0.0,"enemies":"Lots of Slimes","floor":14.0,"turns":5.0},{"damage":60.0,"enemies":"Slime Boss","floor":16.0,"turns":16.0},{"damage":9,"enemies":"Chosen","floor":18,"turns":5},{"damage":5,"enemies":"Shell Parasite","floor":19,"turns":4},{"damage":14,"enemies":"Centurion and Healer","floor":22,"turns":5},{"damage":27,"enemies":"Gremlin Leader","floor":24,"turns":7},{"damage":3,"enemies":"Snake Plant","floor":28,"turns":2},{"damage":9,"enemies":"3 Cultists","floor":30,"turns":5},{"damage":47,"enemies":"Slavers","floor":31,"turns":7},{"damage":39,"enemies":"Collector","floor":33,"turns":9},{"damage":7,"enemies":"3 Darklings","floor":35,"turns":6},{"damage":9,"enemies":"Mysterious Sphere","floor":38,"turns":5},{"damage":12,"enemies":"3 Shapes","floor":40,"turns":6},{"damage":3,"enemies":"Spire Growth","floor":42,"turns":3},{"damage":17,"enemies":"Giant Head","floor":44,"turns":9},{"damage":3,"enemies":"Flame Bruiser 2 Orb","floor":47,"turns":3},{"damage":0,"enemies":"Sphere and 2 Shapes","floor":48,"turns":5},{"damage":21,"enemies":"Donu and Deca","floor":50,"turns":6}],"event_choices":[{"event_name":"The Cleric","player_choice":"Leave","floor":2.0,"damage_taken":0.0},{"event_name":"Golden Idol","player_choice":"Take Damage","floor":3.0,"damage_taken":0.0},{"event_name":"Scrap Ooze","player_choice":"success","floor":7.0,"damage_taken":12.0},{"event_name":"Forgotten Altar","player_choice":"Gave Idol","floor":20,"damage_taken":0},{"event_name":"Transmorgrifier","player_choice":"Transform","floor":21,"damage_taken":0},{"event_name":"Drug Dealer","player_choice":"Got JAXXED","floor":25,"damage_taken":0},{"event_name":"Upgrade Shrine","player_choice":"Upgraded","floor":29,"damage_taken":0},{"event_name":"Mysterious Sphere","player_choice":"Fight","floor":38,"damage_taken":0},{"event_name":"Winding Halls","player_choice":"Embrace Madness","floor":45,"damage_taken":0}],"boss_relics":[{"not_picked":["Lizard Tail","Snecko Eye"],"picked":"Runic Pyramid"}],"potions_floor_spawned":[1,5,11,13,18,22,31,33,35,42,44,47],"seed_played":"5297701656230714226","ascension_level":0,"is_trial":false}