{"path_per_floor":["M","M","M","M","?","E","M","R","T","$","?","E","R","M","R","B",null],"character_chosen":"IRONCLAD","items_purchased":["Sentinel"],"gold_per_floor":[116,136,155,167,167,196,211,211,211,65,65,93,93,103,103,206,206],"floor_reached":18,"campfire_rested":3,"playtime":1981,"current_hp_per_floor":[68,66,66,52,52,10,10,40,40,40,33,6,36,47,77,51,80],"items_purged":["Defend_R"],"gold":206,"play_id":"f07a2f6a-0b09-4ba1-bc34-a9ead59386e8","is_prod":false,"is_daily":false,"is_ascension_mode":true,"campfire_upgraded":0,"path_taken":["M","?","M","M","?","E","?","R","T","$","?","E","R","M","R","BOSS","M"],"build_version":"2018-02-01-BETA1","purchased_purges":2,"victory":false,"master_deck":["Strike_R","Strike_R","Strike_R","Defend_R","Defend_R","Defend_R","Bash","Shrug It Off","Anger","Thunderclap","True Grit","Offering","Second Wind","Reaper","Sentinel","Spot Weakness","Evolve","Offering"],"max_hp_per_floor":[80,80,80,80,80,80,80,80,80,80,80,80,80,80,80,80,80],"relics":["Eternal Feather","Prayer Wheel","Frozen Eye","Pantograph","Runic Pyramid"],"card_choices":[{"not_picked":["Body Slam","Armaments"],"picked":"Shrug It Off"},{"not_picked":["Blood for Blood","Corruption"],"picked":"Anger"},{"not_picked":["Armaments","Wild Strike"],"picked":"Thunderclap"},{"not_picked":["Power Through","Reckless Charge"],"picked":"True Grit"},{"not_picked":["Flame Barrier","Perfected Strike"],"picked":"Second Wind"},{"not_picked":["Sword Boomerang","True Grit"],"picked":"Reaper"},{"not_picked":["Iron Wave","Flame Barrier"],"picked":"Spot Weakness"},{"not_picked":["Iron Wave","Pummel"],"picked":"Evolve"},{"not_picked":["Brutality","Double Tap"],"picked":"Offering"}],"player_experience":84710,"potions_floor_usage":[4,7,14,16,18],"damage_taken":[{"damage":12,"enemies":"Blue Slaver","floor":1,"turns":7},{"damage":2,"enemies":"2 Louse","floor":2,"turns":3},{"damage":0,"enemies":"Cultist","floor":3,"turns":4},{"damage":23,"enemies":"Lots of Slimes","floor":4,"turns":4},{"damage":42,"enemies":"Lagavulin","floor":6,"turns":8},{"damage":0,"enemies":"3 Louse","floor":7,"turns":2},{"damage":39,"enemies":"3 Sentries","floor":12,"turns":11},{"damage":12,"enemies":"Large Slime","floor":14,"turns":9},{"damage":50,"enemies":"Slime Boss","floor":16,"turns":14},{"damage":90,"enemies":"Chosen","floor":18,"turns":8}],"event_choices":[{"event_name":"Transmorgrifier","player_choice":"Transform","floor":5,"damage_taken":0},{"event_name":"Golden Wing","player_choice":"Card Removal","floor":11,"damage_taken":0}],"boss_relics":[{"not_picked":["Snecko Eye","Cursed Key"],"picked":"Runic Pyramid"}],"potions_floor_spawned":[3,6,7,12,16],"seed_played":"-6354129384732943745","killed_by":"Chosen","ascension_level":2,"is_trial":false}