{"path_per_floor":["M","?","M","?","M","E","R","E","T","$","E","?","$","E","R","B",null,"M","M","?","?","?","R","E","?","T","$","?","E","R","?","R","B",null,"M","M","$","?","?","$","R","E","T","M","R","T","?","M","R","B"],"character_chosen":"IRONCLAD","items_purchased":["Vajra"],"gold_per_floor":[117,117,127,127,144,174,174,208,231,156,183,183,83,115,115,213,213,227,237,237,237,162,162,197,197,267,217,217,242,242,242,242,337,337,357,368,318,318,318,124,124,153,153,171,171,171,171,189,189,189],"floor_reached":51,"campfire_rested":0,"playtime":3267,"current_hp_per_floor":[80,80,79,72,72,62,62,62,69,69,69,69,69,69,69,87,105,94,94,94,100,100,100,85,69,69,69,54,54,54,54,54,82,116,98,96,96,96,116,116,116,66,66,66,66,66,66,60,60,94],"items_purged":["Strike_R","Strike_R","Clumsy","Evolve","Seeing Red"],"gold":189,"play_id":"3d84e133-cd66-4695-b494-2d3c6e66b1c3","is_prod":false,"is_daily":false,"is_ascension_mode":true,"campfire_upgraded":4,"path_taken":["M","?","?","?","?","E","R","E","T","$","E","?","?","E","R","BOSS","M","M","?","?","?","R","E","?","T","$","?","E","R","?","R","BOSS","M","M","?","?","?","$","R","E","T","M","R","?","?","M","R","BOSS"],"build_version":"2018-01-31-BETA3","purchased_purges":6,"victory":true,"master_deck":["Defend_R","Bash+1","Clothesline+1","Flame Barrier+1","Demon Form+1","Rampage+1","Bludgeon+1","Deep Breath+1"],"max_hp_per_floor":[80,80,80,80,80,80,80,80,87,87,87,87,87,87,87,87,105,105,105,105,111,111,111,111,111,111,111,116,116,116,116,116,116,116,116,116,116,116,116,116,116,116,116,116,116,116,116,116,116,116],"relics":["Snecko Eye","Torii","Juzu Bracelet","Strawberry","Pantograph","Darkstone Periapt","Calling Bell","Peace Pipe","Sundial","Orichalcum","Omamori","Smiling Mask","Necronomicon","Bottled Lightning","Magic Flower","Astrolabe","Vajra","Regal Pillow","Calipers","Prayer Wheel"],"card_choices":[{"not_picked":["Wild Strike","Sever Soul"],"picked":"Clothesline"},{"not_picked":["Pummel","Seeing Red"],"picked":"Flame Barrier"},{"not_picked":["Flex","Twin Strike"],"picked":"Demon Form"},{"not_picked":["Iron Wave","Shrug It Off"],"picked":"Rampage"},{"not_picked":["Anger","Body Slam"],"picked":"Bludgeon"}],"player_experience":64267,"potions_floor_usage":[6,11,18,24,29,33,33,48],"damage_taken":[{"damage":0,"enemies":"2 Louse","floor":1,"turns":2},{"damage":1,"enemies":"Cultist","floor":3,"turns":3},{"damage":0,"enemies":"Small Slimes","floor":5,"turns":2},{"damage":10,"enemies":"Gremlin Nob","floor":6,"turns":3},{"damage":0,"enemies":"Lagavulin","floor":8,"turns":7},{"damage":0,"enemies":"3 Sentries","floor":11,"turns":7},{"damage":0,"enemies":"Lagavulin","floor":14,"turns":4},{"damage":0,"enemies":"Slime Boss","floor":16,"turns":6},{"damage":11,"enemies":"3 Byrds","floor":18,"turns":4},{"damage":0,"enemies":"Spheric Guardian","floor":19,"turns":3},{"damage":15,"enemies":"Gremlin Leader","floor":24,"turns":5},{"damage":0,"enemies":"Book of Stabbing","floor":29,"turns":3},{"damage":10,"enemies":"Collector","floor":33,"turns":6},{"damage":18,"enemies":"3 Darklings","floor":35,"turns":5},{"damage":2,"enemies":"Orb Walker","floor":36,"turns":3},{"damage":50,"enemies":"Nemesis","floor":42,"turns":7},{"damage":0,"enemies":"3 Darklings","floor":44,"turns":3},{"damage":6,"enemies":"Spire Growth","floor":48,"turns":2},{"damage":4,"enemies":"Awakened One","floor":50,"turns":7}],"event_choices":[{"event_name":"Upgrade Shrine","player_choice":"Upgraded","floor":2,"damage_taken":0},{"event_name":"Golden Wing","player_choice":"Card Removal","floor":4,"damage_taken":0},{"event_name":"The Lab","player_choice":"Got Potions","floor":12,"damage_taken":0},{"event_name":"Purifier","player_choice":"One Purge","floor":20,"damage_taken":0},{"event_name":"The Mausoleum","player_choice":"Yes","floor":21,"damage_taken":0},{"event_name":"Beggar","player_choice":"Gave Gold","floor":22,"damage_taken":0},{"event_name":"Cursed Tome","player_choice":"Obtained Book","floor":25,"damage_taken":0},{"event_name":"Forgotten Altar","player_choice":"Shed Blood","floor":28,"damage_taken":0},{"event_name":"Vampires","player_choice":"Ignored","floor":31,"damage_taken":0},{"event_name":"Accursed Blacksmith","player_choice":"Forge","floor":38,"damage_taken":0},{"event_name":"Winding Halls","player_choice":"Writhe","floor":39,"damage_taken":0},{"event_name":"Match and Keep!","player_choice":"1 cards matched","floor":47,"damage_taken":0}],"boss_relics":[{"not_picked":["Sozu","Lizard Tail"],"picked":"Calling Bell"},{"not_picked":["Runic Cube","Velvet Choker"],"picked":"Astrolabe"}],"potions_floor_spawned":[1,5,8,14,18,29,33,36,42,48],"seed_played":"4628084602693908566","ascension_level":1,"is_trial":false}