{"path_per_floor":["M","?","M","M","?","E","R","M","T","R","?","M","M","$","R","B",null,"M","?","M","$","M","R","?","R","T","R","E","?","$"],"character_chosen":"IRONCLAD","items_purchased":["Pantograph","Brutality"],"gold_per_floor":[116,116,132,155,155,199,199,219,219,219,219,243,259,17,17,138,138,157,157,176,101,115,115,115,115,197,197,235,150,78],"floor_reached":31,"campfire_rested":5,"playtime":2490,"current_hp_per_floor":[76,76,67,64,64,49,73,44,44,68,61,48,30,30,54,67,80,65,65,31,31,15,39,39,55,55,55,28,28,28],"items_purged":["Strike_R"],"gold":78,"score":304,"play_id":"a85e3751-2c59-477b-bcf1-da2735cf154c","is_prod":false,"is_daily":false,"is_ascension_mode":true,"campfire_upgraded":1,"path_taken":["M","?","?","M","?","E","R","M","T","R","?","?","M","$","R","BOSS","M","?","M","$","M","R","?","R","T","R","E","?","?","M"],"build_version":"2018-02-05-BETA1","purchased_purges":1,"victory":false,"master_deck":["Defend_R","Defend_R","Defend_R","Defend_R","Bash+1","Writhe","Clumsy","Spot Weakness","Injury","True Grit","Feel No Pain","Rupture","Warcry","Limit Break","Limit Break","Pommel Strike","Writhe","Bite","Bite","Bite","Bite","Bite","Brutality"],"max_hp_per_floor":[80,80,80,80,80,80,80,80,80,80,80,80,80,80,80,80,80,80,80,80,80,80,80,56,56,56,56,56,56,56],"relics":["Calling Bell","Blue Candle","Self Forming Clay","Thread and Needle","Golden Idol","Bag of Preparation","Champion Belt","Pantograph","Philosopher\u0027s Stone","Orichalcum","Centennial Puzzle","Juzu Bracelet","Girya"],"card_choices":[{"not_picked":["Flex","Wild Strike"],"picked":"Spot Weakness"},{"not_picked":["Impervious","Armaments"],"picked":"True Grit"},{"not_picked":["Pommel Strike","Feel No Pain"],"picked":"Rupture"},{"not_picked":["Feel No Pain","Cleave"],"picked":"Warcry"},{"not_picked":["Clothesline","Flex"],"picked":"Limit Break"},{"not_picked":["Berserk","Feed"],"picked":"Limit Break"},{"not_picked":["True Grit","Hemokinesis"],"picked":"Pommel Strike"}],"player_experience":112337,"potions_floor_usage":[16,16,16,22,28],"damage_taken":[{"damage":4,"enemies":"2 Louse","floor":1,"turns":3},{"damage":9,"enemies":"Jaw Worm","floor":3,"turns":4},{"damage":3,"enemies":"Small Slimes","floor":4,"turns":3},{"damage":15,"enemies":"Gremlin Nob","floor":6,"turns":5},{"damage":29,"enemies":"Gremlin Gang","floor":8,"turns":8},{"damage":13,"enemies":"Large Slime","floor":12,"turns":8},{"damage":18,"enemies":"Lots of Slimes","floor":13,"turns":4},{"damage":12,"enemies":"Slime Boss","floor":16,"turns":8},{"damage":15,"enemies":"2 Thieves","floor":18,"turns":4},{"damage":34,"enemies":"Spheric Guardian","floor":20,"turns":7},{"damage":16,"enemies":"Centurion and Healer","floor":22,"turns":7},{"damage":44,"enemies":"Slavers","floor":28,"turns":6},{"damage":48,"enemies":"Chosen and Byrds","floor":31,"turns":6}],"event_choices":[{"event_name":"Golden Idol","player_choice":"Take Wound","floor":2,"damage_taken":0},{"event_name":"Transmorgrifier","player_choice":"Transform","floor":5,"damage_taken":0},{"event_name":"Golden Wing","player_choice":"Card Removal","floor":11,"damage_taken":0},{"event_name":"The Mausoleum","player_choice":"Yes","floor":19,"damage_taken":0},{"event_name":"Vampires","player_choice":"Became a vampire","floor":24,"damage_taken":0},{"event_name":"Addict","player_choice":"Obtained Relic","floor":29,"damage_taken":0}],"boss_relics":[{"not_picked":["Black Star","Eternal Feather"],"picked":"Philosopher\u0027s Stone"}],"potions_floor_spawned":[6,12,13,20,22],"seed_played":"5233820280992039962","killed_by":"Chosen and Byrds","ascension_level":2,"is_trial":false}