{"path_per_floor":["M","M","$","M","?","E","M","R","T","M","R","M","E","?","R","B",null,"M","$","?","?","?","E","R","M","T","M"],"character_chosen":"IRONCLAD","items_purchased":["Omamori","Frozen Egg","Feel No Pain"],"gold_per_floor":[359,372,142,154,154,182,198,198,498,518,518,532,564,564,564,659,659,675,352,352,252,177,210,210,226,226,240],"floor_reached":28,"campfire_rested":3,"playtime":2431,"current_hp_per_floor":[46,39,39,44,44,40,28,52,52,43,67,63,35,35,59,22,80,66,66,66,66,66,42,42,30,30,9],"items_purged":["Strike_R","Strike_R"],"gold":240,"play_id":"061c466e-554b-475a-9de3-e0fe3e698e6c","is_prod":false,"is_daily":false,"is_ascension_mode":false,"campfire_upgraded":1,"path_taken":["M","M","$","M","?","E","M","R","T","M","R","M","E","?","R","BOSS","M","$","?","?","?","E","R","?","T","M","M"],"build_version":"2018-01-26-BETA1","purchased_purges":2,"victory":false,"master_deck":["Strike_R","Strike_R","Defend_R","Defend_R","Bash","Pommel Strike+1","Flex","Burning Pact","Fiend Fire","Clothesline","Demon Form+1","Limit Break","Spot Weakness+1","Feel No Pain","True Grit+1","J.A.X.","Thunderclap+1","Battle Trance"],"max_hp_per_floor":[80,80,80,80,80,80,80,80,80,80,80,80,80,80,80,80,80,80,80,80,80,80,80,80,80,80,80],"relics":["Burning Blood","Omamori","Toolbox","Old Coin","Matryoshka","Mark of Pain","Frozen Egg","Vajra","Prayer Wheel","Molten Egg"],"card_choices":[{"not_picked":["Body Slam","Warcry"],"picked":"Pommel Strike"},{"not_picked":["Berserk","Iron Wave"],"picked":"Flex"},{"not_picked":["Cleave","Reckless Charge"],"picked":"Burning Pact"},{"not_picked":["Sever Soul","Heavy Blade"],"picked":"Fiend Fire"},{"not_picked":["True Grit","Clash"],"picked":"Clothesline"},{"not_picked":["Barricade","Second Wind"],"picked":"Demon Form"},{"not_picked":["Barricade","Impervious"],"picked":"Limit Break"},{"not_picked":["Sword Boomerang","Heavy Blade"],"picked":"Spot Weakness"},{"not_picked":["Perfected Strike","Headbutt"],"picked":"Thunderclap"},{"not_picked":["True Grit","Armaments"],"picked":"Battle Trance"}],"player_experience":33565,"potions_floor_usage":[6,7,13,18,23,27],"damage_taken":[{"damage":0,"enemies":"Cultist","floor":1,"turns":4},{"damage":13,"enemies":"Blue Slaver","floor":2,"turns":9},{"damage":1,"enemies":"2 Louse","floor":4,"turns":3},{"damage":10,"enemies":"Gremlin Nob","floor":6,"turns":3},{"damage":18,"enemies":"Exordium Thugs","floor":7,"turns":6},{"damage":19,"enemies":"Large Slime","floor":10,"turns":8},{"damage":10,"enemies":"3 Louse","floor":12,"turns":3},{"damage":34,"enemies":"Lagavulin","floor":13,"turns":8},{"damage":43,"enemies":"Hexaghost","floor":16,"turns":11},{"damage":20,"enemies":"Shell Parasite","floor":18,"turns":4},{"damage":30,"enemies":"Book of Stabbing","floor":23,"turns":4},{"damage":18,"enemies":"3 Byrds","floor":25,"turns":4},{"damage":27,"enemies":"Slaver and Parasite","floor":27,"turns":4},{"damage":10,"enemies":"Snake Plant","floor":28,"turns":2}],"event_choices":[{"event_name":"Purifier","player_choice":"One Purge","floor":5,"damage_taken":0},{"event_name":"Living Wall","player_choice":"Forget","floor":14,"damage_taken":0},{"event_name":"The Library","player_choice":"Read","floor":20,"damage_taken":0},{"event_name":"Drug Dealer","player_choice":"Got JAXXED","floor":21,"damage_taken":0},{"event_name":"Beggar","player_choice":"Gave Gold","floor":22,"damage_taken":0}],"boss_relics":[{"not_picked":["Snecko Eye","Lizard Tail"],"picked":"Mark of Pain"}],"potions_floor_spawned":[1,2,6,13,18,25],"seed_played":"377501220969854382","killed_by":"Snake Plant","ascension_level":0,"is_trial":false}