{"path_per_floor":["M","?","M","M","?","E","M","R","T","$","E","M","E","?","R","B",null,"M","M","?","?","M","R","E","?","T","?","M","E","M","M","R","B",null,"M","?","$","M","$"],"character_chosen":"IRONCLAD","items_purchased":["Flash of Steel","Thunderclap","Paper Frog"],"gold_per_floor":[113,188,199,215,165,197,207,207,257,50,77,92,121,121,121,226,226,239,251,176,91,102,102,129,129,129,229,242,267,284,302,302,404,404,420,465,113,123,123],"floor_reached":40,"campfire_rested":1,"playtime":4245,"current_hp_per_floor":[80,69,70,69,69,60,63,63,63,63,65,75,73,73,73,23,83,74,49,49,49,40,80,66,66,66,66,72,76,83,90,90,84,101,101,89,89,89,89],"items_purged":["Defend_R","Writhe"],"gold":123,"play_id":"4bc79f73-36ad-4dcb-b692-a4ea421bf695","is_prod":false,"is_daily":false,"is_ascension_mode":true,"campfire_upgraded":3,"path_taken":["M","?","?","M","?","E","M","R","T","$","E","M","E","?","R","BOSS","M","M","?","?","M","R","E","?","T","?","M","E","M","M","R","BOSS","M","?","$","M","?","E"],"build_version":"2018-01-26-BETA1","purchased_purges":2,"victory":false,"master_deck":["Strike_R","Strike_R","Defend_R+1","Defend_R","Bash+1","Headbutt","Metallicize+1","Clash","Flash of Steel","Thunderclap","Feed","Flex+1","Barricade+1","Offering+1","Disarm+1","Reckless Charge+1","Flame Barrier+1","Metallicize+1"],"max_hp_per_floor":[80,80,80,80,80,80,80,80,80,80,80,83,83,83,83,83,83,83,83,83,83,86,86,89,89,89,89,92,92,95,98,98,101,101,101,104,104,107,107],"relics":["Black Blood","Prayer Wheel","Blood Vial","Self Forming Clay","Regal Pillow","Unceasing Top","Astrolabe","War Paint","Bronze Scales","Happy Flower","Gambling Chip","Dodecahedron","Frozen Eye","Paper Frog"],"card_choices":[{"not_picked":["Shrug It Off","Clothesline"],"picked":"Headbutt"},{"not_picked":["True Grit","Uppercut"],"picked":"Metallicize"},{"not_picked":["Shockwave","Headbutt"],"picked":"Clash"},{"not_picked":["Perfected Strike","Thunderclap"],"picked":"Feed"},{"not_picked":["Sever Soul","Anger"],"picked":"Flex"},{"not_picked":["Dark Embrace","Fiend Fire"],"picked":"Barricade"},{"not_picked":["Corruption","Fire Breathing"],"picked":"Flame Barrier"},{"not_picked":["Hemokinesis","Warcry"],"picked":"Metallicize"}],"player_experience":44175,"potions_floor_usage":[6,11,16,16,18,24,31,33,33,33,36,40],"damage_taken":[{"damage":1,"enemies":"Cultist","floor":1,"turns":3},{"damage":5,"enemies":"2 Louse","floor":3,"turns":2},{"damage":7,"enemies":"Small Slimes","floor":4,"turns":3},{"damage":15,"enemies":"Lagavulin","floor":6,"turns":7},{"damage":3,"enemies":"2 Fungi Beasts","floor":7,"turns":4},{"damage":6,"enemies":"3 Sentries","floor":11,"turns":5},{"damage":1,"enemies":"Looter","floor":12,"turns":3},{"damage":10,"enemies":"Lagavulin","floor":13,"turns":6},{"damage":73,"enemies":"The Guardian","floor":16,"turns":13},{"damage":15,"enemies":"Shell Parasite","floor":18,"turns":4},{"damage":33,"enemies":"Spheric Guardian","floor":19,"turns":4},{"damage":20,"enemies":"Snecko","floor":22,"turns":7},{"damage":25,"enemies":"Slavers","floor":24,"turns":5},{"damage":5,"enemies":"3 Cultists","floor":28,"turns":5},{"damage":4,"enemies":"Book of Stabbing","floor":29,"turns":6},{"damage":4,"enemies":"Snake Plant","floor":30,"turns":2},{"damage":4,"enemies":"Chosen and Byrds","floor":31,"turns":9},{"damage":17,"enemies":"Collector","floor":33,"turns":12},{"damage":4,"enemies":"Orb Walker","floor":35,"turns":2},{"damage":25,"enemies":"Mysterious Sphere","floor":36,"turns":8},{"damage":15,"enemies":"3 Darklings","floor":38,"turns":5},{"damage":122,"enemies":"2 Orb Walkers","floor":40,"turns":8}],"event_choices":[{"event_name":"World of Goop","player_choice":"Gather Gold","floor":2,"damage_taken":0},{"event_name":"The Cleric","player_choice":"Card Removal","floor":5,"damage_taken":0},{"event_name":"Big Fish","player_choice":"Box","floor":14,"damage_taken":0},{"event_name":"Beggar","player_choice":"Gave Gold","floor":20,"damage_taken":0},{"event_name":"Addict","player_choice":"Obtained Relic","floor":21,"damage_taken":0},{"event_name":"The Mausoleum","player_choice":"Yes","floor":25,"damage_taken":0},{"event_name":"Golden Shrine","player_choice":"Pray","floor":27,"damage_taken":0},{"event_name":"Mysterious Sphere","player_choice":"Fight","floor":36,"damage_taken":0}],"boss_relics":[{"not_picked":["Eternal Feather","Calling Bell"],"picked":"Astrolabe"},{"not_picked":["Runic Dome","Cursed Key"],"picked":"Black Blood"}],"potions_floor_spawned":[3,7,11,13,16,22,24,28,30,31,35,38],"seed_played":"3619526805016480299","killed_by":"2 Orb Walkers","ascension_level":1,"is_trial":false}