{"path_per_floor":["M","M","M","?","?","R","E","M","T","?","R","E","M","M","R","B",null,"M","$","M","M","M","R","E","R","T","R","?","?","$","?","R","B",null,"M","M","M","$","M","R","?","R","T"],"character_chosen":"IRONCLAD","items_purchased":["Kunai"],"gold_per_floor":[118,133,148,148,148,148,180,193,193,220,220,246,258,273,273,368,368,386,65,78,96,108,108,135,135,135,135,135,135,35,35,65,169,169,189,200,214,89,106,106,106,106,133],"floor_reached":44,"campfire_rested":3,"playtime":2581,"current_hp_per_floor":[65,65,65,65,70,70,57,55,55,46,71,68,65,52,52,37,73,66,66,49,54,53,80,57,57,57,57,57,87,87,87,87,78,90,91,80,67,67,62,92,92,92,92],"items_purged":["Strike_R","Strike_R","Anger"],"gold":133,"score":529,"play_id":"80468e5d-cb7e-4f1f-8553-af6dd1edf444","is_prod":false,"is_daily":false,"is_ascension_mode":true,"campfire_upgraded":3,"path_taken":["M","M","M","?","?","R","E","M","T","?","R","E","M","M","R","BOSS","M","$","M","M","M","R","E","R","T","R","?","?","$","?","R","BOSS","M","M","M","$","M","R","?","R","T","E"],"build_version":"2018-02-08-BETA1","purchased_purges":3,"victory":false,"master_deck":["Strike_R","Strike_R","Strike_R","Defend_R","Defend_R","Defend_R+1","Defend_R","Bash+1","Limit Break+1","Ghostly Armor+1","Demon Form+1","Shrug It Off","Feed","Dropkick+1","Impervious","Metallicize","True Grit+1","Impervious+1"],"max_hp_per_floor":[80,80,80,80,85,85,85,85,85,85,85,85,85,85,85,85,85,85,85,88,88,91,91,91,91,91,91,91,91,91,91,91,94,94,97,97,100,100,103,103,103,103,103],"relics":["White Beast Statue","Dream Catcher","Meat on the Bone","Odd Mushroom","Bag of Marbles","Velvet Choker","Kunai","Omamori","Shovel","Art of War","Tiny Chest","Cursed Key","Prayer Wheel","War Paint"],"card_choices":[{"not_picked":["Flame Barrier","Havoc"],"picked":"Anger"},{"not_picked":["Disarm","Heavy Blade"],"picked":"Limit Break"},{"not_picked":["Cleave","Searing Blow"],"picked":"Ghostly Armor"},{"not_picked":["Limit Break","Headbutt"],"picked":"Demon Form"},{"not_picked":["Infernal Blade","Rupture"],"picked":"Shrug It Off"},{"not_picked":["Barricade","Brutality"],"picked":"Feed"},{"not_picked":["Ghostly Armor","Wild Strike"],"picked":"Dropkick"},{"not_picked":["Limit Break","Barricade"],"picked":"Impervious"},{"not_picked":["Power Through","Body Slam"],"picked":"Metallicize"},{"not_picked":["Corruption","Heavy Blade"],"picked":"True Grit"}],"player_experience":165387,"potions_floor_usage":[3,7,10,12,13,13,16,18,18,21,21,22,24,33,36,37,39,44,44,44],"damage_taken":[{"damage":7,"enemies":"Jaw Worm","floor":1,"turns":4},{"damage":0,"enemies":"Small Slimes","floor":2,"turns":3},{"damage":0,"enemies":"2 Louse","floor":3,"turns":1},{"damage":13,"enemies":"Gremlin Nob","floor":7,"turns":5},{"damage":2,"enemies":"2 Fungi Beasts","floor":8,"turns":4},{"damage":9,"enemies":"The Mushroom Lair","floor":10,"turns":4},{"damage":18,"enemies":"3 Sentries","floor":12,"turns":8},{"damage":3,"enemies":"Large Slime","floor":13,"turns":8},{"damage":25,"enemies":"Exordium Wildlife","floor":14,"turns":8},{"damage":27,"enemies":"Hexaghost","floor":16,"turns":8},{"damage":7,"enemies":"Chosen","floor":18,"turns":4},{"damage":20,"enemies":"Spheric Guardian","floor":20,"turns":5},{"damage":7,"enemies":"Snecko","floor":21,"turns":7},{"damage":16,"enemies":"Centurion and Healer","floor":22,"turns":5},{"damage":23,"enemies":"Gremlin Leader","floor":24,"turns":5},{"damage":12,"enemies":"Champ","floor":33,"turns":6},{"damage":2,"enemies":"3 Shapes","floor":35,"turns":10},{"damage":11,"enemies":"Orb Walker","floor":36,"turns":5},{"damage":16,"enemies":"4 Shapes","floor":37,"turns":10},{"damage":20,"enemies":"Sphere and 2 Shapes","floor":39,"turns":7},{"damage":96,"enemies":"2 Orb Walkers","floor":44,"turns":6}],"event_choices":[{"event_name":"Living Wall","player_choice":"Grow","floor":4,"damage_taken":0},{"event_name":"Big Fish","player_choice":"Donut","floor":5,"damage_taken":0},{"event_name":"Mushrooms","player_choice":"Fought Mushrooms","floor":10,"damage_taken":0},{"event_name":"The Mausoleum","player_choice":"No","floor":28,"damage_taken":0},{"event_name":"The Library","player_choice":"Heal","floor":29,"damage_taken":0},{"event_name":"Drug Dealer","player_choice":"Ignored","floor":31,"damage_taken":0},{"event_name":"Duplicator","player_choice":"One dupe","floor":41,"damage_taken":0}],"boss_relics":[{"not_picked":["Calling Bell","Lizard Tail"],"picked":"Velvet Choker"},{"not_picked":["Runic Cube","Black Star"],"picked":"Cursed Key"}],"potions_floor_spawned":[1,2,3,7,8,10,12,13,14,16,18,20,21,22,24,33,35,36,37,39],"seed_played":"-7503009834441217300","killed_by":"2 Orb Walkers","ascension_level":6,"is_trial":false}