{"path_per_floor":["M","?","M","$","M","R","M","M","T","$","M","$","?","M","R","B",null,"M","M","?","M","M","R","E","R","T","E","M","T","R","M","R","B",null,"M","?","M","M","M","R","?","R","T","M","?","R","$","M","R","B"],"character_chosen":"IRONCLAD","items_purchased":["Toxic Egg 2","Ornamental Fan","Bronze Scales","Finesse"],"gold_per_floor":[117,292,304,58,75,75,92,107,107,32,45,45,45,60,60,159,159,173,183,183,201,219,219,253,253,253,286,298,298,298,317,317,420,420,437,437,450,461,471,471,471,471,471,486,535,535,46,65,65,65],"floor_reached":51,"campfire_rested":2,"playtime":4656,"current_hp_per_floor":[80,80,80,80,80,80,80,65,65,65,69,69,69,74,74,8,80,71,70,70,80,67,67,30,54,54,51,70,70,70,80,80,66,80,80,80,71,80,80,80,70,70,70,77,55,79,79,80,80,71],"items_purged":["Doubt"],"gold":65,"score":580,"play_id":"72cbe6a0-f7b6-4f08-9af1-562f710ba89d","is_prod":false,"is_daily":false,"is_ascension_mode":true,"campfire_upgraded":8,"path_taken":["M","?","?","$","M","R","M","M","T","?","M","$","?","M","R","BOSS","M","M","?","M","?","R","E","R","T","E","M","?","R","M","R","BOSS","M","?","?","M","M","R","?","R","T","M","?","R","$","?","R","BOSS"],"build_version":"2018-02-08-BETA1","purchased_purges":2,"victory":true,"master_deck":["Bash+1","Flex+1","Dual Wield+1","True Grit+1","Intimidate+1","Shrug It Off+1","Warcry+1","Reaper+1","Clash+1","Havoc+1","Body Slam+1","Warcry+1","Headbutt+1","Flex+1","Feel No Pain+1","True Grit+1","Brutality+1","Sentinel+1","Sentinel+1","Rupture+1","Madness+1","Madness+1","Metallicize+1","Finesse+1"],"max_hp_per_floor":[80,80,80,80,80,80,80,80,80,80,80,80,80,80,80,80,80,80,80,80,80,80,80,80,80,80,80,80,80,80,80,80,80,80,80,80,80,80,80,80,80,80,80,80,80,80,80,80,80,80],"relics":["Burning Blood","NeowsBlessing","Toxic Egg 2","Torii","Pandora\u0027s Box","Letter Opener","Calipers","Ancient Tea Set","Mummified Hand","Astrolabe","Charon\u0027s Ashes","Magic Flower","Ornamental Fan","Bronze Scales"],"card_choices":[{"not_picked":["Burning Pact","Pummel"],"picked":"Flex"},{"not_picked":["Cleave","Heavy Blade"],"picked":"Pummel"},{"not_picked":["Flex","Sever Soul"],"picked":"Dual Wield"},{"not_picked":["Clothesline","Battle Trance"],"picked":"True Grit"},{"not_picked":["Evolve","Heavy Blade"],"picked":"Intimidate"},{"not_picked":["Infernal Blade","Brutality"],"picked":"Shrug It Off"},{"not_picked":["Infernal Blade","Clothesline"],"picked":"Warcry"},{"not_picked":["Juggernaut","Immolate"],"picked":"Reaper"},{"not_picked":["Power Through","Cleave"],"picked":"Flex"},{"not_picked":["Thunderclap","Whirlwind"],"picked":"Feel No Pain"},{"not_picked":["Cleave","Thunderclap"],"picked":"True Grit"},{"not_picked":["Demon Form","Fiend Fire"],"picked":"Brutality"},{"not_picked":["Twin Strike","Battle Trance"],"picked":"Metallicize"}],"player_experience":128178,"potions_floor_usage":[39,50,50,50],"damage_taken":[{"damage":0.0,"enemies":"Cultist","floor":1.0,"turns":1.0},{"damage":0.0,"enemies":"2 Louse","floor":3.0,"turns":1.0},{"damage":0.0,"enemies":"Blue Slaver","floor":5.0,"turns":1.0},{"damage":0.0,"enemies":"2 Fungi Beasts","floor":7.0,"turns":2.0},{"damage":21.0,"enemies":"Exordium Thugs","floor":8.0,"turns":6.0},{"damage":2.0,"enemies":"Red Slaver","floor":11.0,"turns":3.0},{"damage":1.0,"enemies":"3 Louse","floor":14.0,"turns":6.0},{"damage":72.0,"enemies":"The Guardian","floor":16.0,"turns":18.0},{"damage":15.0,"enemies":"Shell Parasite","floor":18.0,"turns":3.0},{"damage":16.0,"enemies":"2 Thieves","floor":19.0,"turns":3.0},{"damage":9.0,"enemies":"Centurion and Healer","floor":21.0,"turns":3.0},{"damage":22.0,"enemies":"Snecko","floor":22.0,"turns":5.0},{"damage":49.0,"enemies":"Gremlin Leader","floor":24.0,"turns":7.0},{"damage":17.0,"enemies":"Slavers","floor":27.0,"turns":6.0},{"damage":8.0,"enemies":"3 Cultists","floor":28.0,"turns":4.0},{"damage":7.0,"enemies":"Snake Plant","floor":31.0,"turns":4.0},{"damage":20.0,"enemies":"Collector","floor":33.0,"turns":6.0},{"damage":7,"enemies":"Flame Bruiser 1 Orb","floor":35,"turns":8},{"damage":15,"enemies":"3 Darklings","floor":37,"turns":6},{"damage":4,"enemies":"Spire Growth","floor":38,"turns":5},{"damage":16,"enemies":"Flame Bruiser 2 Orb","floor":39,"turns":8},{"damage":9,"enemies":"Sphere and 2 Shapes","floor":44,"turns":4},{"damage":28,"enemies":"Mysterious Sphere","floor":45,"turns":3},{"damage":8,"enemies":"Spire Growth","floor":48,"turns":3},{"damage":22,"enemies":"Awakened One","floor":50,"turns":8}],"event_choices":[{"event_name":"Liars Game","player_choice":"agreed","floor":2.0,"damage_taken":0.0},{"event_name":"Wheel of Change","player_choice":"Card Removal","floor":13.0,"damage_taken":0.0},{"event_name":"Back to Basics","player_choice":"Elegance","floor":20.0,"damage_taken":0.0},{"event_name":"Tomb of Lord Red Mask","player_choice":"Ignored","floor":36,"damage_taken":0},{"event_name":"Winding Halls","player_choice":"Embrace Madness","floor":41,"damage_taken":0},{"event_name":"Mysterious Sphere","player_choice":"Fight","floor":45,"damage_taken":0}],"boss_relics":[],"potions_floor_spawned":[1,3,7,11,14,19,22,24,28,33,38,39,48],"seed_played":"-7065423064875488162","ascension_level":4,"is_trial":false}