{"path_per_floor":["M","?","?","M","$","R","?","E","T","M","E","R","M","E","R","B",null,"M","M","$","M","M","E","R","E","T","E","R","M","?","E","R","B",null,"M","M","?","M","$","R","E","R","T","R","M","R","E","M","R","B"],"character_chosen":"IRONCLAD","items_purchased":["Omamori","Trip"],"gold_per_floor":[110,110,110,123,48,48,48,87,87,102,140,140,163,207,207,327,327,341,366,115,131,155,195,195,226,226,257,257,280,280,324,324,450,450,475,499,499,512,373,373,406,406,406,406,429,429,470,489,489,489],"floor_reached":51,"campfire_rested":1,"playtime":3133,"current_hp_per_floor":[87,80,63,67,67,67,46,17,17,23,17,43,49,51,51,34,87,80,70,70,68,66,43,43,44,44,52,52,50,50,48,48,46,97,95,97,97,95,95,95,93,93,93,93,91,91,85,79,79,73],"items_purged":["Strike_R","Strike_R","Bash"],"gold":489,"score":741,"play_id":"b5e16c23-7210-4680-a126-0e0ad4877eed","is_prod":false,"is_daily":false,"is_ascension_mode":true,"campfire_upgraded":1,"path_taken":["M","?","?","M","$","R","?","E","T","M","E","R","M","E","R","BOSS","M","M","$","?","M","E","R","E","T","E","R","M","?","E","R","BOSS","M","M","?","?","$","R","E","R","T","R","?","R","E","M","R","BOSS"],"build_version":"2018-02-07-BETA1","purchased_purges":4,"victory":true,"master_deck":["Offering","Flex","Offering","Dropkick","Offering","Dropkick+1","Trip"],"max_hp_per_floor":[87,87,87,87,87,87,87,87,87,87,87,87,87,87,87,87,87,87,87,87,87,87,87,87,87,87,97,97,97,97,97,97,97,97,97,97,97,97,97,97,97,97,97,97,97,97,97,97,97,97],"relics":["Burning Blood","Strawberry","Golden Idol","Red Skull","Peace Pipe","Paper Frog","Regal Pillow","Black Star","Omamori","Gambling Chip","Unceasing Top","Shuriken","Kunai","Du-Vu Doll","Pear","Smiling Mask","Bird Faced Urn","Frozen Eye","White Beast Statue","Frozen Egg 2","Pantograph","Calipers","Matryoshka","Ornamental Fan"],"card_choices":[{"not_picked":["Thunderclap","Sword Boomerang"],"picked":"True Grit"},{"not_picked":["True Grit","Thunderclap"],"picked":"Pommel Strike"},{"not_picked":["Clothesline","Power Through"],"picked":"Offering"},{"not_picked":["Perfected Strike","Wild Strike"],"picked":"Flex"},{"not_picked":["Bludgeon","Juggernaut"],"picked":"Offering"},{"not_picked":["Warcry","Havoc"],"picked":"Dropkick"},{"not_picked":["Perfected Strike","Wild Strike"],"picked":"Headbutt"},{"not_picked":["Bludgeon","Brutality"],"picked":"Offering"},{"not_picked":["Heavy Blade","Infernal Blade"],"picked":"Dropkick"},{"not_picked":["Cleave","Wild Strike"],"picked":"Clash"}],"player_experience":114827,"potions_floor_usage":[18,23,25,33,50,50,50],"damage_taken":[{"damage":2,"enemies":"Jaw Worm","floor":1,"turns":4},{"damage":2,"enemies":"2 Louse","floor":4,"turns":3},{"damage":35,"enemies":"3 Sentries","floor":8,"turns":12},{"damage":0,"enemies":"Small Slimes","floor":10,"turns":3},{"damage":12,"enemies":"Lagavulin","floor":11,"turns":5},{"damage":0,"enemies":"Looter","floor":13,"turns":2},{"damage":4,"enemies":"Gremlin Nob","floor":14,"turns":2},{"damage":23,"enemies":"The Guardian","floor":16,"turns":10},{"damage":13,"enemies":"3 Byrds","floor":18,"turns":5},{"damage":16,"enemies":"2 Thieves","floor":19,"turns":3},{"damage":8,"enemies":"Snecko","floor":21,"turns":1},{"damage":8,"enemies":"Snake Plant","floor":22,"turns":1},{"damage":29,"enemies":"Slavers","floor":23,"turns":6},{"damage":8,"enemies":"Book of Stabbing","floor":25,"turns":2},{"damage":8,"enemies":"Gremlin Leader","floor":27,"turns":2},{"damage":8,"enemies":"Centurion and Healer","floor":29,"turns":1},{"damage":8,"enemies":"Book of Stabbing","floor":31,"turns":1},{"damage":8,"enemies":"Champ","floor":33,"turns":2},{"damage":8,"enemies":"Orb Walker","floor":35,"turns":1},{"damage":4,"enemies":"Flame Bruiser 1 Orb","floor":36,"turns":1},{"damage":8,"enemies":"3 Darklings","floor":38,"turns":2},{"damage":8,"enemies":"Nemesis","floor":41,"turns":1},{"damage":8,"enemies":"Maw","floor":45,"turns":2},{"damage":12,"enemies":"2 Orb Walkers","floor":47,"turns":1},{"damage":12,"enemies":"Sphere and 2 Shapes","floor":48,"turns":1},{"damage":30,"enemies":"Time Eater","floor":50,"turns":5}],"event_choices":[{"event_name":"Golden Wing","player_choice":"Card Removal","floor":2,"damage_taken":0},{"event_name":"Shining Light","player_choice":"Entered Light","floor":3,"damage_taken":0},{"event_name":"Golden Idol","player_choice":"Take Damage","floor":7,"damage_taken":0},{"event_name":"Back to Basics","player_choice":"Elegance","floor":30,"damage_taken":0},{"event_name":"Winding Halls","player_choice":"Writhe","floor":37,"damage_taken":0}],"boss_relics":[{"not_picked":["Eternal Feather","Runic Cube"],"picked":"Black Star"},{"not_picked":["Mark of Pain","Astrolabe"],"picked":"White Beast Statue"}],"potions_floor_spawned":[11,13,16,19,21,25,31,33,35,36,38,41,45,47,48],"seed_played":"-9051137727588337213","ascension_level":2,"is_trial":false}