{"path_per_floor":["M","M","M","?","?","R","M","E","T","R","M","R","?","M","R","B",null,"M","?","?","$","M","E","R","E","T","?","R","?","R","M","R"],"character_chosen":"IRONCLAD","items_purchased":[],"gold_per_floor":[109,129,148,223,223,223,243,274,274,274,298,298,371,395,395,520,520,538,538,538,463,482,513,513,556,604,604,604,519,519,539,539],"floor_reached":33,"campfire_rested":5,"playtime":2202,"current_hp_per_floor":[72,72,69,58,38,62,61,59,59,87,86,86,75,75,75,60,86,80,80,80,80,68,38,68,41,41,41,71,71,71,68,98],"items_purged":["Heavy Blade"],"gold":539,"score":379,"play_id":"8149cee3-4424-4153-a891-f4ca32501942","is_prod":false,"is_daily":false,"is_ascension_mode":true,"campfire_upgraded":3,"path_taken":["M","M","M","?","?","R","M","E","T","R","M","R","?","M","R","BOSS","M","?","?","$","M","E","R","E","T","?","R","?","R","?","R","BOSS"],"build_version":"2018-02-08-BETA1","purchased_purges":1,"victory":false,"master_deck":["Strike_R+1","Strike_R+1","Defend_R+1","Defend_R+1","Defend_R+1","Defend_R+1","Bash+1","Heavy Blade","Impervious","Clothesline+1","Brutality","Impervious+1","Dropkick+1","Exhume+1","Searing Blow+1","Dual Wield","Writhe"],"max_hp_per_floor":[80,80,80,80,80,80,80,94,94,94,94,94,94,94,94,94,94,94,94,94,94,94,101,101,101,101,101,101,101,101,101,101],"relics":["Snecko Eye","Golden Idol","Mango","Magic Flower","Bottled Lightning","Astrolabe","Strawberry","The Courier","Anchor","Ancient Tea Set","Peace Pipe"],"card_choices":[{"not_picked":["Wild Strike","Headbutt"],"picked":"Heavy Blade"},{"not_picked":["Headbutt","Sentinel"],"picked":"Heavy Blade"},{"not_picked":["Carnage","Bloodletting"],"picked":"Impervious"},{"not_picked":["Headbutt","Havoc"],"picked":"Clothesline"},{"not_picked":["Offering","Berserk"],"picked":"Brutality"},{"not_picked":["Havoc","Bloodletting"],"picked":"Searing Blow"},{"not_picked":["Anger","Dropkick"],"picked":"Dual Wield"}],"player_experience":153889,"potions_floor_usage":[13,16,16,23,33],"damage_taken":[{"damage":8,"enemies":"Jaw Worm","floor":1,"turns":5},{"damage":0,"enemies":"Cultist","floor":2,"turns":2},{"damage":3,"enemies":"2 Louse","floor":3,"turns":2},{"damage":1,"enemies":"Looter","floor":7,"turns":2},{"damage":16,"enemies":"3 Sentries","floor":8,"turns":8},{"damage":1,"enemies":"Exordium Wildlife","floor":11,"turns":3},{"damage":11,"enemies":"Lagavulin Event","floor":13,"turns":5},{"damage":0,"enemies":"3 Louse","floor":14,"turns":2},{"damage":15,"enemies":"Slime Boss","floor":16,"turns":9},{"damage":6,"enemies":"Spheric Guardian","floor":18,"turns":3},{"damage":12,"enemies":"3 Byrds","floor":22,"turns":7},{"damage":37,"enemies":"Slavers","floor":23,"turns":10},{"damage":27,"enemies":"Gremlin Leader","floor":25,"turns":8},{"damage":3,"enemies":"Snecko","floor":31,"turns":4},{"damage":99,"enemies":"Automaton","floor":33,"turns":12}],"event_choices":[{"event_name":"World of Goop","player_choice":"Gather Gold","floor":4,"damage_taken":0},{"event_name":"Golden Idol","player_choice":"Take Damage","floor":5,"damage_taken":0},{"event_name":"Dead Adventurer","player_choice":"Searched \u00272\u0027 times","floor":13,"damage_taken":0},{"event_name":"Vampires","player_choice":"Ignored","floor":19,"damage_taken":0},{"event_name":"Back to Basics","player_choice":"Simplicity","floor":20,"damage_taken":0},{"event_name":"The Mausoleum","player_choice":"Yes","floor":27,"damage_taken":0},{"event_name":"Addict","player_choice":"Obtained Relic","floor":29,"damage_taken":0}],"boss_relics":[{"not_picked":["Orrery","White Beast Statue"],"picked":"Astrolabe"}],"potions_floor_spawned":[3,13,13,14,23],"seed_played":"5581316899330696428","killed_by":"Automaton","ascension_level":5,"is_trial":false}