{"path_per_floor":["M","M","?","?","$","R","M","M","T","?","E","M","E","?","R","B",null,"M","$","?","M","M","E","M","R","T","R","?","M","E","?","R","B",null,"M","M","M","?","M","R","E","R","T","M","$","M","M","$","R","B"],"character_chosen":"IRONCLAD","items_purchased":["Shuriken","Good Instincts","Ice Cream","Bronze Scales","Fire Potion","Flex"],"gold_per_floor":[366,385,385,385,65,65,76,88,134,134,168,178,212,387,387,488,488,502,303,303,317,332,367,385,385,385,385,385,405,440,465,465,562,562,573,588,603,603,620,620,654,654,654,673,43,54,70,21,21,21],"floor_reached":51,"campfire_rested":3,"playtime":3286,"current_hp_per_floor":[67,72,72,72,72,72,72,72,79,79,69,74,68,68,68,33,68,66,66,66,68,70,61,63,63,63,63,63,61,59,61,79,72,77,75,61,36,36,34,57,48,71,71,71,71,71,75,75,75,53],"items_purged":["Strike_R","Doubt","Battle Trance"],"gold":21,"score":710,"play_id":"b19b0930-f016-4477-8b29-36f88650090f","is_prod":false,"is_daily":false,"is_ascension_mode":true,"campfire_upgraded":5,"path_taken":["M","M","?","?","$","R","M","M","T","?","E","?","E","?","R","BOSS","M","$","?","M","M","E","M","R","T","R","?","?","E","?","R","BOSS","M","M","?","?","M","R","E","R","T","?","$","M","M","?","R","BOSS"],"build_version":"2018-02-08-BETA1","purchased_purges":5,"victory":true,"master_deck":["Strike_R+1","Strike_R+1","Strike_R+1","Defend_R+1","Defend_R+1","Defend_R+1","Defend_R+1","Bash+1","Pommel Strike+1","Pommel Strike+1","Shrug It Off","Anger+1","True Grit+1","Offering","Offering","Good Instincts+1","Double Tap+1","Clash+1","Flex+1","Inflame+1","Clumsy","Flex"],"max_hp_per_floor":[72,72,72,72,72,72,72,72,79,79,79,79,79,79,79,79,79,79,79,79,79,79,79,79,79,79,79,79,79,79,79,79,79,79,79,79,79,79,79,79,79,79,79,79,79,79,79,79,79,79],"relics":["Burning Blood","Unceasing Top","Spirit Poop","Shuriken","Strawberry","Anchor","Bottled Lightning","Cursed Key","Bag of Marbles","Bird Faced Urn","Centennial Puzzle","Red Mask","Sozu","Whetstone","Champion Belt","Ice Cream","Bronze Scales"],"card_choices":[{"not_picked":["Anger","Clash"],"picked":"Pommel Strike"},{"not_picked":["Perfected Strike","Burning Pact"],"picked":"Pommel Strike"},{"not_picked":["Sword Boomerang","Havoc"],"picked":"Shrug It Off"},{"not_picked":["Flex","Thunderclap"],"picked":"Anger"},{"not_picked":["Juggernaut","Flame Barrier"],"picked":"True Grit"},{"not_picked":["Searing Blow","Thunderclap"],"picked":"Battle Trance"},{"not_picked":["Flame Barrier","Corruption"],"picked":"Offering"},{"not_picked":["Fiend Fire","Brutality"],"picked":"Offering"},{"not_picked":["True Grit","Wild Strike"],"picked":"Double Tap"},{"not_picked":["Dual Wield","Flame Barrier"],"picked":"Clash"},{"not_picked":["Carnage","Twin Strike"],"picked":"Flex"},{"not_picked":["Headbutt","Shrug It Off"],"picked":"Inflame"}],"player_experience":156091,"potions_floor_usage":[11,13,16,16,31,33,33],"damage_taken":[{"damage":11,"enemies":"Blue Slaver","floor":1,"turns":6},{"damage":0,"enemies":"Cultist","floor":2,"turns":4},{"damage":0,"enemies":"Small Slimes","floor":7,"turns":4},{"damage":2,"enemies":"2 Fungi Beasts","floor":8,"turns":5},{"damage":16,"enemies":"Gremlin Nob","floor":11,"turns":3},{"damage":1,"enemies":"Red Slaver","floor":12,"turns":5},{"damage":12,"enemies":"Lagavulin","floor":13,"turns":3},{"damage":41,"enemies":"Hexaghost","floor":16,"turns":7},{"damage":8,"enemies":"3 Byrds","floor":18,"turns":3},{"damage":4,"enemies":"Chosen","floor":21,"turns":2},{"damage":4,"enemies":"Slaver and Parasite","floor":22,"turns":4},{"damage":15,"enemies":"Slavers","floor":23,"turns":7},{"damage":4,"enemies":"Centurion and Healer","floor":24,"turns":5},{"damage":8,"enemies":"Snake Plant","floor":29,"turns":2},{"damage":8,"enemies":"Gremlin Leader","floor":30,"turns":3},{"damage":4,"enemies":"Masked Bandits","floor":31,"turns":2},{"damage":13,"enemies":"Automaton","floor":33,"turns":6},{"damage":8,"enemies":"3 Darklings","floor":35,"turns":2},{"damage":20,"enemies":"3 Shapes","floor":36,"turns":4},{"damage":31,"enemies":"Maw","floor":37,"turns":5},{"damage":8,"enemies":"3 Darklings","floor":39,"turns":1},{"damage":17,"enemies":"Giant Head","floor":41,"turns":4},{"damage":8,"enemies":"4 Shapes","floor":44,"turns":3},{"damage":8,"enemies":"Maw","floor":46,"turns":3},{"damage":4,"enemies":"3 Darklings","floor":47,"turns":2},{"damage":30,"enemies":"Donu and Deca","floor":50,"turns":7}],"event_choices":[{"event_name":"Accursed Blacksmith","player_choice":"Rummage","floor":3,"damage_taken":0},{"event_name":"Bonfire Elementals","player_choice":"CURSE","floor":4,"damage_taken":0},{"event_name":"Living Wall","player_choice":"Grow","floor":10,"damage_taken":0},{"event_name":"Liars Game","player_choice":"agreed","floor":14,"damage_taken":0},{"event_name":"Back to Basics","player_choice":"Simplicity","floor":20,"damage_taken":0},{"event_name":"Purifier","player_choice":"One Purge","floor":28,"damage_taken":0},{"event_name":"Masked Bandits","player_choice":"Fought over 440 gold","floor":31,"damage_taken":0}],"boss_relics":[{"not_picked":["Astrolabe","Orrery"],"picked":"Cursed Key"},{"not_picked":["Black Blood","Philosopher\u0027s Stone"],"picked":"Sozu"}],"potions_floor_spawned":[2,7,8,13,21,22,29,30,35,47],"seed_played":"-5647850100766761859","ascension_level":5,"is_trial":false}