{"path_per_floor":["M","?","M","$","M","R","?","E","T","$","?","M","R","M","R","B",null,"M","M","?","M","M","R","E","R","T","M","M","M","?","M","R","B",null,"M","M","M","?","$","R","E","R","T","M","$","?","M","M","R","B"],"character_chosen":"IRONCLAD","items_purchased":["Dropkick","Omamori","Self Forming Clay","Dexterity Potion","Dexterity Potion","Pear"],"gold_per_floor":[112,187,207,15,28,28,28,62,86,11,41,53,53,72,72,170,170,181,192,192,203,221,221,249,249,549,563,574,584,615,628,628,732,732,749,761,780,780,65,65,92,92,92,108,108,108,118,135,135,135],"floor_reached":51,"campfire_rested":3,"playtime":3710,"current_hp_per_floor":[76,65,71,71,71,71,71,48,48,48,48,54,78,79,79,60,75,80,80,64,68,67,67,35,59,59,55,77,80,80,80,80,54,74,68,58,73,73,83,83,75,75,75,90,90,90,89,85,90,59],"items_purged":["Strike_R","Strike_R"],"gold":135,"score":764,"play_id":"9a1495a1-68f2-47b8-a49a-8cb5f94d29d9","is_prod":false,"is_daily":false,"is_ascension_mode":true,"campfire_upgraded":6,"path_taken":["M","?","M","?","?","R","?","E","T","?","?","M","R","M","R","BOSS","M","M","?","M","M","R","E","R","T","?","?","?","?","M","R","BOSS","M","M","M","?","$","R","E","R","T","M","?","?","M","M","R","BOSS"],"build_version":"2018-02-15-BETA1","purchased_purges":5,"victory":true,"master_deck":["Strike_R","Defend_R","Defend_R+1","Defend_R+1","Bash+1","Dropkick+1","Shrug It Off+1","True Grit+1","Rampage+1","Clash+1","Reaper+1","Infernal Blade+1","Reaper+1","Shockwave+1","Offering","Warcry+1"],"max_hp_per_floor":[80,80,80,80,80,80,80,80,80,80,80,80,80,80,80,80,80,80,80,80,80,80,80,80,80,80,80,80,80,80,80,80,80,80,80,80,80,80,90,90,90,90,90,90,90,90,90,90,90,90],"relics":["Burning Blood","Omamori","Gambling Chip","War Paint","Happy Flower","Vajra","Astrolabe","Enchiridion","Blue Candle","Old Coin","Red Mask","White Beast Statue","Self Forming Clay","Pear","Pen Nib","Thread and Needle"],"card_choices":[{"not_picked":["Armaments","Intimidate"],"picked":"Shrug It Off"},{"not_picked":["Pommel Strike","Fiend Fire"],"picked":"True Grit"},{"not_picked":["Heavy Blade","Uppercut"],"picked":"Rampage"},{"not_picked":["Sentinel","Clothesline"],"picked":"Clash"},{"not_picked":["Fiend Fire","Brutality"],"picked":"Reaper"},{"not_picked":["Headbutt","Battle Trance"],"picked":"Shockwave"},{"not_picked":["Feed","Barricade"],"picked":"Offering"},{"not_picked":["Sword Boomerang","Feel No Pain"],"picked":"Warcry"}],"player_experience":183105,"potions_floor_usage":[8,14,16,24,28,31,33,33,35,50,50,50],"damage_taken":[{"damage":2,"enemies":"Jaw Worm","floor":1,"turns":4},{"damage":0,"enemies":"Small Slimes","floor":3,"turns":3},{"damage":6,"enemies":"Cultist","floor":5,"turns":4},{"damage":44,"enemies":"Lagavulin","floor":8,"turns":6},{"damage":0,"enemies":"Exordium Thugs","floor":12,"turns":4},{"damage":5,"enemies":"Lots of Slimes","floor":14,"turns":5},{"damage":38,"enemies":"Slime Boss","floor":16,"turns":11},{"damage":0,"enemies":"Chosen","floor":18,"turns":2},{"damage":3,"enemies":"3 Byrds","floor":19,"turns":5},{"damage":9,"enemies":"Centurion and Healer","floor":21,"turns":4},{"damage":19,"enemies":"Cultist and Chosen","floor":22,"turns":5},{"damage":65,"enemies":"Slavers","floor":24,"turns":6},{"damage":18,"enemies":"Snake Plant","floor":27,"turns":3},{"damage":13,"enemies":"3 Cultists","floor":28,"turns":5},{"damage":2,"enemies":"Centurion and Healer","floor":29,"turns":6},{"damage":3,"enemies":"Masked Bandits","floor":30,"turns":3},{"damage":0,"enemies":"Snecko","floor":31,"turns":3},{"damage":48,"enemies":"Champ","floor":33,"turns":10},{"damage":45,"enemies":"Flame Bruiser 1 Orb","floor":35,"turns":7},{"damage":25,"enemies":"Orb Walker","floor":36,"turns":4},{"damage":20,"enemies":"Flame Bruiser 2 Orb","floor":37,"turns":5},{"damage":35,"enemies":"2 Orb Walkers","floor":41,"turns":7},{"damage":11,"enemies":"3 Darklings","floor":44,"turns":5},{"damage":7,"enemies":"Spire Growth","floor":47,"turns":4},{"damage":17,"enemies":"4 Shapes","floor":48,"turns":5},{"damage":50,"enemies":"Awakened One","floor":50,"turns":14}],"event_choices":[{"event_name":"World of Goop","player_choice":"Gather Gold","floor":2,"damage_taken":0},{"event_name":"Big Fish","player_choice":"Box","floor":7,"damage_taken":0},{"event_name":"Dead Adventurer","player_choice":"Searched \u00272\u0027 times","floor":11,"damage_taken":0},{"event_name":"Cursed Tome","player_choice":"Obtained Book","floor":20,"damage_taken":0},{"event_name":"Masked Bandits","player_choice":"Fought over 584 gold","floor":30,"damage_taken":0},{"event_name":"Mysterious Sphere","player_choice":"Ignore","floor":46,"damage_taken":0}],"boss_relics":[{"not_picked":["Black Blood","Question Card"],"picked":"Astrolabe"},{"not_picked":["Eternal Feather","Pandora\u0027s Box"],"picked":"White Beast Statue"}],"potions_floor_spawned":[3,5,12,19,22,24,27,28,33,35,36,37,41,44,47,48],"seed_played":"-6849787843829371767","ascension_level":8,"is_trial":false}