{"path_per_floor":["M","?","$","M","M","R","M","R","T","E","?","R","M","M","R","B",null,"M","?","M","M","M","E","R","E","T","R","M","$","M","M","R","B",null,"M","M","?","$","?","R","E","R","T","R","M","M","M","M","R","B"],"character_chosen":"IRONCLAD","items_purchased":["Metallicize","Oddly Smooth Stone","Lee\u0027s Waffle","Trip","Dexterity Potion","Panache"],"gold_per_floor":[119,119,50,61,79,79,91,91,91,124,124,124,142,156,156,254,254,271,271,284,294,312,347,347,374,374,374,386,166,180,195,195,293,293,304,314,664,10,10,10,70,70,70,70,88,101,120,139,139,139],"floor_reached":51,"campfire_rested":6,"playtime":3223,"current_hp_per_floor":[21,5,5,7,13,37,34,58,58,43,80,80,64,70,70,22,66,61,61,55,50,53,20,44,30,30,54,53,53,41,41,65,59,75,56,47,8,87,87,87,66,66,66,66,60,55,38,37,63,49],"items_purged":["Dropkick","Uppercut"],"gold":139,"score":731,"play_id":"ab54eb0a-28a4-49b0-af39-da45a076a6d0","is_prod":false,"is_daily":false,"is_ascension_mode":true,"campfire_upgraded":5,"path_taken":["M","?","?","?","M","R","M","R","T","E","?","R","M","M","R","BOSS","M","?","M","M","?","E","R","E","T","R","M","$","M","?","R","BOSS","M","M","?","$","?","R","E","R","T","R","?","M","M","M","R","BOSS"],"build_version":"2018-02-14-BETA1","purchased_purges":3,"victory":true,"master_deck":["Cleave+1","Metallicize+1","Iron Wave+1","Inflame+1","Rampage+1","Anger","Anger","Infernal Blade+1","Pummel","Armaments+1","Metallicize","Flex+1","Shrug It Off","Berserk","Trip","Panache","Panache","Flex+1","Disarm","Clash+1"],"max_hp_per_floor":[80,80,80,80,80,80,80,80,80,80,80,80,80,80,80,80,80,80,80,80,80,80,80,80,80,80,80,80,80,80,80,80,80,80,80,80,80,87,87,87,87,87,87,87,87,87,87,87,87,87],"relics":["Burning Blood","Unceasing Top","Shuriken","Pandora\u0027s Box","War Paint","Ancient Tea Set","Red Skull","Oddly Smooth Stone","Sozu","Old Coin","Lee\u0027s Waffle","Tiny Chest","Peace Pipe"],"card_choices":[{"not_picked":["Iron Wave","Infernal Blade"],"picked":"Cleave"},{"not_picked":["Uppercut","Headbutt"],"picked":"Iron Wave"},{"not_picked":["Entrench","Battle Trance"],"picked":"Inflame"},{"not_picked":["Headbutt","Rage"],"picked":"Rampage"},{"not_picked":["Searing Blow","Dual Wield"],"picked":"Uppercut"},{"not_picked":["Carnage","Metallicize"],"picked":"Flex"},{"not_picked":["Sword Boomerang","Havoc"],"picked":"Shrug It Off"},{"not_picked":["Exhume","Juggernaut"],"picked":"Berserk"},{"not_picked":["Twin Strike","Body Slam"],"picked":"Flex"},{"not_picked":["Headbutt","Corruption"],"picked":"Disarm"},{"not_picked":["Shrug It Off","Sentinel"],"picked":"Clash"}],"player_experience":179882,"potions_floor_usage":[14,14,16,16,23,23,25,25,28],"damage_taken":[{"damage":17,"enemies":"Small Slimes","floor":1,"turns":8},{"damage":4,"enemies":"Jaw Worm","floor":4,"turns":3},{"damage":0,"enemies":"2 Louse","floor":5,"turns":3},{"damage":9,"enemies":"Exordium Thugs","floor":7,"turns":5},{"damage":21,"enemies":"Gremlin Nob","floor":10,"turns":4},{"damage":22,"enemies":"Lots of Slimes","floor":13,"turns":3},{"damage":0,"enemies":"Exordium Wildlife","floor":14,"turns":3},{"damage":54,"enemies":"Hexaghost","floor":16,"turns":8},{"damage":11,"enemies":"Spheric Guardian","floor":18,"turns":4},{"damage":12,"enemies":"3 Byrds","floor":20,"turns":4},{"damage":11,"enemies":"Centurion and Healer","floor":21,"turns":6},{"damage":3,"enemies":"Cultist and Chosen","floor":22,"turns":5},{"damage":39,"enemies":"Book of Stabbing","floor":23,"turns":5},{"damage":20,"enemies":"Slavers","floor":25,"turns":3},{"damage":16,"enemies":"Chosen and Byrds","floor":28,"turns":4},{"damage":18,"enemies":"Snake Plant","floor":30,"turns":3},{"damage":6,"enemies":"3 Cultists","floor":31,"turns":3},{"damage":12,"enemies":"Champ","floor":33,"turns":5},{"damage":25,"enemies":"Orb Walker","floor":35,"turns":4},{"damage":15,"enemies":"3 Darklings","floor":36,"turns":5},{"damage":45,"enemies":"Mysterious Sphere","floor":37,"turns":4},{"damage":27,"enemies":"Nemesis","floor":41,"turns":3},{"damage":12,"enemies":"Maw","floor":45,"turns":3},{"damage":11,"enemies":"Spire Growth","floor":46,"turns":3},{"damage":23,"enemies":"3 Darklings","floor":47,"turns":3},{"damage":7,"enemies":"Sphere and 2 Shapes","floor":48,"turns":3},{"damage":20,"enemies":"Donu and Deca","floor":50,"turns":4}],"event_choices":[{"event_name":"Shining Light","player_choice":"Entered Light","floor":2,"damage_taken":0},{"event_name":"Wheel of Change","player_choice":"Full Heal","floor":11,"damage_taken":0},{"event_name":"Back to Basics","player_choice":"Elegance","floor":19,"damage_taken":0},{"event_name":"Mysterious Sphere","player_choice":"Fight","floor":37,"damage_taken":0},{"event_name":"Duplicator","player_choice":"One dupe","floor":39,"damage_taken":0}],"boss_relics":[{"not_picked":["Question Card","Velvet Choker"],"picked":"Pandora\u0027s Box"},{"not_picked":["Calling Bell","Black Blood"],"picked":"Sozu"}],"potions_floor_spawned":[7,10,13,14,16,21,22,23,25,30,35,45,48],"seed_played":"7584475106548252001","ascension_level":7,"is_trial":false}