{"path_per_floor":["M","?","M","M","M","R","E","?","T","R","?","R","?","M","R","B",null,"M","$","M","M","M","R","M","R","T","R","M","R","M","$","R","B",null,"M","?","?","$","M","E","R","M","T","?","M","M","E","M","R","B"],"character_chosen":"IRONCLAD","items_purchased":["Omamori"],"gold_per_floor":[118,118,130,149,168,168,198,198,198,198,198,198,148,164,164,259,259,275,200,211,231,246,246,265,265,265,265,277,277,289,32,32,128,128,145,145,145,145,157,192,192,207,232,232,245,255,284,297,297,297],"floor_reached":51,"campfire_rested":2,"playtime":3278,"current_hp_per_floor":[69,74,79,81,73,73,64,47,47,47,47,72,72,76,76,52,77,75,75,78,85,85,85,85,85,85,85,85,85,83,83,83,35,73,51,72,72,72,85,92,92,92,92,92,92,63,62,71,92,33],"items_purged":["Strike_R","Strike_R"],"gold":297,"score":983,"play_id":"522e7537-c2e9-4fc9-a836-9e8782408b07","local_time":"20180325162357","is_prod":false,"is_daily":false,"is_ascension_mode":true,"campfire_upgraded":9,"timestamp":1522009437,"path_taken":["M","?","M","M","?","R","E","?","T","R","?","R","?","M","R","BOSS","M","$","?","M","M","R","M","R","T","R","?","R","?","?","R","BOSS","M","?","?","$","M","E","R","M","T","?","?","M","E","M","R","BOSS"],"build_version":"2018-03-25","purchased_purges":4,"victory":true,"master_deck":["Strike_R+1","Strike_R+1","Defend_R+1","Defend_R+1","Defend_R+1","Defend_R+1","Bash+1","Bludgeon+1","Shrug It Off+1","Thunderclap+1","Clothesline+1","Pommel Strike+1","Reaper+1","Shrug It Off+1","Sever Soul+1","Rampage+1","Entrench"],"max_hp_per_floor":[80,85,85,85,85,85,85,85,85,85,85,85,85,85,85,85,85,85,85,85,85,85,85,85,85,85,85,85,85,85,85,85,85,85,85,85,85,85,85,92,92,92,92,92,92,92,92,92,92,92],"relics":["Burning Blood","Bronze Scales","Molten Egg 2","Snecko Eye","Happy Flower","Omamori","White Beast Statue","Strawberry","War Paint","Art of War","Smiling Mask"],"card_choices":[{"not_picked":["Uppercut","Battle Trance"],"picked":"Shrug It Off","floor":1},{"not_picked":["Iron Wave","Reckless Charge"],"picked":"Thunderclap","floor":4},{"not_picked":["Havoc","Heavy Blade"],"picked":"Clothesline","floor":7},{"not_picked":["Juggernaut","Body Slam"],"picked":"Pommel Strike","floor":14},{"not_picked":["Exhume","Dark Embrace"],"picked":"Reaper","floor":16},{"not_picked":["Heavy Blade","True Grit"],"picked":"Shrug It Off","floor":18},{"not_picked":["Havoc","Hemokinesis"],"picked":"Sever Soul","floor":22},{"not_picked":["Blood for Blood","Armaments"],"picked":"Carnage","floor":24},{"not_picked":["Limit Break","Second Wind"],"picked":"Rampage","floor":47},{"not_picked":["Carnage","Warcry"],"picked":"Entrench","floor":48}],"player_experience":214759,"potions_floor_usage":[7,7,16,33,40,40,40,46,46,47,47,50,50],"damage_taken":[{"damage":9,"enemies":"Jaw Worm","floor":1,"turns":3},{"damage":1,"enemies":"2 Louse","floor":3,"turns":4},{"damage":4,"enemies":"Small Slimes","floor":4,"turns":3},{"damage":14,"enemies":"Red Slaver","floor":5,"turns":7},{"damage":30,"enemies":"3 Sentries","floor":7,"turns":9},{"damage":2,"enemies":"2 Fungi Beasts","floor":14,"turns":3},{"damage":30,"enemies":"Hexaghost","floor":16,"turns":9},{"damage":10,"enemies":"Shell Parasite","floor":18,"turns":5},{"damage":3,"enemies":"2 Thieves","floor":20,"turns":3},{"damage":0,"enemies":"Snecko","floor":21,"turns":3},{"damage":5,"enemies":"Snake Plant","floor":22,"turns":2},{"damage":4,"enemies":"Chosen and Byrds","floor":24,"turns":4},{"damage":0,"enemies":"Snecko","floor":28,"turns":3},{"damage":8,"enemies":"Sentry and Sphere","floor":30,"turns":4},{"damage":56,"enemies":"Champ","floor":33,"turns":8},{"damage":42,"enemies":"3 Darklings","floor":35,"turns":10},{"damage":0,"enemies":"3 Shapes","floor":39,"turns":3},{"damage":12,"enemies":"2 Orb Walkers","floor":40,"turns":4},{"damage":3,"enemies":"Sphere and 2 Shapes","floor":42,"turns":3},{"damage":0,"enemies":"Spire Growth","floor":45,"turns":3},{"damage":53,"enemies":"Flame Bruiser 2 Orb","floor":46,"turns":4},{"damage":14,"enemies":"Nemesis","floor":47,"turns":9},{"damage":7,"enemies":"4 Shapes","floor":48,"turns":6},{"damage":70,"enemies":"Time Eater","floor":50,"turns":13}],"event_choices":[{"event_name":"Big Fish","player_choice":"Donut","floor":2,"damage_taken":0},{"event_name":"Shining Light","player_choice":"Entered Light","floor":8,"damage_taken":0},{"event_name":"Liars Game","player_choice":"disagreed","floor":11,"damage_taken":0},{"event_name":"The Cleric","player_choice":"Card Removal","floor":13,"damage_taken":0},{"event_name":"Winding Halls","player_choice":"Writhe","floor":36,"damage_taken":0},{"event_name":"Accursed Blacksmith","player_choice":"Rummage","floor":44,"damage_taken":0}],"boss_relics":[{"not_picked":["Black Blood","Cursed Key"],"picked":"Snecko Eye"},{"not_picked":["Astrolabe","Black Star"],"picked":"White Beast Statue"}],"potions_floor_spawned":[4,5,7,20,30,33,35,39,40,42,45,46,47,48],"seed_played":"-968557320436590373","ascension_level":9,"is_trial":false}