{"path_per_floor":["M","M","?","M","M","R","$","R","T","$","?","M","M","$","R","B",null,"M","T","?","?","?"],"character_chosen":"IRONCLAD","items_purchased":["Lantern","Inflame","Evolve"],"gold_per_floor":[117,137,137,148,159,159,15,15,41,1,176,192,203,61,61,159,159,99,99,99,99,99,99],"floor_reached":23,"campfire_rested":0,"playtime":1050,"current_hp_per_floor":[70,72,72,72,72,72,72,72,72,72,72,72,72,72,72,20,59,44,44,44,44,44,0],"items_purged":["Doubt"],"gold":99,"score":277,"play_id":"d7a8fdb1-e7db-4d8b-a970-97e53bc313b3","local_time":"20180327224907","is_prod":false,"is_daily":false,"is_ascension_mode":true,"campfire_upgraded":3,"timestamp":1522205347,"path_taken":["M","M","?","?","M","R","$","R","T","?","?","M","M","$","R","BOSS","M","?","?","?","?","E"],"build_version":"2018-03-25","purchased_purges":2,"victory":false,"master_deck":["Strike_R+1","Strike_R+1","Defend_R+1","Defend_R+1","Defend_R+1","Defend_R+1","Bash+1","AscendersBane","Burning Pact","Pummel","Flame Barrier","Warcry","Sword Boomerang","Wild Strike","Pommel Strike+1","Inflame+1","Shrug It Off","Evolve","Dark Embrace"],"max_hp_per_floor":[72,72,72,72,72,72,72,72,72,72,72,72,72,72,72,72,72,72,72,72,72,72,72],"relics":["Burning Blood","Lantern","Orichalcum","Ectoplasm","Oddly Smooth Stone"],"card_choices":[{"not_picked":["Blood for Blood","Warcry"],"picked":"Flame Barrier","floor":1},{"not_picked":["Havoc","Twin Strike"],"picked":"Warcry","floor":2},{"not_picked":["Thunderclap","Limit Break"],"picked":"Wild Strike","floor":4},{"not_picked":["Flame Barrier","Perfected Strike"],"picked":"Pommel Strike","floor":5},{"not_picked":["Perfected Strike","Thunderclap"],"picked":"Shrug It Off","floor":13},{"not_picked":["Bludgeon","Brutality"],"picked":"Dark Embrace","floor":16}],"player_experience":247481,"potions_floor_usage":[4,16,16],"damage_taken":[{"damage":8,"enemies":"Jaw Worm","floor":1,"turns":4},{"damage":1,"enemies":"Cultist","floor":2,"turns":6},{"damage":0,"enemies":"2 Louse","floor":4,"turns":2},{"damage":0,"enemies":"Large Slime","floor":5,"turns":5},{"damage":5,"enemies":"Looter","floor":12,"turns":2},{"damage":4,"enemies":"Red Slaver","floor":13,"turns":4},{"damage":58,"enemies":"Slime Boss","floor":16,"turns":11},{"damage":21,"enemies":"2 Thieves","floor":18,"turns":4},{"damage":48,"enemies":"Book of Stabbing","floor":23,"turns":7}],"event_choices":[{"event_name":"Transmorgrifier","player_choice":"Transform","floor":3,"damage_taken":0},{"event_name":"Liars Game","player_choice":"agreed","floor":11,"damage_taken":0},{"event_name":"Back to Basics","player_choice":"Simplicity","floor":20,"damage_taken":0},{"event_name":"Golden Shrine","player_choice":"Pray","floor":21,"damage_taken":0},{"event_name":"Vampires","player_choice":"Ignored","floor":22,"damage_taken":0}],"boss_relics":[{"not_picked":["Runic Cube","Black Star"],"picked":"Ectoplasm"}],"potions_floor_spawned":[1,4,5],"seed_played":"-8929457771358693568","killed_by":"Book of Stabbing","ascension_level":11,"is_trial":false}