{"path_per_floor":["M","M","M","?","M","E","R","?","T","R","$","R","M","M","R","B",null,"M","?","?","M","$","R","M","R","T","E","R","M","M","?","R"],"character_chosen":"IRONCLAD","items_purchased":["Ice Cream"],"gold_per_floor":[111,121,138,138,158,191,191,253,323,323,26,26,40,52,52,150,150,170,70,70,86,11,11,23,23,102,134,134,152,164,164,164,164],"floor_reached":33,"campfire_rested":4,"playtime":1683,"current_hp_per_floor":[76,80,80,80,80,67,67,59,59,59,59,59,65,71,71,77,79,69,69,69,39,39,63,51,75,75,7,31,20,8,8,32,0],"items_purged":["Strike_R"],"gold":164,"score":491,"play_id":"4c225768-1d7e-440c-a51a-0156620852ba","local_time":"20180327231726","is_prod":false,"is_daily":false,"is_ascension_mode":true,"campfire_upgraded":4,"timestamp":1522207046,"path_taken":["M","M","M","?","M","E","R","?","T","R","$","R","M","?","R","BOSS","M","?","?","M","$","R","M","R","T","E","R","M","?","?","R","BOSS"],"build_version":"2018-03-25","purchased_purges":1,"victory":false,"master_deck":["Strike_R+1","Strike_R+1","Strike_R+1","Defend_R+1","Defend_R+1","Defend_R+1","Defend_R+1","Bash+1","AscendersBane","Clash+1","Headbutt+1","Flex+1","True Grit+1","Dropkick","J.A.X.","Metallicize","Rampage","Fire Breathing+1","Whirlwind+1"],"max_hp_per_floor":[80,80,80,80,80,80,80,80,80,80,80,80,80,80,80,80,80,80,80,80,80,80,80,80,80,80,80,80,80,80,80,80,80],"relics":["Burning Blood","Oddly Smooth Stone","Ancient Tea Set","Bottled Flame","Ice Cream","Question Card","Paper Frog","Bronze Scales"],"card_choices":[{"not_picked":["Sword Boomerang","Fiend Fire"],"picked":"Clash","floor":1},{"not_picked":["Warcry","Cleave"],"picked":"Headbutt","floor":2},{"not_picked":["Perfected Strike","Twin Strike"],"picked":"Flex","floor":3},{"not_picked":["Havoc","Shockwave"],"picked":"True Grit","floor":5},{"not_picked":["Flex","Whirlwind"],"picked":"Dropkick","floor":6},{"not_picked":["Burning Pact","Headbutt","Anger"],"picked":"Rampage","floor":21},{"not_picked":["True Grit","Searing Blow","Body Slam"],"picked":"Fire Breathing","floor":24},{"not_picked":["Clothesline","Havoc","Barricade"],"picked":"Whirlwind","floor":27}],"player_experience":248531,"potions_floor_usage":[5,6,8,16,16,27,33],"damage_taken":[{"damage":2,"enemies":"2 Louse","floor":1,"turns":4},{"damage":2,"enemies":"Jaw Worm","floor":2,"turns":3},{"damage":6,"enemies":"Cultist","floor":3,"turns":3},{"damage":3,"enemies":"3 Louse","floor":5,"turns":2},{"damage":19,"enemies":"Gremlin Nob","floor":6,"turns":4},{"damage":14,"enemies":"Gremlin Nob","floor":8,"turns":4},{"damage":0,"enemies":"Exordium Wildlife","floor":13,"turns":2},{"damage":0,"enemies":"2 Fungi Beasts","floor":14,"turns":2},{"damage":0,"enemies":"The Guardian","floor":16,"turns":11},{"damage":16,"enemies":"3 Byrds","floor":18,"turns":8},{"damage":36,"enemies":"Chosen","floor":21,"turns":6},{"damage":18,"enemies":"Snecko","floor":24,"turns":6},{"damage":74,"enemies":"Gremlin Leader","floor":27,"turns":9},{"damage":17,"enemies":"Cultist and Chosen","floor":29,"turns":5},{"damage":18,"enemies":"Snake Plant","floor":30,"turns":2},{"damage":59,"enemies":"Automaton","floor":33,"turns":6}],"event_choices":[{"event_name":"Living Wall","player_choice":"Forget","floor":4,"damage_taken":0},{"event_name":"Dead Adventurer","player_choice":"Searched \u00273\u0027 times","floor":8,"damage_taken":0},{"event_name":"Drug Dealer","player_choice":"Got JAXXED","floor":19,"damage_taken":0},{"event_name":"The Library","player_choice":"Read","floor":20,"damage_taken":0},{"event_name":"Back to Basics","player_choice":"Simplicity","floor":31,"damage_taken":0}],"boss_relics":[{"not_picked":["Snecko Eye","Lizard Tail"],"picked":"Question Card"}],"potions_floor_spawned":[2,3,5,8,13,24,30],"seed_played":"-3523896597069628545","killed_by":"Automaton","ascension_level":11,"is_trial":false}