{"path_per_floor":["M","M","?","M","M","R","E","M","T","R","M","R","$","M","R","B",null,"M","$","?","M","M","E","R"],"character_chosen":"IRONCLAD","items_purchased":["Kunai"],"gold_per_floor":[117,130,110,126,145,145,176,190,235,235,246,246,171,189,189,265,265,283,39,39,51,67,97,97,97],"floor_reached":25,"campfire_rested":2,"playtime":1436,"current_hp_per_floor":[59,64,64,70,52,52,36,36,36,58,64,64,64,64,64,23,62,67,67,67,73,55,36,58,0],"items_purged":["Strike_R"],"gold":97,"score":394,"play_id":"adeea770-148e-4770-b169-ff3fa8f5d678","local_time":"20180404072956","is_prod":false,"is_daily":false,"is_ascension_mode":true,"campfire_upgraded":3,"timestamp":1522841396,"path_taken":["M","M","?","M","M","R","E","M","T","R","M","R","?","M","R","BOSS","M","$","?","M","M","E","R","E"],"build_version":"2018-04-03","purchased_purges":1,"victory":false,"master_deck":["Strike_R","Strike_R","Strike_R","Strike_R","Defend_R+1","Defend_R","Defend_R+1","Defend_R","Bash+1","AscendersBane","Clash","Shrug It Off+1","Thunderclap","Spot Weakness+1","Rupture","Iron Wave","Evolve+1","Brutality","Hemokinesis","Second Wind","Bloodletting","Disarm","Feel No Pain","Exhume","Armaments"],"max_hp_per_floor":[75,75,75,75,75,75,75,75,75,75,75,75,75,75,75,75,75,75,75,75,75,75,75,75,75],"relics":["Burning Blood","War Paint","Bronze Scales","Orrery","Kunai","Unceasing Top"],"card_choices":[{"not_picked":["Battle Trance","Headbutt"],"picked":"Clash","floor":1},{"not_picked":["Sever Soul","Evolve"],"picked":"Shrug It Off","floor":2},{"not_picked":["Reckless Charge","Seeing Red"],"picked":"Thunderclap","floor":4},{"not_picked":["Anger","Thunderclap"],"picked":"Spot Weakness","floor":5},{"not_picked":["Clash","Heavy Blade"],"picked":"Rupture","floor":8},{"not_picked":["Sword Boomerang","Bludgeon"],"picked":"Iron Wave","floor":11},{"not_picked":["Feel No Pain","Metallicize"],"picked":"Evolve","floor":14},{"not_picked":["Feed","Barricade"],"picked":"Brutality","floor":16},{"not_picked":["Armaments","Intimidate"],"picked":"Hemokinesis","floor":17},{"not_picked":["Rampage","Body Slam"],"picked":"Second Wind","floor":17},{"not_picked":["Shockwave","Entrench"],"picked":"Bloodletting","floor":17},{"not_picked":["Clothesline","Pommel Strike"],"picked":"Disarm","floor":17},{"not_picked":["Infernal Blade","Shockwave"],"picked":"Exhume","floor":22},{"not_picked":["Warcry","True Grit"],"picked":"Armaments","floor":23}],"player_experience":368028,"potions_floor_usage":[7,7,7,18,23,25,25,25],"damage_taken":[{"damage":15,"enemies":"Jaw Worm","floor":1,"turns":5},{"damage":1,"enemies":"Cultist","floor":2,"turns":3},{"damage":0,"enemies":"2 Louse","floor":4,"turns":5},{"damage":24,"enemies":"Large Slime","floor":5,"turns":8},{"damage":22,"enemies":"Lagavulin","floor":7,"turns":6},{"damage":6,"enemies":"Exordium Wildlife","floor":8,"turns":2},{"damage":0,"enemies":"3 Louse","floor":11,"turns":3},{"damage":6,"enemies":"Looter","floor":14,"turns":4},{"damage":47,"enemies":"Hexaghost","floor":16,"turns":12},{"damage":13,"enemies":"Chosen","floor":18,"turns":6},{"damage":0,"enemies":"3 Byrds","floor":21,"turns":3},{"damage":24,"enemies":"Snake Plant","floor":22,"turns":4},{"damage":37,"enemies":"Book of Stabbing","floor":23,"turns":6},{"damage":58,"enemies":"Gremlin Leader","floor":25,"turns":7}],"event_choices":[{"event_name":"The Woman in Blue","player_choice":"Bought 1 Potion","floor":3,"damage_taken":0},{"event_name":"The Library","player_choice":"Read","floor":20,"damage_taken":0}],"boss_relics":[{"not_picked":["Black Star","Cursed Key"],"picked":"Orrery"}],"potions_floor_spawned":[2,5,11,14,16,21,23],"seed_played":"-7538715398923797861","killed_by":"Gremlin Leader","ascension_level":15,"is_trial":false}