{"path_per_floor":["M","$","M","?","M","R","?","R","T","E","?","?","E","M","R","B",null,"M","?","M","?","M","E","R","M","T","$","T","M","R","E","R","B",null,"M","M","T","M","?","R"],"character_chosen":"IRONCLAD","items_purchased":["True Grit","Vajra","Warcry"],"gold_per_floor":[117,17,31,31,44,44,44,44,44,71,71,71,98,111,111,182,182,199,99,117,117,131,190,190,207,232,53,53,66,66,96,96,173,173,184,201,228,247,247,247,247],"floor_reached":41,"campfire_rested":1,"playtime":3092,"current_hp_per_floor":[74,74,75,64,70,70,70,70,70,75,75,52,50,56,56,62,72,61,61,62,37,37,17,28,11,11,11,11,21,21,26,26,31,36,37,37,37,37,27,27,0],"items_purged":["Writhe"],"gold":247,"score":1057,"play_id":"524298a6-d796-4499-a2a6-b89c469ad2c0","local_time":"20180405002212","is_prod":false,"is_daily":false,"is_ascension_mode":true,"campfire_upgraded":6,"timestamp":1522902132,"path_taken":["M","$","M","?","M","R","?","R","T","E","?","?","E","?","R","BOSS","M","?","?","?","?","E","R","M","T","$","?","M","R","E","R","BOSS","M","M","?","?","?","R","E"],"build_version":"2018-04-03","purchased_purges":1,"victory":false,"master_deck":["Strike_R+1","Strike_R","Defend_R","Defend_R+1","Defend_R","Defend_R+1","Bash","AscendersBane","Bludgeon","Clothesline","Feel No Pain+1","True Grit+1","Seeing Red+1","Havoc+1","Demon Form+1","Armaments+1","J.A.X.","Ghostly","Ghostly","Ghostly","Ghostly","Ghostly","Intimidate","Pummel","Warcry","Reaper","Twin Strike","Thinking Ahead+1","Deep Breath","Finesse"],"max_hp_per_floor":[75,75,75,75,75,75,75,75,75,75,75,75,75,75,75,75,75,75,75,75,37,37,37,37,37,37,37,37,37,37,37,37,37,37,37,37,37,37,37,37,37],"relics":["Burning Blood","Toolbox","Ice Cream","War Paint","Pen Nib","Black Star","Blood Vial","Tiny Chest","Ancient Tea Set","Vajra","Ginger","Ornamental Fan","Bottled Flame","Sozu","Lantern"],"card_choices":[{"not_picked":["Disarm","Entrench"],"picked":"Feel No Pain","floor":1},{"not_picked":["True Grit","Clash"],"picked":"Seeing Red","floor":3},{"not_picked":["Rage","Flex"],"picked":"Havoc","floor":14},{"not_picked":["Feed","Dark Embrace"],"picked":"Demon Form","floor":16},{"not_picked":["Iron Wave","Cleave"],"picked":"Armaments","floor":18},{"not_picked":["Wild Strike","Headbutt"],"picked":"Intimidate","floor":22},{"not_picked":["Bloodletting","Cleave"],"picked":"Pummel","floor":25},{"not_picked":["Demon Form","Barricade"],"picked":"Reaper","floor":33},{"not_picked":["Flex","Power Through"],"picked":"Twin Strike","floor":36},{"not_picked":["Madness","Finesse"],"picked":"Thinking Ahead","floor":39},{"not_picked":["Finesse","Bandage Up"],"picked":"Deep Breath","floor":39},{"not_picked":["Panache","Bandage Up"],"picked":"Finesse","floor":39}],"player_experience":372411,"potions_floor_usage":[10,10,18,29,31,33,41],"damage_taken":[{"damage":0,"enemies":"Small Slimes","floor":1,"turns":4},{"damage":0,"enemies":"Jaw Worm","floor":3,"turns":3},{"damage":0,"enemies":"2 Louse","floor":5,"turns":4},{"damage":0,"enemies":"Gremlin Nob","floor":10,"turns":3},{"damage":8,"enemies":"Lagavulin","floor":13,"turns":6},{"damage":0,"enemies":"Exordium Wildlife","floor":14,"turns":6},{"damage":0,"enemies":"The Guardian","floor":16,"turns":11},{"damage":17,"enemies":"3 Byrds","floor":18,"turns":7},{"damage":5,"enemies":"Shell Parasite","floor":20,"turns":7},{"damage":0,"enemies":"Snake Plant","floor":22,"turns":5},{"damage":26,"enemies":"Book of Stabbing","floor":23,"turns":9},{"damage":29,"enemies":"3 Cultists","floor":25,"turns":10},{"damage":10,"enemies":"Centurion and Healer","floor":29,"turns":8},{"damage":3,"enemies":"Slavers","floor":31,"turns":6},{"damage":3,"enemies":"Champ","floor":33,"turns":10},{"damage":9,"enemies":"Flame Bruiser 1 Orb","floor":35,"turns":10},{"damage":0,"enemies":"3 Shapes","floor":36,"turns":5},{"damage":0,"enemies":"Flame Bruiser 2 Orb","floor":38,"turns":9},{"damage":43,"enemies":"Giant Head","floor":41,"turns":7}],"event_choices":[{"event_name":"Scrap Ooze","player_choice":"success","floor":4,"damage_taken":11},{"event_name":"Living Wall","player_choice":"Forget","floor":7,"damage_taken":0},{"event_name":"Liars Game","player_choice":"disagreed","floor":11,"damage_taken":0},{"event_name":"Shining Light","player_choice":"Entered Light","floor":12,"damage_taken":0},{"event_name":"Drug Dealer","player_choice":"Got JAXXED","floor":19,"damage_taken":0},{"event_name":"Ghosts","player_choice":"Became a Ghost","floor":21,"damage_taken":0},{"event_name":"SensoryStone","player_choice":"Memory 3","floor":39,"damage_taken":0}],"boss_relics":[{"not_picked":["Calling Bell","Mark of Pain"],"picked":"Black Star"},{"not_picked":["Runic Dome","Tiny House"],"picked":"Sozu"}],"potions_floor_spawned":[1,5,14,16,22,25,31],"seed_played":"-8908332891996365492","killed_by":"Giant Head","ascension_level":15,"is_trial":false}