{"path_per_floor":["M","?","M","?","M","E","R","E","T","M","E","R","E","M","R","B",null,"M","M","$","?","$","R"],"character_chosen":"IRONCLAD","items_purchased":["Mummified Hand","Dropkick"],"gold_per_floor":[110,110,127,127,140,172,172,202,226,239,271,271,306,326,326,400,400,415,426,66,66,66,66,66],"floor_reached":24,"campfire_rested":0,"playtime":1503,"current_hp_per_floor":[74,74,75,80,80,56,56,66,66,57,57,57,41,45,45,32,68,71,42,42,42,42,42,0],"items_purged":["Clash"],"gold":66,"score":392,"play_id":"c37f5459-7450-4232-ac20-083b0c3f92b1","local_time":"20180405183914","is_prod":false,"is_daily":false,"is_ascension_mode":true,"campfire_upgraded":4,"timestamp":1522967954,"path_taken":["M","?","?","?","M","E","R","E","T","M","E","R","E","M","R","BOSS","M","M","$","?","$","R","E"],"build_version":"2018-04-04","purchased_purges":1,"victory":false,"master_deck":["Strike_R","Strike_R","Defend_R","Defend_R+1","Defend_R","Defend_R+1","Bash+1","AscendersBane","Carnage","Rampage+1","Whirlwind","Corruption","Iron Wave","Uppercut+1","Dark Embrace+1","Flex+1","Metallicize+1","Feel No Pain+1","Shrug It Off","Dropkick"],"max_hp_per_floor":[75,75,75,80,80,80,80,80,80,80,80,80,80,80,80,80,80,80,80,80,80,80,80,80],"relics":["Burning Blood","NeowsBlessing","Happy Flower","Omamori","War Paint","Oddly Smooth Stone","Pen Nib","Toolbox","Astrolabe","Mummified Hand"],"card_choices":[{"not_picked":["Intimidate","Second Wind"],"picked":"Clash","floor":1.0},{"not_picked":["Sword Boomerang","Perfected Strike"],"picked":"Carnage","floor":5.0},{"not_picked":["Anger","Pommel Strike"],"picked":"Rampage","floor":6.0},{"not_picked":["Thunderclap","Rampage"],"picked":"Whirlwind","floor":8.0},{"not_picked":["Wild Strike","Brutality"],"picked":"Corruption","floor":11.0},{"not_picked":["Second Wind","Power Through"],"picked":"Iron Wave","floor":13.0},{"not_picked":["Thunderclap","Rage"],"picked":"Uppercut","floor":14.0},{"not_picked":["Reaper","Juggernaut"],"picked":"Dark Embrace","floor":16.0},{"not_picked":["Headbutt","Combust"],"picked":"Shrug It Off","floor":19}],"player_experience":376864,"potions_floor_usage":[18,24],"damage_taken":[{"damage":0.0,"enemies":"Jaw Worm","floor":1.0,"turns":1.0},{"damage":0.0,"enemies":"Cultist","floor":3.0,"turns":1.0},{"damage":0.0,"enemies":"Small Slimes","floor":5.0,"turns":1.0},{"damage":30.0,"enemies":"Lagavulin","floor":6.0,"turns":5.0},{"damage":2.0,"enemies":"Gremlin Nob","floor":8.0,"turns":3.0},{"damage":15.0,"enemies":"Gremlin Gang","floor":10.0,"turns":4.0},{"damage":18.0,"enemies":"3 Sentries","floor":11.0,"turns":5.0},{"damage":22.0,"enemies":"Gremlin Nob","floor":13.0,"turns":4.0},{"damage":2.0,"enemies":"3 Louse","floor":14.0,"turns":3.0},{"damage":31.0,"enemies":"The Guardian","floor":16.0,"turns":11.0},{"damage":3,"enemies":"Shell Parasite","floor":18,"turns":6},{"damage":35,"enemies":"2 Thieves","floor":19,"turns":4},{"damage":73,"enemies":"Gremlin Leader","floor":24,"turns":10}],"event_choices":[{"event_name":"Wheel of Change","player_choice":"Relic","floor":2.0,"damage_taken":0.0},{"event_name":"Big Fish","player_choice":"Donut","floor":4.0,"damage_taken":0.0},{"event_name":"Accursed Blacksmith","player_choice":"Ignore","floor":21,"damage_taken":0}],"boss_relics":[],"potions_floor_spawned":[3,6,8,13,16,18],"seed_played":"-4455046614193270272","killed_by":"Gremlin Leader","ascension_level":15,"is_trial":false}