{"path_per_floor":["M","M","?","?","M","E","R","E","T","R","$","M","R","M","R","B",null,"M","?","T","?","M","R","M","E","T","?","$","R","?","?","R","B",null,"M","M","?","?","$","R","M","R","T","T","$","M","R","M","R","B"],"character_chosen":"IRONCLAD","items_purchased":["Oddly Smooth Stone","Evolve","Apotheosis","Pen Nib","Paper Frog"],"gold_per_floor":[117,127,202,202,226,266,266,297,320,320,53,74,74,88,88,216,216,236,236,260,260,253,253,274,307,333,333,44,44,44,44,44,149,149,159,178,531,531,259,259,269,269,269,269,29,46,46,65,65,65],"floor_reached":51,"campfire_rested":3,"playtime":4200,"current_hp_per_floor":[74,74,63,63,72,50,50,14,14,39,39,41,41,40,68,27,78,61,61,61,49,52,52,38,34,34,34,34,34,34,34,51,13,47,48,58,61,61,61,61,61,61,61,61,61,55,55,72,72,35],"items_purged":["Strike_R","Strike_R","Defend_R"],"gold":65,"score":1040,"play_id":"f23cb691-afb3-4b63-9c15-fbd4b1b66b1b","local_time":"20180329203950","is_prod":false,"is_daily":false,"is_ascension_mode":true,"campfire_upgraded":8,"timestamp":1522370390,"path_taken":["M","M","?","?","M","E","R","E","T","R","$","M","R","M","R","BOSS","M","?","?","?","?","R","M","E","T","?","$","R","?","?","R","BOSS","M","M","?","?","$","R","M","R","T","?","$","M","R","M","R","BOSS"],"build_version":"2018-03-29","purchased_purges":6,"victory":true,"master_deck":["Defend_R","Defend_R","Defend_R","Bash+1","AscendersBane","Feed","Spot Weakness","Body Slam","True Grit+1","Feed","Iron Wave","Evolve+1","Shrug It Off","Offering","Rampage+1","Inflame+1","Shockwave","Offering","Ghostly","Ghostly","Ghostly","Ghostly","Ghostly","Seeing Red","Feel No Pain+1","Apotheosis+1","Bite","Bite","Bite","Bite","Bite","Warcry+1","Warcry+1","Clothesline+1","Flame Barrier","Dark Embrace+1"],"max_hp_per_floor":[83,86,86,80,83,86,86,86,86,86,86,92,92,95,95,95,95,98,98,98,49,52,52,55,58,58,58,58,58,58,58,58,58,58,58,58,61,61,61,61,61,61,61,61,61,65,65,72,72,76],"relics":["Burning Blood","Bloody Idol","Anchor","Ancient Tea Set","Oddly Smooth Stone","Orrery","Nloth\u0027s Gift","Lantern","Question Card","Philosopher\u0027s Stone","Old Coin","Pen Nib","Orichalcum","Bird Faced Urn","Paper Frog"],"card_choices":[{"not_picked":["Brutality","Sentinel"],"picked":"Spot Weakness","floor":1},{"not_picked":["Power Through","Anger"],"picked":"Body Slam","floor":2},{"not_picked":["Armaments","Infernal Blade"],"picked":"True Grit","floor":5},{"not_picked":["Juggernaut","Havoc"],"picked":"Feed","floor":6},{"not_picked":["Sever Soul","Cleave"],"picked":"Iron Wave","floor":8},{"not_picked":["Evolve","Carnage"],"picked":"Shrug It Off","floor":12},{"not_picked":["Exhume","Dark Embrace"],"picked":"Offering","floor":16},{"not_picked":["Pommel Strike","Intimidate"],"picked":"Rampage","floor":17},{"not_picked":["True Grit","Anger"],"picked":"Inflame","floor":17},{"not_picked":["Sword Boomerang","Cleave"],"picked":"Shockwave","floor":17},{"not_picked":["Sword Boomerang","Headbutt"],"picked":"Offering","floor":18},{"not_picked":["Bloodletting","Wild Strike"],"picked":"Seeing Red","floor":22},{"not_picked":["Battle Trance","Entrench"],"picked":"Feel No Pain","floor":25},{"not_picked":["Body Slam","Thunderclap","Anger"],"picked":"Warcry","floor":35},{"not_picked":["Body Slam","Clothesline","Disarm"],"picked":"Warcry","floor":36},{"not_picked":["Battle Trance","Shrug It Off","Reckless Charge"],"picked":"Clothesline","floor":41},{"not_picked":["Battle Trance","Wild Strike","Cleave"],"picked":"Flame Barrier","floor":46},{"not_picked":["Body Slam","Uppercut","Headbutt"],"picked":"Dark Embrace","floor":48}],"player_experience":267669,"potions_floor_usage":[6,6,6,25,25,33,50,50,50],"damage_taken":[{"damage":7,"enemies":"Jaw Worm","floor":1,"turns":4},{"damage":9,"enemies":"2 Louse","floor":2,"turns":2},{"damage":0,"enemies":"Cultist","floor":5,"turns":4},{"damage":31,"enemies":"3 Sentries","floor":6,"turns":9},{"damage":42,"enemies":"Gremlin Nob","floor":8,"turns":5},{"damage":10,"enemies":"Exordium Wildlife","floor":12,"turns":6},{"damage":10,"enemies":"Gremlin Gang","floor":14,"turns":5},{"damage":47,"enemies":"Hexaghost","floor":16,"turns":13},{"damage":26,"enemies":"Spheric Guardian","floor":18,"turns":5},{"damage":6,"enemies":"2 Thieves","floor":22,"turns":4},{"damage":23,"enemies":"Cultist and Chosen","floor":24,"turns":10},{"damage":13,"enemies":"Book of Stabbing","floor":25,"turns":6},{"damage":74,"enemies":"Champ","floor":33,"turns":13},{"damage":25,"enemies":"Flame Bruiser 1 Orb","floor":35,"turns":7},{"damage":2,"enemies":"Orb Walker","floor":36,"turns":4},{"damage":6,"enemies":"Mysterious Sphere","floor":37,"turns":6},{"damage":10,"enemies":"3 Darklings","floor":41,"turns":7},{"damage":30,"enemies":"Spire Growth","floor":46,"turns":5},{"damage":23,"enemies":"4 Shapes","floor":48,"turns":10},{"damage":76,"enemies":"Donu and Deca","floor":50,"turns":11}],"event_choices":[{"event_name":"World of Goop","player_choice":"Gather Gold","floor":3,"damage_taken":0},{"event_name":"Golden Idol","player_choice":"Lose Max HP","floor":4,"damage_taken":0},{"event_name":"N\u0027loth","player_choice":"Traded a Bronze Scales","floor":19,"damage_taken":0},{"event_name":"Ghosts","player_choice":"Became a Ghost","floor":21,"damage_taken":0},{"event_name":"Forgotten Altar","player_choice":"Gave Idol","floor":27,"damage_taken":0},{"event_name":"Vampires","player_choice":"Became a vampire (Vial)","floor":30,"damage_taken":0},{"event_name":"Drug Dealer","player_choice":"Ignored","floor":31,"damage_taken":0},{"event_name":"Mysterious Sphere","player_choice":"Fight","floor":37,"damage_taken":0},{"event_name":"Tomb of Lord Red Mask","player_choice":"Ignored","floor":38,"damage_taken":0}],"boss_relics":[{"not_picked":["Calling Bell","Runic Cube"],"picked":"Orrery"},{"not_picked":["Cursed Key","Pandora\u0027s Box"],"picked":"Philosopher\u0027s Stone"}],"potions_floor_spawned":[1,2,5,16,24,25,33,36,41,48],"seed_played":"7137342466566712731","ascension_level":11,"is_trial":false}