{"path_per_floor":["M","M","?","M","?","R","T","M","T","?","R","?","R","E","R","B",null,"M","$","?","M","M","R","E","M","T","M","R","E","T","$","R"],"character_chosen":"IRONCLAD","items_purchased":["Mango","Bronze Scales"],"gold_per_floor":[114,130,130,143,143,143,170,188,213,213,213,213,213,239,239,344,344,358,283,283,297,314,314,347,361,388,398,398,433,456,2,2,2],"floor_reached":33,"campfire_rested":4,"playtime":1697,"current_hp_per_floor":[70,72,56,59,59,59,59,55,55,55,55,75,75,61,80,44,71,61,61,61,59,35,58,39,44,44,37,61,26,26,40,68,0],"items_purged":["Parasite"],"gold":2,"score":439,"play_id":"e561bcef-783f-418c-b428-f7007c698ddc","local_time":"20180329192844","is_prod":false,"is_daily":false,"is_ascension_mode":true,"campfire_upgraded":3,"timestamp":1522366124,"path_taken":["M","M","?","M","?","R","?","M","T","?","R","?","R","E","R","BOSS","M","$","?","?","M","R","E","M","T","M","R","E","?","?","R","BOSS"],"build_version":"2018-03-29","purchased_purges":2,"victory":false,"master_deck":["Strike_R","Strike_R+1","Strike_R+1","Strike_R","Strike_R+1","Defend_R","Defend_R","Defend_R","Defend_R","Bash+1","AscendersBane","Berserk+1","Inflame+1","Battle Trance","Dropkick","Barricade","True Grit","Flame Barrier+1","Uppercut+1","Feed","Shrug It Off","Whirlwind+1","Iron Wave+1"],"max_hp_per_floor":[80,80,80,80,80,80,80,80,80,80,80,80,80,80,80,80,80,80,77,77,77,77,77,77,77,77,80,80,80,80,94,94,94],"relics":["Burning Blood","Orichalcum","Oddly Smooth Stone","Prayer Wheel","Velvet Choker","Whetstone","Bag of Marbles","Pen Nib","Mango","Bronze Scales"],"card_choices":[{"not_picked":["Wild Strike","Shockwave"],"picked":"Inflame","floor":1.0},{"not_picked":["Clash","Sentinel"],"picked":"Battle Trance","floor":2.0},{"not_picked":["Shockwave","Rage"],"picked":"Dropkick","floor":14.0},{"not_picked":["Immolate","Berserk"],"picked":"Barricade","floor":16.0},{"not_picked":["Havoc","Clothesline"],"picked":"True Grit","floor":18},{"not_picked":["Combust","Body Slam"],"picked":"Flame Barrier","floor":21},{"not_picked":["Thunderclap","Twin Strike"],"picked":"Uppercut","floor":24},{"not_picked":["Clash","Fire Breathing"],"picked":"Feed","floor":25},{"not_picked":["Sword Boomerang","Clash"],"picked":"Shrug It Off","floor":27},{"not_picked":["Corruption","Disarm"],"picked":"Whirlwind","floor":29},{"not_picked":["Flex","Clash"],"picked":"Iron Wave","floor":30}],"player_experience":265972,"potions_floor_usage":[24,27,27,29,33],"damage_taken":[{"damage":8.0,"enemies":"Small Slimes","floor":1.0,"turns":4.0},{"damage":4.0,"enemies":"Jaw Worm","floor":2.0,"turns":5.0},{"damage":3.0,"enemies":"2 Louse","floor":4.0,"turns":3.0},{"damage":10.0,"enemies":"Exordium Wildlife","floor":8.0,"turns":4.0},{"damage":20.0,"enemies":"Gremlin Nob","floor":14.0,"turns":4.0},{"damage":42.0,"enemies":"Hexaghost","floor":16.0,"turns":7.0},{"damage":16,"enemies":"Spheric Guardian","floor":18,"turns":4},{"damage":8,"enemies":"Shell Parasite","floor":21,"turns":5},{"damage":30,"enemies":"Snake Plant","floor":22,"turns":4},{"damage":25,"enemies":"Book of Stabbing","floor":24,"turns":5},{"damage":1,"enemies":"Snecko","floor":25,"turns":5},{"damage":16,"enemies":"Slaver and Parasite","floor":27,"turns":5},{"damage":41,"enemies":"Gremlin Leader","floor":29,"turns":6},{"damage":83,"enemies":"Champ","floor":33,"turns":10}],"event_choices":[{"event_name":"Shining Light","player_choice":"Entered Light","floor":3.0,"damage_taken":0.0},{"event_name":"Liars Game","player_choice":"disagreed","floor":5.0,"damage_taken":0.0},{"event_name":"The Lab","player_choice":"Got Potions","floor":10.0,"damage_taken":0.0},{"event_name":"Mushrooms","player_choice":"Healed and dodged fight","floor":12.0,"damage_taken":0.0},{"event_name":"The Mausoleum","player_choice":"No","floor":20,"damage_taken":0}],"boss_relics":[],"potions_floor_spawned":[1,4,16,18,22,24,29],"seed_played":"-8486836397399027262","killed_by":"Champ","ascension_level":11,"is_trial":false}