{"path_per_floor":["M","M","?","M","M","R","E","M","T","$","R","M","M","?","R","B",null,"M","?","M","M","?","R","?","R","T","R","E","$","M","?","R","B",null,"M","?","M","M","$","R","E","R","T","?","$","?","M","?","R"],"character_chosen":"IRONCLAD","items_purchased":["Torii","Demon Form","Regen Potion"],"gold_per_floor":[109,125,125,138,158,158,488,503,527,452,452,465,485,439,439,543,543,555,555,570,583,583,583,498,498,523,523,552,162,180,80,80,178,178,192,192,210,226,12,12,43,43,43,43,43,0,12,12,12,12],"floor_reached":50,"campfire_rested":3,"playtime":4513,"current_hp_per_floor":[69,65,65,62,64,64,45,33,33,33,33,34,43,43,67,37,69,40,40,43,32,32,32,32,32,32,32,37,37,30,30,40,26,37,34,34,40,14,14,26,47,47,47,47,47,47,38,57,57,0],"items_purged":["Strike_R","Wild Strike"],"gold":12,"score":864,"play_id":"91a0415a-7e56-4cc4-9b78-60ac5b17c1f3","local_time":"20180328232701","is_prod":false,"is_daily":false,"is_ascension_mode":true,"campfire_upgraded":6,"timestamp":1522294021,"path_taken":["M","?","?","M","M","R","E","?","T","$","R","?","M","?","R","BOSS","M","?","M","M","?","R","?","R","T","R","E","$","M","?","R","BOSS","M","?","M","M","$","R","E","R","T","?","?","?","M","?","R","BOSS"],"build_version":"2018-03-27v2","purchased_purges":2,"victory":false,"master_deck":["AscendersBane","Metallicize","Searing Blow+5","Metallicize","Headbutt","Armaments+1","Bloodletting","Offering","Thunderclap","Pommel Strike","Shrug It Off","Metallicize","Offering","Ghostly","Ghostly","Ghostly","Ghostly","Ghostly","J.A.X.","Sword Boomerang+1","Flex+1","Metallicize+1","Armaments","Demon Form","Warcry+1"],"max_hp_per_floor":[80,80,80,80,80,80,80,80,80,80,80,80,80,80,80,80,80,80,80,80,80,40,40,40,40,40,40,40,40,40,40,40,40,40,40,40,40,40,40,40,47,47,47,47,47,47,47,57,57,57],"relics":["Burning Blood","Old Coin","Blood Vial","Pandora\u0027s Box","Peace Pipe","Juzu Bracelet","Bag of Preparation","Torii","Astrolabe","Strawberry","Girya","Red Mask"],"card_choices":[{"not_picked":["Pummel","Cleave"],"picked":"Metallicize","floor":1.0},{"not_picked":["Body Slam","Wild Strike"],"picked":"Searing Blow","floor":2.0},{"not_picked":["Flex","Anger"],"picked":"Metallicize","floor":4.0},{"not_picked":["Perfected Strike","Havoc"],"picked":"Headbutt","floor":5.0},{"not_picked":["Headbutt","Sword Boomerang"],"picked":"Armaments","floor":7.0},{"not_picked":["Armaments","Wild Strike"],"picked":"Bloodletting","floor":8.0},{"not_picked":["Iron Wave","Dropkick"],"picked":"Reaper","floor":13.0},{"not_picked":["Demon Form","Reaper"],"picked":"Offering","floor":16.0},{"not_picked":["Clothesline","Pommel Strike"],"picked":"Armaments","floor":37.0},{"not_picked":["Heavy Blade","Clothesline"],"picked":"Warcry","floor":47}],"player_experience":259612,"potions_floor_usage":[50,50,50],"damage_taken":[{"damage":9.0,"enemies":"Cultist","floor":1.0,"turns":5.0},{"damage":10.0,"enemies":"Jaw Worm","floor":2.0,"turns":5.0},{"damage":9.0,"enemies":"2 Louse","floor":4.0,"turns":4.0},{"damage":4.0,"enemies":"Blue Slaver","floor":5.0,"turns":7.0},{"damage":25.0,"enemies":"Gremlin Nob","floor":7.0,"turns":5.0},{"damage":18.0,"enemies":"Lots of Slimes","floor":8.0,"turns":7.0},{"damage":7.0,"enemies":"Gremlin Gang","floor":12.0,"turns":7.0},{"damage":11.0,"enemies":"Blue Slaver","floor":13.0,"turns":5.0},{"damage":43.0,"enemies":"The Guardian","floor":16.0,"turns":17.0},{"damage":41.0,"enemies":"Chosen","floor":18.0,"turns":7.0},{"damage":27.0,"enemies":"3 Byrds","floor":20.0,"turns":7.0},{"damage":31.0,"enemies":"Centurion and Healer","floor":21.0,"turns":7.0},{"damage":18.0,"enemies":"Gremlin Leader","floor":28.0,"turns":8.0},{"damage":15.0,"enemies":"Sentry and Sphere","floor":30.0,"turns":7.0},{"damage":20.0,"enemies":"Automaton","floor":33.0,"turns":9.0},{"damage":11.0,"enemies":"Orb Walker","floor":35.0,"turns":5.0},{"damage":17.0,"enemies":"Flame Bruiser 1 Orb","floor":37.0,"turns":5.0},{"damage":39.0,"enemies":"Sphere and 2 Shapes","floor":38.0,"turns":10.0},{"damage":17.0,"enemies":"2 Orb Walkers","floor":41.0,"turns":6.0},{"damage":23,"enemies":"Spire Growth","floor":47,"turns":8},{"damage":76,"enemies":"Donu and Deca","floor":50,"turns":8}],"event_choices":[{"event_name":"Liars Game","player_choice":"disagreed","floor":3.0,"damage_taken":0.0},{"event_name":"World of Goop","player_choice":"Left","floor":14.0,"damage_taken":0.0},{"event_name":"Duplicator","player_choice":"One dupe","floor":19.0,"damage_taken":0.0},{"event_name":"Ghosts","player_choice":"Became a Ghost","floor":22.0,"damage_taken":0.0},{"event_name":"Addict","player_choice":"Obtained Relic","floor":24.0,"damage_taken":0.0},{"event_name":"Drug Dealer","player_choice":"Got JAXXED","floor":31.0,"damage_taken":0.0},{"event_name":"The Lab","player_choice":"Got Potions","floor":44,"damage_taken":0},{"event_name":"Tomb of Lord Red Mask","player_choice":"Paid","floor":46,"damage_taken":0},{"event_name":"Bonfire Elementals","player_choice":"RARE","floor":48,"damage_taken":0}],"boss_relics":[],"potions_floor_spawned":[1,4,8,12,18,20,30,38,41,47],"seed_played":"2171346527958951920","killed_by":"Donu and Deca","ascension_level":11,"is_trial":false}