{"path_per_floor":["M","M","?","T","?","R","E","R","T","R","M","?","$","M","R","B",null,"M","?","$","?","M","R"],"character_chosen":"IRONCLAD","items_purchased":["Shrug It Off","Carnage"],"gold_per_floor":[110,124,124,150,150,150,181,181,226,226,239,239,66,78,78,151,151,169,84,84,84,102,102,102],"floor_reached":24,"campfire_rested":1,"playtime":1188,"current_hp_per_floor":[73,75,75,75,75,75,46,46,46,46,52,45,45,33,70,38,66,64,64,64,37,37,37,0],"items_purged":["Strike_R"],"gold":102,"score":352,"play_id":"3b171d5c-194d-43fd-af23-18a2fe1bbb5c","local_time":"20180401233803","is_prod":false,"is_daily":false,"is_ascension_mode":true,"campfire_upgraded":4,"timestamp":1522640283,"path_taken":["M","M","?","?","?","R","E","R","T","R","M","?","$","?","R","BOSS","M","?","?","?","?","R","E"],"build_version":"2018-03-29","purchased_purges":1,"victory":false,"master_deck":["Strike_R","Defend_R","Defend_R","Defend_R","Defend_R","Bash+1","AscendersBane","Sword Boomerang+1","Warcry","Exhume+1","Pummel","Shrug It Off","Carnage","True Grit","Double Tap+1","Ghostly","Ghostly","Ghostly","Ghostly","Ghostly"],"max_hp_per_floor":[75,75,75,75,75,75,75,75,75,75,75,75,75,75,75,75,75,75,75,75,37,37,37,37],"relics":["Burning Blood","Regal Pillow","Letter Opener","Pen Nib","Sozu","Kunai"],"card_choices":[{"not_picked":["Havoc","Perfected Strike"],"picked":"Sword Boomerang","floor":1},{"not_picked":["Corruption","Second Wind"],"picked":"Warcry","floor":2},{"not_picked":["Fire Breathing","Perfected Strike"],"picked":"Exhume","floor":7},{"not_picked":["Blood for Blood","Rupture"],"picked":"Pummel","floor":11},{"not_picked":["Cleave","Twin Strike"],"picked":"True Grit","floor":14},{"not_picked":["Juggernaut","Dark Embrace"],"picked":"Double Tap","floor":16}],"player_experience":342947,"potions_floor_usage":[7,16,16],"damage_taken":[{"damage":1,"enemies":"Cultist","floor":1,"turns":5},{"damage":4,"enemies":"Jaw Worm","floor":2,"turns":4},{"damage":35,"enemies":"Lagavulin","floor":7,"turns":6},{"damage":0,"enemies":"2 Louse","floor":11,"turns":3},{"damage":18,"enemies":"Exordium Thugs","floor":14,"turns":5},{"damage":38,"enemies":"Slime Boss","floor":16,"turns":12},{"damage":8,"enemies":"Shell Parasite","floor":18,"turns":4},{"damage":3,"enemies":"2 Thieves","floor":22,"turns":5},{"damage":50,"enemies":"Gremlin Leader","floor":24,"turns":7}],"event_choices":[{"event_name":"Living Wall","player_choice":"Forget","floor":3,"damage_taken":0},{"event_name":"Liars Game","player_choice":"disagreed","floor":5,"damage_taken":0},{"event_name":"Golden Wing","player_choice":"Card Removal","floor":12,"damage_taken":0},{"event_name":"Addict","player_choice":"Obtained Relic","floor":19,"damage_taken":0},{"event_name":"Ghosts","player_choice":"Became a Ghost","floor":21,"damage_taken":0}],"boss_relics":[{"not_picked":["Astrolabe","Cursed Key"],"picked":"Sozu"}],"potions_floor_spawned":[1,7,14,22],"seed_played":"3595405356571876435","killed_by":"Gremlin Leader","ascension_level":14,"is_trial":false}