{"path_per_floor":["M","?","?","M","M","E","R","E","T","R","M","?","$","?","R","B",null,"M","M","?","?","M","E","R","E","T","E","R","?","M","M","R","B",null,"M","M","M","M","$","R","E","M","T","E","$","E","?","M","R","B"],"character_chosen":"IRONCLAD","items_purchased":["Shuriken","Perfected Strike","Pommel Strike","Self Forming Clay","Feel No Pain","Reckless Charge","True Grit"],"gold_per_floor":[17,17,17,28,48,79,79,110,134,134,149,399,61,61,61,135,135,145,158,138,138,153,178,178,209,209,238,238,238,253,268,268,343,343,358,378,391,409,28,28,60,71,71,98,73,104,104,120,120,120],"floor_reached":51,"campfire_rested":5,"playtime":3053,"current_hp_per_floor":[87,69,42,49,51,11,37,20,27,55,43,43,43,43,43,45,83,68,61,61,61,59,52,52,35,35,40,68,68,76,68,96,83,93,81,96,91,96,96,96,85,96,96,96,96,78,78,87,96,90],"items_purged":["Regret"],"gold":120,"score":1421,"play_id":"bf1639c4-bec8-430c-afe9-2910a1cebc03","local_time":"20180415225453","is_prod":false,"is_daily":false,"chose_seed":false,"is_ascension_mode":true,"campfire_upgraded":3,"timestamp":1523847293,"path_taken":["M","?","?","M","M","E","R","E","T","R","M","?","$","?","R","BOSS","M","M","?","?","?","E","R","E","T","E","R","?","M","M","R","BOSS","M","M","M","M","$","R","E","M","T","E","$","E","?","M","R","BOSS"],"build_version":"2018-04-13","seed_source_timestamp":364491860134104,"purchased_purges":4,"victory":true,"master_deck":["Strike_R+1","Strike_R+1","Strike_R+1","Strike_R+1","Strike_R+1","Defend_R+1","Defend_R+1","Defend_R+1","Defend_R+1","Bash+1","AscendersBane","Perfected Strike+1","Reaper","Disarm","Disarm","Anger","Perfected Strike+1","Demon Form+1","Clothesline+1","Dual Wield","Twin Strike","Reaper","Shrug It Off","Perfected Strike+1","Pommel Strike+1","Limit Break","Warcry+1","Pommel Strike","Battle Trance","Pommel Strike","Feel No Pain","Reckless Charge","Disarm+1","Pommel Strike","Feel No Pain+1","True Grit","Feel No Pain+1"],"max_hp_per_floor":[89,89,89,89,89,89,89,89,96,96,96,96,96,96,96,96,96,96,96,96,96,96,96,96,96,96,96,96,96,96,96,96,96,96,96,96,96,96,96,96,96,96,96,96,96,96,96,96,96,96],"relics":["Burning Blood","Magic Flower","Mummified Hand","Bag of Preparation","Strawberry","Shuriken","Runic Dome","Anchor","Torii","Darkstone Periapt","Omamori","Sozu","Self Forming Clay","Prayer Wheel","Frozen Egg 2","Bronze Scales","Kunai"],"card_choices":[{"not_picked":["Blood for Blood","Thunderclap"],"picked":"Perfected Strike","floor":1},{"not_picked":["Flex","Clothesline"],"picked":"Reaper","floor":5},{"not_picked":["Reckless Charge","Impervious"],"picked":"Disarm","floor":6},{"not_picked":["Sword Boomerang","Sentinel"],"picked":"Disarm","floor":8},{"not_picked":["Body Slam","Headbutt"],"picked":"Anger","floor":11},{"not_picked":["Limit Break","Double Tap"],"picked":"Demon Form","floor":16},{"not_picked":["Disarm","Infernal Blade"],"picked":"Clothesline","floor":18},{"not_picked":["Reckless Charge","Headbutt"],"picked":"Dual Wield","floor":19},{"not_picked":["Anger","Heavy Blade"],"picked":"Twin Strike","floor":22},{"not_picked":["Warcry","Havoc"],"picked":"Reaper","floor":23},{"not_picked":["Second Wind","Brutality"],"picked":"Shrug It Off","floor":27},{"not_picked":["Flame Barrier","Havoc"],"picked":"Perfected Strike","floor":30},{"not_picked":["Clothesline","Rupture"],"picked":"Pommel Strike","floor":31},{"not_picked":["Reaper","Double Tap"],"picked":"Limit Break","floor":33},{"not_picked":["Body Slam","Combust"],"picked":"Warcry","floor":35},{"not_picked":["Flame Barrier","Uppercut"],"picked":"Pommel Strike","floor":36},{"not_picked":["Dual Wield","Sword Boomerang"],"picked":"Battle Trance","floor":37},{"not_picked":["Clothesline","Feel No Pain"],"picked":"Disarm","floor":41},{"not_picked":["Evolve","Anger"],"picked":"Pommel Strike","floor":42},{"not_picked":["Wild Strike","Evolve"],"picked":"Feel No Pain","floor":43},{"not_picked":["Body Slam","Second Wind"],"picked":"Feel No Pain","floor":46}],"player_experience":483369,"potions_floor_usage":[5,8,16,22,23,23,25,31,35],"damage_taken":[{"damage":1,"enemies":"2 Louse","floor":1,"turns":4},{"damage":2,"enemies":"Jaw Worm","floor":4,"turns":3},{"damage":7,"enemies":"Small Slimes","floor":5,"turns":2},{"damage":55,"enemies":"Lagavulin","floor":6,"turns":7},{"damage":32,"enemies":"Gremlin Nob","floor":8,"turns":4},{"damage":33,"enemies":"Exordium Wildlife","floor":11,"turns":7},{"damage":13,"enemies":"The Guardian","floor":16,"turns":13},{"damage":24,"enemies":"2 Thieves","floor":18,"turns":4},{"damage":30,"enemies":"3 Byrds","floor":19,"turns":8},{"damage":19,"enemies":"Centurion and Healer","floor":22,"turns":9},{"damage":16,"enemies":"Book of Stabbing","floor":23,"turns":6},{"damage":56,"enemies":"Slavers","floor":25,"turns":7},{"damage":27,"enemies":"Gremlin Leader","floor":27,"turns":5},{"damage":1,"enemies":"Snake Plant","floor":30,"turns":4},{"damage":17,"enemies":"3 Cultists","floor":31,"turns":5},{"damage":35,"enemies":"Champ","floor":33,"turns":7},{"damage":40,"enemies":"3 Shapes","floor":35,"turns":6},{"damage":14,"enemies":"Flame Bruiser 1 Orb","floor":36,"turns":6},{"damage":17,"enemies":"Sphere and 2 Shapes","floor":37,"turns":8},{"damage":1,"enemies":"Maw","floor":38,"turns":6},{"damage":20,"enemies":"Nemesis","floor":41,"turns":5},{"damage":26,"enemies":"3 Darklings","floor":42,"turns":5},{"damage":2,"enemies":"Giant Head","floor":44,"turns":7},{"damage":27,"enemies":"Nemesis","floor":46,"turns":5},{"damage":0,"enemies":"Flame Bruiser 2 Orb","floor":48,"turns":5},{"damage":38,"enemies":"Time Eater","floor":50,"turns":6}],"event_choices":[{"event_name":"Scrap Ooze","player_choice":"success","floor":2,"damage_taken":18},{"event_name":"Shining Light","player_choice":"Entered Light","floor":3,"damage_taken":0},{"event_name":"Golden Shrine","player_choice":"Desecrate","floor":12,"damage_taken":0},{"event_name":"Living Wall","player_choice":"Grow","floor":14,"damage_taken":0},{"event_name":"The Woman in Blue","player_choice":"Bought 1 Potion","floor":20,"damage_taken":0},{"event_name":"Back to Basics","player_choice":"Simplicity","floor":21,"damage_taken":0},{"event_name":"Vampires","player_choice":"Ignored","floor":29,"damage_taken":0},{"event_name":"SensoryStone","player_choice":"Memory 1","floor":47,"damage_taken":0}],"boss_relics":[{"not_picked":["Calling Bell","Runic Pyramid"],"picked":"Runic Dome"},{"not_picked":["Pandora\u0027s Box","Black Blood"],"picked":"Sozu"}],"potions_floor_spawned":[1,6,11,16,18,22,25,27,35,36,37,46,48],"seed_played":"-1379392268101557176","ascension_level":15,"is_trial":false}