{"path_per_floor":["M","M","T","?","M","E","R","E","T","?","M","$","M","E","R","B",null,"M","$","?","M"],"character_chosen":"IRONCLAD","items_purchased":["Inflame","Happy Flower"],"gold_per_floor":[117,136,218,218,233,261,261,288,288,288,305,213,225,258,258,333,333,345,144,69,87,87],"floor_reached":22,"campfire_rested":1,"playtime":1010,"current_hp_per_floor":[73,75,75,75,72,60,60,40,40,65,66,66,54,38,75,63,72,50,50,50,46,0],"items_purged":["Strike_R","Pain"],"gold":87,"score":357,"play_id":"e0a3ec90-ccad-48ba-b6f7-407735072fe1","local_time":"20180414091052","is_prod":false,"is_daily":false,"chose_seed":false,"is_ascension_mode":true,"campfire_upgraded":1,"timestamp":1523711452,"path_taken":["M","M","?","?","M","E","R","E","T","?","?","?","M","E","R","BOSS","M","$","?","M","M"],"build_version":"2018-04-13","seed_source_timestamp":230697515554897,"purchased_purges":2,"victory":false,"master_deck":["Strike_R","Strike_R","Strike_R+1","Defend_R","Defend_R","Defend_R","Defend_R","Bash+1","AscendersBane","Uppercut+1","Rampage","Shrug It Off","Headbutt","Inflame","Armaments","Hemokinesis","Fiend Fire","Writhe","Anger"],"max_hp_per_floor":[75,75,75,75,75,75,75,75,75,75,75,75,75,75,75,75,75,75,75,75,75,75],"relics":["Burning Blood","Regal Pillow","Kunai","Whetstone","Lantern","The Courier","Oddly Smooth Stone","Calling Bell","Toolbox","Anchor","Vajra","Happy Flower"],"card_choices":[{"not_picked":["Pommel Strike","Sword Boomerang"],"picked":"Uppercut","floor":1},{"not_picked":["Pommel Strike","Entrench"],"picked":"Rampage","floor":2},{"not_picked":["Reckless Charge","Iron Wave"],"picked":"Shrug It Off","floor":5},{"not_picked":["Cleave","Infernal Blade"],"picked":"Headbutt","floor":11},{"not_picked":["Clothesline","Fire Breathing"],"picked":"Armaments","floor":13},{"not_picked":["Clash","Carnage"],"picked":"Hemokinesis","floor":14},{"not_picked":["Barricade","Impervious"],"picked":"Fiend Fire","floor":16},{"not_picked":["Shockwave","Evolve"],"picked":"Anger","floor":18}],"player_experience":463669,"potions_floor_usage":[6,14,16,16,22,22],"damage_taken":[{"damage":1,"enemies":"Cultist","floor":1,"turns":4},{"damage":0,"enemies":"Small Slimes","floor":2,"turns":3},{"damage":9,"enemies":"Jaw Worm","floor":5,"turns":4},{"damage":18,"enemies":"Gremlin Nob","floor":6,"turns":4},{"damage":26,"enemies":"3 Sentries","floor":8,"turns":9},{"damage":5,"enemies":"Red Slaver","floor":11,"turns":4},{"damage":18,"enemies":"Exordium Wildlife","floor":13,"turns":6},{"damage":22,"enemies":"Lagavulin","floor":14,"turns":6},{"damage":18,"enemies":"Slime Boss","floor":16,"turns":8},{"damage":28,"enemies":"Spheric Guardian","floor":18,"turns":4},{"damage":10,"enemies":"2 Thieves","floor":21,"turns":4},{"damage":58,"enemies":"Sentry and Sphere","floor":22,"turns":7}],"event_choices":[{"event_name":"Bonfire Elementals","player_choice":"BASIC","floor":4,"damage_taken":0},{"event_name":"Big Fish","player_choice":"Banana","floor":10,"damage_taken":0},{"event_name":"Beggar","player_choice":"Gave Gold","floor":20,"damage_taken":0}],"boss_relics":[{"not_picked":["Eternal Feather","Runic Cube"],"picked":"Calling Bell"}],"potions_floor_spawned":[2,6,8,13,14,16],"seed_played":"-5405875203890387049","killed_by":"Sentry and Sphere","ascension_level":15,"is_trial":false}