{"path_per_floor":["M","?","M","M","?","R","T","?","T","M","R","M","R","M","R","B",null,"M","$","?","M","M","R","E","R","T","?","?","$","R","E","R"],"character_chosen":"IRONCLAD","items_purchased":["Strawberry"],"gold_per_floor":[113,113,126,137,137,137,137,212,212,232,232,248,248,264,264,359,359,372,140,140,155,178,178,218,218,243,158,158,58,58,93,93,93],"floor_reached":33,"campfire_rested":6,"playtime":1188,"current_hp_per_floor":[66,43,37,30,30,50,50,39,39,27,27,18,18,12,32,20,56,42,49,49,39,13,35,8,30,30,30,30,30,52,45,67,0],"items_purged":["Strike_R","Normality"],"gold":93,"score":478,"play_id":"289e962d-ff59-4b73-aef6-28adbe32935b","local_time":"20180412082401","is_prod":false,"is_daily":false,"chose_seed":false,"is_ascension_mode":true,"campfire_upgraded":2,"timestamp":1523535841,"path_taken":["M","?","M","?","?","R","?","?","T","M","R","M","R","M","R","BOSS","M","$","?","M","M","R","E","R","T","?","?","$","R","E","R","BOSS"],"build_version":"2018-04-11","seed_source_timestamp":54899659376753,"purchased_purges":2,"victory":false,"master_deck":["Strike_R+1","Defend_R","Defend_R","Defend_R","Defend_R","Bash+1","AscendersBane","Twin Strike+1","Headbutt","Ghostly Armor","Uppercut+1","Battle Trance","Searing Blow+1","Ghostly Armor+1","Feel No Pain+1","Reckless Charge","Spot Weakness","Shrug It Off","Disarm"],"max_hp_per_floor":[75,75,75,75,68,68,68,68,68,68,68,68,68,68,68,68,68,68,75,75,75,75,75,75,75,75,75,75,75,75,75,75,75],"relics":["Mark of Pain","Golden Idol","Paper Frog","Mercury Hourglass","Astrolabe","Strawberry","Juzu Bracelet","Art of War","Vajra","Anchor","Question Card"],"card_choices":[{"not_picked":["Thunderclap","Disarm"],"picked":"Twin Strike","floor":1},{"not_picked":["Flex","Reckless Charge"],"picked":"Headbutt","floor":3},{"not_picked":["Whirlwind","Combust"],"picked":"Ghostly Armor","floor":10},{"not_picked":["Burning Pact","Perfected Strike"],"picked":"Uppercut","floor":12},{"not_picked":["Brutality","Cleave"],"picked":"Battle Trance","floor":14},{"not_picked":["Pommel Strike","Second Wind"],"picked":"Reckless Charge","floor":18},{"not_picked":["Iron Wave","Havoc"],"picked":"Shrug It Off","floor":21},{"not_picked":["Bludgeon","Clash"],"picked":"Disarm","floor":24}],"player_experience":438204,"potions_floor_usage":[12,16,22,24,33],"damage_taken":[{"damage":2,"enemies":"Jaw Worm","floor":1,"turns":5},{"damage":6,"enemies":"Cultist","floor":3,"turns":3},{"damage":7,"enemies":"2 Louse","floor":4,"turns":2},{"damage":12,"enemies":"Exordium Wildlife","floor":10,"turns":3},{"damage":9,"enemies":"3 Louse","floor":12,"turns":3},{"damage":6,"enemies":"Looter","floor":14,"turns":2},{"damage":12,"enemies":"Hexaghost","floor":16,"turns":6},{"damage":14,"enemies":"Shell Parasite","floor":18,"turns":6},{"damage":10,"enemies":"2 Thieves","floor":21,"turns":4},{"damage":26,"enemies":"Snecko","floor":22,"turns":6},{"damage":27,"enemies":"Slavers","floor":24,"turns":7},{"damage":7,"enemies":"Book of Stabbing","floor":31,"turns":5},{"damage":88,"enemies":"Collector","floor":33,"turns":10}],"event_choices":[{"event_name":"Shining Light","player_choice":"Entered Light","floor":2,"damage_taken":0},{"event_name":"Golden Idol","player_choice":"Lose Max HP","floor":5,"damage_taken":0},{"event_name":"World of Goop","player_choice":"Gather Gold","floor":8,"damage_taken":0},{"event_name":"The Library","player_choice":"Read","floor":20,"damage_taken":0},{"event_name":"Addict","player_choice":"Obtained Relic","floor":27,"damage_taken":0},{"event_name":"Accursed Blacksmith","player_choice":"Rummage","floor":28,"damage_taken":0}],"boss_relics":[{"not_picked":["Runic Pyramid","Velvet Choker"],"picked":"Astrolabe"}],"potions_floor_spawned":[10,12,14,18,24],"seed_played":"4752379699322017514","killed_by":"Collector","ascension_level":15,"is_trial":false}