{"path_per_floor":["M","?","M","M","?","E","R","E","T","M","E","R","E","M","R","B",null,"M","?","$","M","$","E","R"],"character_chosen":"IRONCLAD","items_purchased":["Ice Cream"],"gold_per_floor":[110,110,120,133,133,168,168,202,202,216,250,250,280,300,300,377,377,390,305,14,28,28,53,53,53],"floor_reached":25,"campfire_rested":3,"playtime":1061,"current_hp_per_floor":[66,66,71,69,65,36,60,36,36,42,25,49,44,45,45,37,71,48,48,48,43,43,26,50,0],"items_purged":[],"gold":53,"score":436,"play_id":"cd607ac9-9f92-436f-bf77-9efc5f75dab9","local_time":"20180411002956","is_prod":false,"is_daily":false,"chose_seed":false,"is_ascension_mode":true,"campfire_upgraded":1,"timestamp":1523420996,"path_taken":["M","?","?","M","?","E","R","E","T","M","E","R","E","M","R","BOSS","M","?","?","M","$","E","R","E"],"build_version":"2018-04-10","seed_source_timestamp":623468117180557,"purchased_purges":0,"victory":false,"master_deck":["Strike_R","Strike_R","Strike_R","Strike_R","Strike_R+1","Defend_R","Defend_R","Defend_R","Defend_R","Bash+1","AscendersBane","Infernal Blade","Spot Weakness+1","Headbutt+1","Offering","Flame Barrier","Shrug It Off","Offering","Exhume","Inflame","True Grit+1"],"max_hp_per_floor":[75,75,75,75,82,82,82,82,82,82,82,82,82,82,82,82,82,82,82,82,82,82,82,82,82],"relics":["Burning Blood","Strawberry","Dodecahedron","Art of War","Peace Pipe","Self Forming Clay","Whetstone","Philosopher\u0027s Stone","Orichalcum","Ice Cream","Blood Vial"],"card_choices":[{"not_picked":["Flex","Armaments"],"picked":"Infernal Blade","floor":1},{"not_picked":["Impervious","Metallicize"],"picked":"Spot Weakness","floor":3},{"not_picked":["Anger","Combust"],"picked":"Headbutt","floor":6},{"not_picked":["Armaments","Seeing Red"],"picked":"Offering","floor":8},{"not_picked":["Thunderclap","Ghostly Armor"],"picked":"Flame Barrier","floor":10},{"not_picked":["Ghostly Armor","Cleave"],"picked":"Shrug It Off","floor":11},{"not_picked":["Reckless Charge","Disarm"],"picked":"Offering","floor":14},{"not_picked":["Berserk","Brutality"],"picked":"Exhume","floor":16},{"not_picked":["Cleave","Iron Wave"],"picked":"Inflame","floor":18},{"not_picked":["Rage","Barricade"],"picked":"True Grit","floor":23}],"player_experience":423212,"potions_floor_usage":[8,11,13,16,16,21,25,25],"damage_taken":[{"damage":8,"enemies":"Small Slimes","floor":1,"turns":4},{"damage":1,"enemies":"Cultist","floor":3,"turns":3},{"damage":8,"enemies":"2 Louse","floor":4,"turns":3},{"damage":35,"enemies":"Gremlin Nob","floor":6,"turns":4},{"damage":30,"enemies":"Lagavulin","floor":8,"turns":6},{"damage":0,"enemies":"Red Slaver","floor":10,"turns":1},{"damage":23,"enemies":"Gremlin Nob","floor":11,"turns":4},{"damage":11,"enemies":"Lagavulin","floor":13,"turns":6},{"damage":5,"enemies":"Exordium Wildlife","floor":14,"turns":4},{"damage":26,"enemies":"Slime Boss","floor":16,"turns":10},{"damage":29,"enemies":"2 Thieves","floor":18,"turns":2},{"damage":11,"enemies":"Spheric Guardian","floor":21,"turns":4},{"damage":35,"enemies":"Slavers","floor":23,"turns":6},{"damage":61,"enemies":"Gremlin Leader","floor":25,"turns":6}],"event_choices":[{"event_name":"Upgrade Shrine","player_choice":"Upgraded","floor":2,"damage_taken":0},{"event_name":"Scrap Ooze","player_choice":"success","floor":5,"damage_taken":11},{"event_name":"Addict","player_choice":"Obtained Relic","floor":19,"damage_taken":0}],"boss_relics":[{"not_picked":["Runic Dome","Tiny House"],"picked":"Philosopher\u0027s Stone"}],"potions_floor_spawned":[6,8,10,11,13,14,18,23],"seed_played":"-4683902342178510662","killed_by":"Gremlin Leader","ascension_level":15,"is_trial":false}