{"path_per_floor":["M","?","M","?","M","R","M","M","T","E","M","E","M","E","R"],"character_chosen":"IRONCLAD","items_purchased":[],"gold_per_floor":[109,109,125,200,218,218,229,242,242,273,285,320,337,369,369,369],"floor_reached":16,"campfire_rested":0,"playtime":853,"current_hp_per_floor":[74,79,80,69,71,71,66,55,55,36,41,38,40,39,39,0],"items_purged":[],"gold":369,"score":217,"play_id":"6b32dd6e-2075-4df3-a719-5fe82d5d5ba7","local_time":"20180415205332","is_prod":false,"is_daily":false,"chose_seed":false,"is_ascension_mode":true,"campfire_upgraded":2,"timestamp":1523840012,"path_taken":["M","?","M","?","M","R","M","M","T","E","M","E","M","E","R","BOSS"],"build_version":"2018-04-13","seed_source_timestamp":359421353716061,"purchased_purges":0,"victory":false,"master_deck":["Strike_R","Strike_R","Strike_R","Strike_R","Strike_R","Defend_R","Defend_R","Defend_R+1","Defend_R","Bash+1","AscendersBane","Clash","Inflame","Flame Barrier","Disarm","Cleave","Feel No Pain","True Grit+1","Twin Strike","Shrug It Off","Burning Pact+1"],"max_hp_per_floor":[75,80,80,80,80,80,80,80,80,80,80,80,80,80,80,80],"relics":["Burning Blood","Blood Vial","Oddly Smooth Stone","Mummified Hand","War Paint"],"card_choices":[{"not_picked":["Iron Wave","Armaments"],"picked":"Clash","floor":1},{"not_picked":["Heavy Blade","Thunderclap"],"picked":"Inflame","floor":3},{"not_picked":["Infernal Blade","Clothesline"],"picked":"Flame Barrier","floor":5},{"not_picked":["Pommel Strike","Twin Strike"],"picked":"Disarm","floor":7},{"not_picked":["Iron Wave","Bloodletting"],"picked":"Cleave","floor":8},{"not_picked":["Power Through","Bloodletting"],"picked":"Feel No Pain","floor":10},{"not_picked":["Searing Blow","Twin Strike"],"picked":"True Grit","floor":11},{"not_picked":["Perfected Strike","Rage"],"picked":"Twin Strike","floor":12},{"not_picked":["Rupture","Rampage"],"picked":"Shrug It Off","floor":13},{"not_picked":["Whirlwind","Shrug It Off"],"picked":"Burning Pact","floor":14}],"player_experience":478346,"potions_floor_usage":[8,8,12,16],"damage_taken":[{"damage":0,"enemies":"Small Slimes","floor":1,"turns":3},{"damage":5,"enemies":"2 Louse","floor":3,"turns":4},{"damage":4,"enemies":"Jaw Worm","floor":5,"turns":3},{"damage":11,"enemies":"Blue Slaver","floor":7,"turns":4},{"damage":17,"enemies":"Exordium Thugs","floor":8,"turns":6},{"damage":27,"enemies":"Gremlin Nob","floor":10,"turns":5},{"damage":3,"enemies":"2 Fungi Beasts","floor":11,"turns":3},{"damage":11,"enemies":"Lagavulin","floor":12,"turns":7},{"damage":6,"enemies":"Looter","floor":13,"turns":4},{"damage":9,"enemies":"3 Sentries","floor":14,"turns":5},{"damage":48,"enemies":"Slime Boss","floor":16,"turns":10}],"event_choices":[{"event_name":"Big Fish","player_choice":"Donut","floor":2,"damage_taken":0},{"event_name":"World of Goop","player_choice":"Gather Gold","floor":4,"damage_taken":0}],"boss_relics":[],"potions_floor_spawned":[1,7,10,14],"seed_played":"-1392733670801811140","killed_by":"Slime Boss","ascension_level":15,"is_trial":false}