{"path_per_floor":["M","M","M","M","M","R","E","R","T","E","$","M","E","M","R"],"character_chosen":"IRONCLAD","items_purchased":["Tiny Chest"],"gold_per_floor":[113,125,144,157,172,172,203,203,228,261,62,79,112,124,124,124],"floor_reached":16,"campfire_rested":1,"playtime":753,"current_hp_per_floor":[68,68,68,67,57,57,53,53,53,55,55,41,35,37,63,0],"items_purged":["Strike_R"],"gold":124,"score":217,"play_id":"09253829-4f59-4c1f-89e7-d7337c6c8640","local_time":"20180411152107","is_prod":false,"is_daily":false,"chose_seed":false,"is_ascension_mode":true,"campfire_upgraded":2,"timestamp":1523474467,"path_taken":["M","M","M","M","M","R","E","R","T","E","?","M","E","M","R","BOSS"],"build_version":"2018-04-10","seed_source_timestamp":677242814669459,"purchased_purges":1,"victory":false,"master_deck":["Strike_R","Strike_R","Strike_R","Strike_R","Defend_R","Defend_R","Defend_R","Defend_R","Bash+1","AscendersBane","Clothesline+1","Inflame","Shrug It Off","Immolate","Twin Strike","Hemokinesis","Feel No Pain"],"max_hp_per_floor":[68,68,68,68,68,68,75,75,75,89,89,89,89,89,89,89],"relics":["Burning Blood","Sundial","Strawberry","Blood Vial","Mango","Tiny Chest","Oddly Smooth Stone"],"card_choices":[{"not_picked":["Shrug It Off","Pommel Strike"],"picked":"Clothesline","floor":1},{"not_picked":["Heavy Blade","Sword Boomerang"],"picked":"Inflame","floor":2},{"not_picked":["Headbutt","Clothesline"],"picked":"Shrug It Off","floor":3},{"not_picked":["Perfected Strike","Armaments"],"picked":"Immolate","floor":5},{"not_picked":["Shrug It Off","Flex"],"picked":"Twin Strike","floor":7},{"not_picked":["Flex","Armaments"],"picked":"Hemokinesis","floor":10},{"not_picked":["Warcry","Searing Blow"],"picked":"Feel No Pain","floor":14}],"player_experience":431018,"potions_floor_usage":[7,10,10,16,16],"damage_taken":[{"damage":1,"enemies":"Cultist","floor":1,"turns":3},{"damage":5,"enemies":"2 Louse","floor":2,"turns":4},{"damage":4,"enemies":"Small Slimes","floor":3,"turns":4},{"damage":7,"enemies":"2 Fungi Beasts","floor":4,"turns":5},{"damage":16,"enemies":"Exordium Wildlife","floor":5,"turns":6},{"damage":17,"enemies":"Lagavulin","floor":7,"turns":5},{"damage":20,"enemies":"Gremlin Nob","floor":10,"turns":4},{"damage":22,"enemies":"Large Slime","floor":12,"turns":5},{"damage":14,"enemies":"3 Sentries","floor":13,"turns":6},{"damage":6,"enemies":"2 Fungi Beasts","floor":14,"turns":3},{"damage":79,"enemies":"Slime Boss","floor":16,"turns":8}],"event_choices":[],"boss_relics":[],"potions_floor_spawned":[2,5,7,13,14],"seed_played":"5487551265201290401","killed_by":"Slime Boss","ascension_level":15,"is_trial":false}