{"path_per_floor":["M","M","?","M","$","R","E","R","T","M","E","M","$","E","R","B",null,"M","M","?","$","M","R","E","R","T","M","E","R","M","M","R","B",null,"M","?","?","?","M","E","R","E","T","R","M","?","R","$","R","B"],"character_chosen":"IRONCLAD","items_purchased":["Blood Vial","Kunai","Oddly Smooth Stone"],"gold_per_floor":[15,32,32,42,42,42,77,77,131,149,179,196,121,149,149,222,222,239,251,176,28,47,47,80,80,80,94,126,126,140,157,157,234,234,254,554,604,604,618,644,644,673,697,697,709,709,709,204,204,204],"floor_reached":51,"campfire_rested":4,"playtime":2892,"current_hp_per_floor":[74,67,67,72,72,72,54,54,54,55,43,46,46,41,41,39,74,79,57,57,57,33,58,14,39,39,47,22,22,18,26,26,11,67,65,65,65,65,68,46,46,17,17,57,45,45,45,45,86,46],"items_purged":["Strike_R","Strike_R"],"gold":204,"score":1342,"play_id":"1f48d375-b2a3-4969-87ea-598a506ff145","local_time":"20180412160623","is_prod":false,"is_daily":false,"chose_seed":false,"is_ascension_mode":true,"campfire_upgraded":4,"timestamp":1523563583,"path_taken":["M","M","?","?","$","R","E","R","T","M","E","?","$","E","R","BOSS","M","?","?","$","M","R","E","R","T","M","E","R","?","M","R","BOSS","M","?","?","?","M","E","R","E","T","R","M","?","R","$","R","BOSS"],"build_version":"2018-04-11","seed_source_timestamp":0,"purchased_purges":2,"victory":true,"master_deck":["Strike_R","Strike_R","Defend_R","Defend_R","Defend_R","Bash+1","AscendersBane","Cleave","Clothesline","Pommel Strike+1","Shrug It Off","Iron Wave","Disarm+1","Demon Form+1","Ghostly Armor","Disarm+1","Pummel","Offering","Disarm","Feed","Warcry+1","Heavy Blade","Shrug It Off+1"],"max_hp_per_floor":[75,75,75,75,75,75,75,75,75,75,85,85,85,85,85,85,85,85,85,85,85,85,85,85,85,85,85,85,85,85,85,85,85,85,85,85,85,85,85,85,85,85,85,85,88,88,88,88,88,88],"relics":["Burning Blood","Red Skull","Art of War","Pen Nib","Pear","Dodecahedron","Velvet Choker","Blood Vial","Lantern","Pantograph","Girya","Sozu","Bottled Lightning","Happy Flower","Regal Pillow","Kunai","Oddly Smooth Stone"],"card_choices":[{"not_picked":["Body Slam","Second Wind"],"picked":"Cleave","floor":1.0},{"not_picked":["Heavy Blade","Pummel"],"picked":"Clothesline","floor":4.0},{"not_picked":["Twin Strike","Cleave"],"picked":"Pommel Strike","floor":7.0},{"not_picked":["Perfected Strike","Clash"],"picked":"Shrug It Off","floor":10.0},{"not_picked":["Brutality","Thunderclap"],"picked":"Iron Wave","floor":11.0},{"not_picked":["Immolate","Headbutt"],"picked":"Disarm","floor":14.0},{"not_picked":["Impervious","Juggernaut"],"picked":"Demon Form","floor":16.0},{"not_picked":["Rupture","Wild Strike"],"picked":"Ghostly Armor","floor":18.0},{"not_picked":["Armaments","Twin Strike"],"picked":"Disarm","floor":22},{"not_picked":["Seeing Red","Clothesline"],"picked":"Pummel","floor":24},{"not_picked":["Body Slam","Flex"],"picked":"Offering","floor":28},{"not_picked":["Rampage","Reckless Charge"],"picked":"Disarm","floor":30},{"not_picked":["Impervious","Juggernaut"],"picked":"Feed","floor":33},{"not_picked":["Pommel Strike","Battle Trance"],"picked":"Warcry","floor":35},{"not_picked":["Clothesline","Twin Strike"],"picked":"Heavy Blade","floor":40},{"not_picked":["Clash","Juggernaut"],"picked":"Shrug It Off","floor":45}],"player_experience":439392,"potions_floor_usage":[24,28,28,33,40],"damage_taken":[{"damage":0.0,"enemies":"Small Slimes","floor":1.0,"turns":3.0},{"damage":13.0,"enemies":"Cultist","floor":2.0,"turns":6.0},{"damage":1.0,"enemies":"Jaw Worm","floor":4.0,"turns":6.0},{"damage":24.0,"enemies":"Gremlin Nob","floor":7.0,"turns":4.0},{"damage":5.0,"enemies":"2 Fungi Beasts","floor":10.0,"turns":4.0},{"damage":28.0,"enemies":"Lagavulin","floor":11.0,"turns":6.0},{"damage":3.0,"enemies":"Exordium Thugs","floor":12.0,"turns":6.0},{"damage":11.0,"enemies":"Gremlin Nob","floor":14.0,"turns":3.0},{"damage":8.0,"enemies":"The Guardian","floor":16.0,"turns":14.0},{"damage":1.0,"enemies":"Chosen","floor":18.0,"turns":5.0},{"damage":28.0,"enemies":"Spheric Guardian","floor":19.0,"turns":5.0},{"damage":32,"enemies":"3 Cultists","floor":22,"turns":6},{"damage":52,"enemies":"Gremlin Leader","floor":24,"turns":8},{"damage":0,"enemies":"Snecko","floor":27,"turns":5},{"damage":33,"enemies":"Slavers","floor":28,"turns":6},{"damage":12,"enemies":"Centurion and Healer","floor":30,"turns":6},{"damage":0,"enemies":"3 Cultists","floor":31,"turns":4},{"damage":48,"enemies":"Collector","floor":33,"turns":9},{"damage":10,"enemies":"Flame Bruiser 1 Orb","floor":35,"turns":4},{"damage":5,"enemies":"Orb Walker","floor":39,"turns":3},{"damage":30,"enemies":"Nemesis","floor":40,"turns":7},{"damage":37,"enemies":"Giant Head","floor":42,"turns":7},{"damage":23,"enemies":"3 Darklings","floor":45,"turns":4},{"damage":48,"enemies":"Awakened One","floor":50,"turns":15}],"event_choices":[{"event_name":"The Lab","player_choice":"Got Potions","floor":3.0,"damage_taken":0.0},{"event_name":"Beggar","player_choice":"Gave Gold","floor":20.0,"damage_taken":0.0},{"event_name":"Wheel of Change","player_choice":"Gold","floor":36,"damage_taken":0},{"event_name":"Golden Shrine","player_choice":"Pray","floor":37,"damage_taken":0},{"event_name":"Tomb of Lord Red Mask","player_choice":"Ignored","floor":46,"damage_taken":0}],"boss_relics":[{"not_picked":["Pandora\u0027s Box","Eternal Feather"],"picked":"Sozu"}],"potions_floor_spawned":[2,11,12,16,18,24,31,33,35,45],"seed_played":"-8994927351549243010","ascension_level":15,"is_trial":false}