{"path_per_floor":["M","?","$","?","M","E","R","E","T","E","M","M","$","?","R","B",null,"M","?","M","?","M","R","E","R","T","E","T","R","E","M","R","B",null,"M","?","?","M","?","R","E","M","T","M","E","R","?","$","R","B"],"character_chosen":"IRONCLAD","items_purchased":["Bronze Scales","Whetstone","Swift Strike","Block Potion","Block Potion","Orichalcum","Shuriken","Bottled Tornado"],"gold_per_floor":[113,113,113,188,204,229,229,260,260,286,297,311,155,155,155,233,233,244,244,258,286,303,303,335,335,382,415,415,415,443,455,455,527,527,546,546,594,606,828,828,860,877,877,893,920,920,920,35,35,35],"floor_reached":51,"campfire_rested":5,"playtime":2541,"current_hp_per_floor":[74,63,63,52,58,64,64,50,50,32,38,38,38,38,60,56,70,75,75,78,75,64,64,48,72,72,78,78,78,59,54,79,15,72,54,95,96,82,82,82,78,75,85,80,55,91,87,87,125,78],"items_purged":[],"gold":35,"score":1420,"play_id":"73d6ae5a-8802-4066-ba46-7622b299d390","local_time":"20180414125031","is_prod":false,"is_daily":false,"chose_seed":false,"is_ascension_mode":true,"campfire_upgraded":4,"timestamp":1523724631,"path_taken":["M","?","?","?","?","E","R","E","T","E","M","M","$","?","R","BOSS","M","?","?","?","M","R","E","R","T","E","?","R","E","M","R","BOSS","M","?","?","M","?","R","E","M","T","M","E","R","?","$","R","BOSS"],"build_version":"2018-04-13","seed_source_timestamp":242328974285890,"purchased_purges":2,"victory":true,"master_deck":["Strike_R","Strike_R","Strike_R","Strike_R","Strike_R","Defend_R","Defend_R","Defend_R","Defend_R","Bash","AscendersBane","Perfected Strike+1","Armaments+1","Perfected Strike+1","Shockwave+1","Spot Weakness","Shrug It Off","Feed+1","Ghostly Armor+1","Pommel Strike+1","Battle Trance+1","Pommel Strike","Pommel Strike","Evolve","Swift Strike"],"max_hp_per_floor":[75,75,75,75,75,75,75,75,75,75,75,75,75,75,75,75,75,75,75,78,78,78,78,81,81,81,83,83,83,83,85,85,91,91,95,95,99,103,103,103,109,109,119,121,123,123,129,129,129,133],"relics":["Burning Blood","NeowsBlessing","Dodecahedron","Gremlin Horn","Self Forming Clay","Paper Frog","Bronze Scales","Velvet Choker","Red Mask","Mercury Hourglass","Singing Bowl","Bag of Preparation","The Courier","Ornamental Fan","Philosopher\u0027s Stone","Bird Faced Urn","Meat on the Bone","Pear","Lantern","Whetstone","Orichalcum","Shuriken","Bottled Tornado"],"card_choices":[{"not_picked":["Armaments","Thunderclap"],"picked":"Perfected Strike","floor":1},{"not_picked":["Heavy Blade","Sever Soul"],"picked":"Armaments","floor":5},{"not_picked":["Sentinel","Seeing Red"],"picked":"Perfected Strike","floor":8},{"not_picked":["Clothesline","Flex"],"picked":"Shockwave","floor":10},{"not_picked":["Dropkick","Demon Form"],"picked":"Spot Weakness","floor":11},{"not_picked":["Pummel","Iron Wave"],"picked":"Shrug It Off","floor":12},{"not_picked":["Bludgeon","Impervious"],"picked":"Feed","floor":16},{"not_picked":["Clothesline","Whirlwind"],"picked":"Ghostly Armor","floor":18},{"not_picked":["Reaper","Fiend Fire"],"picked":"Pommel Strike","floor":30},{"not_picked":["Rupture","Clothesline"],"picked":"Battle Trance","floor":35},{"not_picked":["Spot Weakness","Cleave"],"picked":"Pommel Strike","floor":37},{"not_picked":["Warcry","Spot Weakness"],"picked":"Pommel Strike","floor":38},{"not_picked":["Warcry","Sentinel"],"picked":"Evolve","floor":42}],"player_experience":465636,"potions_floor_usage":[16,18,20,21,30,31,33,33,41,50,50,50],"damage_taken":[{"damage":0,"enemies":"Cultist","floor":1,"turns":1},{"damage":0,"enemies":"Jaw Worm","floor":5,"turns":1},{"damage":0,"enemies":"Lagavulin","floor":6,"turns":1},{"damage":20,"enemies":"Gremlin Nob","floor":8,"turns":4},{"damage":24,"enemies":"Lagavulin","floor":10,"turns":7},{"damage":0,"enemies":"Small Slimes","floor":11,"turns":2},{"damage":6,"enemies":"Blue Slaver","floor":12,"turns":5},{"damage":10,"enemies":"The Guardian","floor":16,"turns":11},{"damage":0,"enemies":"Spheric Guardian","floor":18,"turns":3},{"damage":0,"enemies":"Chosen","floor":20,"turns":2},{"damage":9,"enemies":"Masked Bandits","floor":21,"turns":4},{"damage":17,"enemies":"Slaver and Parasite","floor":22,"turns":6},{"damage":25,"enemies":"Book of Stabbing","floor":24,"turns":5},{"damage":2,"enemies":"Gremlin Leader","floor":27,"turns":6},{"damage":25,"enemies":"Slavers","floor":30,"turns":6},{"damage":13,"enemies":"Snecko","floor":31,"turns":4},{"damage":76,"enemies":"Automaton","floor":33,"turns":10},{"damage":28,"enemies":"3 Darklings","floor":35,"turns":3},{"damage":9,"enemies":"Mysterious Sphere","floor":37,"turns":4},{"damage":24,"enemies":"3 Shapes","floor":38,"turns":3},{"damage":16,"enemies":"2 Orb Walkers","floor":41,"turns":4},{"damage":9,"enemies":"Sphere and 2 Shapes","floor":42,"turns":3},{"damage":15,"enemies":"Maw","floor":44,"turns":6},{"damage":45,"enemies":"Nemesis","floor":45,"turns":5},{"damage":71,"enemies":"Donu and Deca","floor":50,"turns":5}],"event_choices":[{"event_name":"Wheel of Change","player_choice":"Damage","floor":2,"damage_taken":0},{"event_name":"World of Goop","player_choice":"Gather Gold","floor":4,"damage_taken":0},{"event_name":"Liars Game","player_choice":"disagreed","floor":14,"damage_taken":0},{"event_name":"The Lab","player_choice":"Got Potions","floor":19,"damage_taken":0},{"event_name":"Masked Bandits","player_choice":"Fought over 258 gold","floor":21,"damage_taken":0},{"event_name":"Wheel of Change","player_choice":"Full Heal","floor":36,"damage_taken":0},{"event_name":"Mysterious Sphere","player_choice":"Fight","floor":37,"damage_taken":0},{"event_name":"Tomb of Lord Red Mask","player_choice":"Wore Mask","floor":39,"damage_taken":0},{"event_name":"SensoryStone","player_choice":"Memory 3","floor":47,"damage_taken":0}],"boss_relics":[{"not_picked":["Orrery","Pandora\u0027s Box"],"picked":"Velvet Choker"},{"not_picked":["Calling Bell","Lizard Tail"],"picked":"Philosopher\u0027s Stone"}],"potions_floor_spawned":[6,10,12,20,21,31,33,35],"seed_played":"-6800107496760159054","ascension_level":15,"is_trial":false}