{"path_per_floor":["M","?","?","?","M","R","?","M","T","M","R","E","M","M","R","B",null,"M","M","?","M"],"character_chosen":"IRONCLAD","items_purchased":[],"gold_per_floor":[116,116,116,116,136,136,136,154,179,198,198,242,255,268,268,361,361,380,395,395,419,419],"floor_reached":22,"campfire_rested":3,"playtime":1293,"current_hp_per_floor":[65,65,58,2,2,24,24,14,14,7,42,13,15,12,47,6,53,35,33,33,13,0],"items_purged":[],"gold":419,"score":354,"play_id":"6d5f9424-9c6d-4c77-abdf-9d8844c9ab60","local_time":"20180415220341","is_prod":false,"is_daily":false,"chose_seed":false,"is_ascension_mode":true,"campfire_upgraded":0,"timestamp":1523844221,"path_taken":["M","?","?","?","M","R","?","?","T","M","R","E","M","M","R","BOSS","M","M","?","M","?"],"build_version":"2018-04-13","seed_source_timestamp":363188777800306,"purchased_purges":0,"victory":false,"master_deck":["Defend_R","Defend_R","Defend_R","Defend_R","Bash","AscendersBane","Carnage","Pommel Strike","Evolve","Reckless Charge","Shrug It Off","Intimidate","Armaments","Feed","Ghostly Armor","Anger","Bite","Bite","Bite","Bite","Bite","Clothesline"],"max_hp_per_floor":[75,75,75,75,75,75,68,68,68,68,68,68,68,68,68,68,68,72,75,75,75,75],"relics":["White Beast Statue","Omamori","Golden Idol","Regal Pillow","Velvet Choker"],"card_choices":[{"not_picked":["Seeing Red","Armaments"],"picked":"Carnage","floor":1},{"not_picked":["Hemokinesis","Pummel"],"picked":"Pommel Strike","floor":5},{"not_picked":["Warcry","Power Through"],"picked":"Evolve","floor":8},{"not_picked":["Clothesline","Iron Wave"],"picked":"Reckless Charge","floor":10},{"not_picked":["Spot Weakness","Flex"],"picked":"Shrug It Off","floor":12},{"not_picked":["Power Through","Reckless Charge"],"picked":"Intimidate","floor":13},{"not_picked":["Uppercut","Shockwave"],"picked":"Armaments","floor":14},{"not_picked":["Barricade","Double Tap"],"picked":"Feed","floor":16},{"not_picked":["Clash","Flex"],"picked":"Ghostly Armor","floor":18},{"not_picked":["Headbutt","Sword Boomerang"],"picked":"Anger","floor":19},{"not_picked":["Ghostly Armor","Armaments"],"picked":"Clothesline","floor":21}],"player_experience":482076,"potions_floor_usage":[5,8,13,16,16,19,21,22,22],"damage_taken":[{"damage":3,"enemies":"2 Louse","floor":1,"turns":4},{"damage":0,"enemies":"Jaw Worm","floor":5,"turns":7},{"damage":10,"enemies":"Small Slimes","floor":8,"turns":3},{"damage":7,"enemies":"Looter","floor":10,"turns":3},{"damage":29,"enemies":"Gremlin Nob","floor":12,"turns":4},{"damage":0,"enemies":"3 Louse","floor":13,"turns":2},{"damage":5,"enemies":"Large Slime","floor":14,"turns":6},{"damage":55,"enemies":"Slime Boss","floor":16,"turns":12},{"damage":24,"enemies":"Shell Parasite","floor":18,"turns":12},{"damage":7,"enemies":"3 Byrds","floor":19,"turns":6},{"damage":37,"enemies":"Snake Plant","floor":21,"turns":6},{"damage":20,"enemies":"Snecko","floor":22,"turns":4}],"event_choices":[{"event_name":"Living Wall","player_choice":"Forget","floor":2,"damage_taken":0},{"event_name":"Golden Wing","player_choice":"Card Removal","floor":3,"damage_taken":0},{"event_name":"Scrap Ooze","player_choice":"success","floor":4,"damage_taken":56},{"event_name":"Golden Idol","player_choice":"Lose Max HP","floor":7,"damage_taken":0},{"event_name":"Vampires","player_choice":"Became a vampire (Vial)","floor":20,"damage_taken":0}],"boss_relics":[{"not_picked":["Orrery","Eternal Feather"],"picked":"Velvet Choker"}],"potions_floor_spawned":[1,5,8,10,12,13,14,16,18,19,21],"seed_played":"-5318914823529733718","killed_by":"Snecko","ascension_level":15,"is_trial":false}