{"path_per_floor":["M","?","M","M","M","R","$","E","T","R","T","E","R","M","R","B",null,"M","M"],"character_chosen":"IRONCLAD","items_purchased":[],"gold_per_floor":[113,113,125,144,160,160,85,117,141,141,141,176,176,190,190,264,264,280,294,294],"floor_reached":20,"campfire_rested":1,"playtime":1093,"current_hp_per_floor":[61,54,45,43,40,44,44,18,18,44,44,47,51,51,57,21,62,46,19,0],"items_purged":["Strike_R"],"gold":294,"score":322,"play_id":"e5af2aba-f29a-4609-93a8-bede60d0ed26","local_time":"20180417184440","is_prod":false,"is_daily":false,"chose_seed":false,"is_ascension_mode":true,"campfire_upgraded":3,"timestamp":1524005080,"path_taken":["M","?","M","M","M","R","?","E","T","R","?","E","R","?","R","BOSS","M","M","?"],"build_version":"2018-04-16","seed_source_timestamp":524255589210598,"purchased_purges":1,"victory":false,"master_deck":["Strike_R","Defend_R","Defend_R","Defend_R","Bash+1","AscendersBane","Clothesline+1","Shrug It Off","Twin Strike","Shrug It Off","Body Slam+1","Corruption","Demon Form","Warcry+1","Rage+1","Sever Soul+1","Spot Weakness"],"max_hp_per_floor":[75,75,75,75,75,75,75,75,75,75,75,75,75,75,75,75,75,75,75,75],"relics":["Eternal Feather","Orichalcum","Dream Catcher","Matryoshka","Bronze Scales","Astrolabe"],"card_choices":[{"not_picked":["Intimidate","Armaments"],"picked":"Clothesline","floor":1},{"not_picked":["Wild Strike","Perfected Strike"],"picked":"Shrug It Off","floor":3},{"not_picked":["Clash","Searing Blow"],"picked":"Twin Strike","floor":4},{"not_picked":["Battle Trance","Twin Strike"],"picked":"Shrug It Off","floor":10},{"not_picked":["True Grit","Sword Boomerang"],"picked":"Body Slam","floor":12},{"not_picked":["Cleave","Pommel Strike"],"picked":"Corruption","floor":14},{"not_picked":["Double Tap","Exhume"],"picked":"Demon Form","floor":16},{"not_picked":["Bloodletting","True Grit"],"picked":"Spot Weakness","floor":19}],"player_experience":496968,"potions_floor_usage":[8,12,16,20,20],"damage_taken":[{"damage":7,"enemies":"Small Slimes","floor":1,"turns":4},{"damage":9,"enemies":"Jaw Worm","floor":3,"turns":5},{"damage":2,"enemies":"Cultist","floor":4,"turns":5},{"damage":3,"enemies":"Looter","floor":5,"turns":4},{"damage":26,"enemies":"Lagavulin","floor":8,"turns":7},{"damage":6,"enemies":"Gremlin Nob","floor":12,"turns":4},{"damage":0,"enemies":"2 Fungi Beasts","floor":14,"turns":3},{"damage":36,"enemies":"The Guardian","floor":16,"turns":15},{"damage":16,"enemies":"Spheric Guardian","floor":18,"turns":4},{"damage":27,"enemies":"Shell Parasite","floor":19,"turns":8},{"damage":20,"enemies":"Masked Bandits","floor":20,"turns":2}],"event_choices":[{"event_name":"Golden Wing","player_choice":"Card Removal","floor":2,"damage_taken":0},{"event_name":"Masked Bandits","player_choice":"Fought over 294 gold","floor":20,"damage_taken":0}],"boss_relics":[{"not_picked":["Orrery","Runic Pyramid"],"picked":"Astrolabe"}],"potions_floor_spawned":[1,5,8,14,18,19],"seed_played":"-3758294302181564237","killed_by":"Masked Bandits","ascension_level":15,"is_trial":false}