{"path_per_floor":["M","?","M","?","M","R","E","R","T","R","M","M","E","M","R","B",null,"M","?","?","?","M","R","E","R","T","M","E","M","R","M","R","B",null,"M","?","?","M","M","R","$","?","T","$","?","M","M","M","R","B"],"character_chosen":"IRONCLAD","items_purchased":["Du-Vu Doll","Mummified Hand","Letter Opener","Shockwave"],"gold_per_floor":[13,13,33,33,46,46,87,87,87,87,108,132,176,200,200,298,298,321,321,321,321,334,334,365,365,365,383,422,438,438,453,453,552,552,570,903,955,972,984,984,383,383,406,16,16,33,45,57,57,57],"floor_reached":51,"campfire_rested":3,"playtime":2838,"current_hp_per_floor":[65,39,32,57,58,58,28,28,28,50,54,52,47,52,52,27,63,60,60,52,52,35,35,36,36,36,37,24,24,39,34,49,28,46,52,52,52,52,52,52,52,52,52,52,52,33,52,52,52,34],"items_purged":["Defend_R","Defend_R"],"gold":57,"score":1255,"play_id":"ef71db42-9e02-4c45-8bbb-1200dd58b2f2","local_time":"20180419165925","is_prod":false,"is_daily":false,"chose_seed":false,"is_ascension_mode":true,"campfire_upgraded":7,"timestamp":1524171565,"path_taken":["M","?","M","?","?","R","E","R","T","R","M","M","E","M","R","BOSS","M","?","?","?","M","R","E","R","T","M","E","M","R","M","R","BOSS","M","?","?","?","?","R","$","?","T","$","?","M","M","M","R","BOSS"],"build_version":"2018-04-18","seed_source_timestamp":688996296821775,"purchased_purges":3,"victory":true,"master_deck":["Defend_R","Defend_R","Bash+1","AscendersBane","Inflame+1","Carnage+1","Body Slam+1","Shrug It Off+1","Ghostly Armor+1","Hemokinesis+1","Barricade+1","Iron Wave+1","Armaments+1","Bite","Bite","Bite","Bite","Bite","Shrug It Off+1","Battle Trance+1","Shockwave+1","Dark Shackles+1","Decay","Shockwave+1","Writhe","Entrench+1","Body Slam+1"],"max_hp_per_floor":[75,75,75,75,75,75,75,75,75,75,75,75,75,75,75,75,75,75,75,52,52,52,52,52,52,52,52,52,52,52,52,52,52,52,52,52,52,52,52,52,52,52,52,52,52,52,52,52,52,52],"relics":["Burning Blood","Toxic Egg 2","Meat on the Bone","Blue Candle","Sozu","Red Skull","Smiling Mask","Ornamental Fan","Cursed Key","Bird Faced Urn","Du-Vu Doll","Mummified Hand","Juzu Bracelet","Letter Opener"],"card_choices":[{"not_picked":["Power Through","Dual Wield"],"picked":"Inflame","floor":1},{"not_picked":["Headbutt","Cleave"],"picked":"Carnage","floor":3},{"not_picked":["Second Wind","Warcry"],"picked":"Body Slam","floor":7},{"not_picked":["Ghostly Armor","Reaper"],"picked":"Shrug It Off","floor":11},{"not_picked":["Warcry","Sentinel"],"picked":"Ghostly Armor","floor":12},{"not_picked":["Warcry","Shrug It Off"],"picked":"Hemokinesis","floor":14},{"not_picked":["Impervious","Reaper"],"picked":"Barricade","floor":16},{"not_picked":["Cleave","Heavy Blade"],"picked":"Iron Wave","floor":18},{"not_picked":["Demon Form","Brutality"],"picked":"Battle Trance","floor":24},{"not_picked":["Iron Wave","Anger"],"picked":"Shockwave","floor":31},{"not_picked":["Panacea","Secret Weapon"],"picked":"Dark Shackles","floor":42},{"not_picked":["Cleave","Havoc"],"picked":"Entrench","floor":47},{"not_picked":["Battle Trance","Sentinel"],"picked":"Body Slam","floor":48}],"player_experience":520647,"potions_floor_usage":[7,13,14,22],"damage_taken":[{"damage":9,"enemies":"Cultist","floor":1,"turns":5},{"damage":13,"enemies":"Jaw Worm","floor":3,"turns":4},{"damage":5,"enemies":"Small Slimes","floor":5,"turns":5},{"damage":36,"enemies":"Lagavulin","floor":7,"turns":7},{"damage":2,"enemies":"Looter","floor":11,"turns":4},{"damage":8,"enemies":"Large Slime","floor":12,"turns":6},{"damage":23,"enemies":"Gremlin Nob","floor":13,"turns":4},{"damage":1,"enemies":"Gremlin Gang","floor":14,"turns":7},{"damage":43,"enemies":"Slime Boss","floor":16,"turns":11},{"damage":9,"enemies":"Spheric Guardian","floor":18,"turns":4},{"damage":29,"enemies":"Chosen","floor":22,"turns":5},{"damage":35,"enemies":"Slavers","floor":24,"turns":8},{"damage":24,"enemies":"Snake Plant","floor":27,"turns":5},{"damage":44,"enemies":"Book of Stabbing","floor":28,"turns":7},{"damage":25,"enemies":"Sentry and Sphere","floor":29,"turns":5},{"damage":21,"enemies":"Cultist and Chosen","floor":31,"turns":6},{"damage":73,"enemies":"Collector","floor":33,"turns":12},{"damage":4,"enemies":"3 Shapes","floor":35,"turns":7},{"damage":4,"enemies":"Mysterious Sphere","floor":37,"turns":9},{"damage":15,"enemies":"Flame Bruiser 1 Orb","floor":38,"turns":6},{"damage":3,"enemies":"Sphere and 2 Shapes","floor":39,"turns":7},{"damage":26,"enemies":"Spire Growth","floor":46,"turns":4},{"damage":7,"enemies":"Maw","floor":47,"turns":6},{"damage":5,"enemies":"4 Shapes","floor":48,"turns":5},{"damage":59,"enemies":"Time Eater","floor":50,"turns":11}],"event_choices":[{"event_name":"Golden Idol","player_choice":"Take Damage","floor":2,"damage_taken":0},{"event_name":"Big Fish","player_choice":"Banana","floor":4,"damage_taken":0},{"event_name":"The Library","player_choice":"Read","floor":19,"damage_taken":0},{"event_name":"Vampires","player_choice":"Became a vampire","floor":20,"damage_taken":0},{"event_name":"Duplicator","player_choice":"One dupe","floor":21,"damage_taken":0},{"event_name":"The Moai Head","player_choice":"Gave Idol","floor":36,"damage_taken":0},{"event_name":"Mysterious Sphere","player_choice":"Fight","floor":37,"damage_taken":0},{"event_name":"SensoryStone","player_choice":"Memory 1","floor":42,"damage_taken":0},{"event_name":"Winding Halls","player_choice":"Writhe","floor":45,"damage_taken":0}],"boss_relics":[{"not_picked":["Calling Bell","Runic Dome"],"picked":"Sozu"},{"not_picked":["Velvet Choker","Tiny House"],"picked":"Cursed Key"}],"potions_floor_spawned":[1,3,5,13,24,27,33,35,37,39,47,48],"seed_played":"-5007735120580792593","ascension_level":15,"is_trial":false}