{"path_per_floor":["M","M","?","?","M","R","E","R","T","R","M","M","R","E","R","B",null,"M","M","?","M","$","E","R","M","T","E","M","R","?","E","R","B",null,"M","?","$","M","M","R","E","R","T","M","R","?","E","M","R","B"],"character_chosen":"THE_SILENT","items_purchased":["Apotheosis","Accuracy","Tingsha","Prepared"],"gold_per_floor":[110,127,127,127,151,151,191,191,217,217,241,261,261,302,302,423,423,437,453,378,392,55,96,96,111,111,146,164,164,164,205,205,328,328,348,348,15,31,56,56,99,99,99,117,117,117,155,171,171,171],"floor_reached":51,"campfire_rested":3,"playtime":3334,"current_hp_per_floor":[70,70,70,53,53,53,31,31,31,52,52,46,46,39,70,42,70,56,37,37,39,39,50,50,48,48,33,31,31,54,52,52,47,70,59,59,59,53,53,53,63,63,70,70,70,60,55,66,87,62],"items_purged":["Strike_G"],"gold":171,"score":800,"play_id":"11dbe195-cfab-45cc-8c65-6c634da75dfe","local_time":"20180404193558","is_prod":false,"is_daily":false,"is_ascension_mode":false,"campfire_upgraded":8,"timestamp":1522863358,"path_taken":["M","M","?","?","M","R","E","R","T","R","?","M","R","E","R","BOSS","M","M","?","M","$","E","R","M","T","E","M","R","?","E","R","BOSS","M","?","$","M","?","R","E","R","T","?","R","?","E","M","R","BOSS"],"build_version":"2018-03-29","purchased_purges":1,"victory":true,"master_deck":["Defend_G","Defend_G","Defend_G","Defend_G","Defend_G","Strike_G","Survivor","Neutralize+1","Malaise","Cloak And Dagger+1","Backstab","Infinite Blades+1","Burst","A Thousand Cuts+1","After Image+1","Cloak And Dagger+1","Calculated Gamble","Backflip","Apotheosis+1","Accuracy+1","Noxious Fumes+1","Dagger Throw+1","Backflip+1","Storm of Steel","Cloak And Dagger","Prepared","Accuracy+1","Footwork+1","Caltrops","Bandage Up","Master of Strategy","Bandage Up"],"max_hp_per_floor":[70,70,70,70,70,70,70,70,70,70,70,70,70,70,70,70,70,70,70,70,70,70,70,70,70,70,70,70,70,70,70,70,70,70,70,70,70,70,70,70,80,80,87,87,87,87,87,87,87,87],"relics":["Ring of the Snake","NeowsBlessing","Golden Idol","Meat on the Bone","Ancient Tea Set","Regal Pillow","Philosopher\u0027s Stone","Ninja Scroll","Unceasing Top","Matryoshka","Question Card","Sozu","Tingsha","Pear","Strawberry","Girya","Gambling Chip"],"card_choices":[{"not_picked":["Backstab","Deadly Poison"],"picked":"Malaise","floor":1},{"not_picked":["Deadly Poison","Dodge and Roll"],"picked":"Cloak And Dagger","floor":2},{"not_picked":["Heel Hook","PiercingWail"],"picked":"Backstab","floor":5},{"not_picked":["Outmaneuver","Backflip"],"picked":"Infinite Blades","floor":7},{"not_picked":["Slice","Deflect"],"picked":"Burst","floor":11},{"not_picked":["Catalyst","All Out Attack"],"picked":"A Thousand Cuts","floor":14},{"not_picked":["Wraith Form","Glass Knife"],"picked":"After Image","floor":16},{"not_picked":["Dagger Spray","Dash"],"picked":"Cloak And Dagger","floor":18},{"not_picked":["Expertise","Deflect"],"picked":"Calculated Gamble","floor":19},{"not_picked":["PiercingWail","Dodge and Roll"],"picked":"Backflip","floor":21},{"not_picked":["Deflect","Acrobatics"],"picked":"Noxious Fumes","floor":23},{"not_picked":["Wraith Form","Slice"],"picked":"Dagger Throw","floor":25},{"not_picked":["Well Laid Plans","Poisoned Stab"],"picked":"Backflip","floor":31},{"not_picked":["Night Terror","A Thousand Cuts","Corpse Explosion"],"picked":"Storm of Steel","floor":33},{"not_picked":["Quick Slash","Deflect","Masterful Stab"],"picked":"Cloak And Dagger","floor":35},{"not_picked":["Dagger Throw","Quick Slash","Deadly Poison"],"picked":"Accuracy","floor":39},{"not_picked":["PiercingWail","Acrobatics","Escape Plan"],"picked":"Footwork","floor":41},{"not_picked":["PiercingWail","Cloak And Dagger","Dagger Throw"],"picked":"Caltrops","floor":44},{"not_picked":["Jack Of All Trades","Trip","Finesse"],"picked":"Bandage Up","floor":46},{"not_picked":["Enlightenment","Transmutation","Flash of Steel"],"picked":"Master of Strategy","floor":46},{"not_picked":["Purity","Dark Shackles","Transmutation"],"picked":"Bandage Up","floor":46}],"player_experience":46686,"potions_floor_usage":[16,19,21,23,27,31],"damage_taken":[{"damage":0,"enemies":"Jaw Worm","floor":1,"turns":1},{"damage":0,"enemies":"Cultist","floor":2,"turns":1},{"damage":0,"enemies":"2 Louse","floor":5,"turns":1},{"damage":22,"enemies":"Gremlin Nob","floor":7,"turns":5},{"damage":0,"enemies":"Large Slime","floor":11,"turns":5},{"damage":6,"enemies":"Lots of Slimes","floor":12,"turns":5},{"damage":7,"enemies":"Lagavulin","floor":14,"turns":10},{"damage":40,"enemies":"Hexaghost","floor":16,"turns":15},{"damage":14,"enemies":"Spheric Guardian","floor":18,"turns":6},{"damage":19,"enemies":"Chosen","floor":19,"turns":6},{"damage":10,"enemies":"Snake Plant","floor":21,"turns":6},{"damage":4,"enemies":"Book of Stabbing","floor":23,"turns":7},{"damage":2,"enemies":"Centurion and Healer","floor":25,"turns":5},{"damage":27,"enemies":"Slavers","floor":27,"turns":5},{"damage":14,"enemies":"3 Cultists","floor":28,"turns":4},{"damage":11,"enemies":"Book of Stabbing","floor":31,"turns":4},{"damage":5,"enemies":"Automaton","floor":33,"turns":9},{"damage":11,"enemies":"3 Shapes","floor":35,"turns":5},{"damage":6,"enemies":"Orb Walker","floor":38,"turns":3},{"damage":0,"enemies":"Maw","floor":39,"turns":5},{"damage":0,"enemies":"Giant Head","floor":41,"turns":6},{"damage":0,"enemies":"4 Shapes","floor":44,"turns":4},{"damage":25,"enemies":"2 Orb Walkers","floor":47,"turns":4},{"damage":1,"enemies":"Sphere and 2 Shapes","floor":48,"turns":4},{"damage":37,"enemies":"Awakened One","floor":50,"turns":9}],"event_choices":[{"event_name":"Bonfire Elementals","player_choice":"BASIC","floor":3,"damage_taken":0},{"event_name":"Golden Idol","player_choice":"Take Damage","floor":4,"damage_taken":0},{"event_name":"Beggar","player_choice":"Gave Gold","floor":20,"damage_taken":0},{"event_name":"The Library","player_choice":"Heal","floor":30,"damage_taken":0},{"event_name":"SensoryStone","player_choice":"Memory 3","floor":46,"damage_taken":0}],"boss_relics":[{"not_picked":["Runic Dome","Lizard Tail"],"picked":"Philosopher\u0027s Stone"},{"not_picked":["White Beast Statue","The Specimen"],"picked":"Sozu"}],"potions_floor_spawned":[1,2,11,19,23,28,35,39,41,48],"seed_played":"-4963935560012610026","ascension_level":0,"is_trial":false}