{"path_per_floor":["M","M","$","M","?","E","M","?","T","E","M","?","M","M","R","B",null,"M","M","?","?","M","R","$","R","T","M"],"character_chosen":"THE_SILENT","items_purchased":["Infinite Blades","Caltrops"],"gold_per_floor":[119,134,26,38,38,64,84,84,84,115,126,126,138,149,149,244,244,255,270,270,270,280,280,107,107,107,120,120],"floor_reached":28,"campfire_rested":1,"playtime":1898,"current_hp_per_floor":[70,69,69,69,69,60,58,58,58,40,38,38,27,16,37,15,70,70,68,68,68,38,38,38,38,38,37,0],"items_purged":["Strike_G","Strike_G"],"gold":120,"score":232,"play_id":"254ef82b-7e71-4da7-b9bf-1559744bd47c","local_time":"20180406113424","is_prod":false,"is_daily":false,"is_ascension_mode":false,"campfire_upgraded":2,"timestamp":1523007264,"path_taken":["M","M","$","M","?","E","M","?","T","E","M","?","M","?","R","BOSS","M","M","?","?","M","R","?","R","T","M","E"],"build_version":"2018-03-29","purchased_purges":2,"victory":false,"master_deck":["Defend_G","Defend_G","Defend_G","Defend_G","Strike_G","Survivor","Neutralize","Footwork","Infinite Blades+1","Choke","Backflip","Quick Slash","Cloak And Dagger","Infinite Blades+1","Unload","Terror","After Image","Finisher+1","Accuracy+1","Caltrops"],"max_hp_per_floor":[70,70,70,70,70,70,70,70,70,70,70,70,70,70,70,70,70,70,70,70,70,70,70,70,70,70,70,70],"relics":["Ring of the Snake","Prayer Wheel","Peace Pipe","Centennial Puzzle","Calipers"],"card_choices":[{"not_picked":["Outmaneuver","Poisoned Stab"],"picked":"Footwork","floor":2.0},{"not_picked":["Bane","PiercingWail"],"picked":"Choke","floor":4.0},{"not_picked":["Dodge and Roll","Acrobatics"],"picked":"Backflip","floor":6.0},{"not_picked":["Dagger Throw","Calculated Gamble"],"picked":"Quick Slash","floor":7.0},{"not_picked":["Prepared","Caltrops"],"picked":"Cloak And Dagger","floor":9.0},{"not_picked":["Dodge and Roll","Slice"],"picked":"Infinite Blades","floor":11.0},{"not_picked":["Dagger Throw","PiercingWail"],"picked":"Terror","floor":13.0},{"not_picked":["Glass Knife","Burst"],"picked":"After Image","floor":16.0},{"not_picked":["Sucker Punch","Backstab"],"picked":"Finisher","floor":19}],"player_experience":52875,"potions_floor_usage":[18,28],"damage_taken":[{"damage":0.0,"enemies":"Small Slimes","floor":1.0,"turns":4.0},{"damage":1.0,"enemies":"Jaw Worm","floor":2.0,"turns":7.0},{"damage":0.0,"enemies":"Cultist","floor":4.0,"turns":5.0},{"damage":9.0,"enemies":"3 Sentries","floor":6.0,"turns":8.0},{"damage":2.0,"enemies":"Blue Slaver","floor":7.0,"turns":5.0},{"damage":18.0,"enemies":"Gremlin Nob","floor":10.0,"turns":4.0},{"damage":2.0,"enemies":"Gremlin Gang","floor":11.0,"turns":5.0},{"damage":11.0,"enemies":"Exordium Wildlife","floor":13.0,"turns":4.0},{"damage":11.0,"enemies":"Large Slime","floor":14.0,"turns":5.0},{"damage":22.0,"enemies":"The Guardian","floor":16.0,"turns":9.0},{"damage":0,"enemies":"Shell Parasite","floor":18,"turns":6},{"damage":2,"enemies":"3 Byrds","floor":19,"turns":6},{"damage":30,"enemies":"Cultist and Chosen","floor":22,"turns":6},{"damage":1,"enemies":"Snake Plant","floor":27,"turns":5},{"damage":45,"enemies":"Gremlin Leader","floor":28,"turns":4}],"event_choices":[{"event_name":"Living Wall","player_choice":"Forget","floor":5.0,"damage_taken":0.0},{"event_name":"Accursed Blacksmith","player_choice":"Ignore","floor":8.0,"damage_taken":0.0},{"event_name":"Transmorgrifier","player_choice":"Transform","floor":12.0,"damage_taken":0.0},{"event_name":"The Library","player_choice":"Read","floor":20,"damage_taken":0},{"event_name":"Upgrade Shrine","player_choice":"Upgraded","floor":21,"damage_taken":0}],"boss_relics":[{"not_picked":["Snecko Eye","Runic Pyramid","Runic Dome"]}],"potions_floor_spawned":[1,7,13,16,22],"seed_played":"4641453297897914158","killed_by":"Gremlin Leader","ascension_level":0,"is_trial":false}