{"path_per_floor":["M","M","?","?","?","R","$","R","T","M","M","M","M","E","R","B",null,"M","$","$","?","M","R"],"character_chosen":"THE_SILENT","items_purchased":["Dodge and Roll","Outmaneuver","Caltrops","Corpse Explosion","Outmaneuver","Backflip","Footwork"],"gold_per_floor":[17,27,202,202,202,202,46,46,73,90,106,118,133,167,167,269,269,282,107,70,70,85,85],"floor_reached":24,"campfire_rested":1,"playtime":1720,"current_hp_per_floor":[67,65,65,51,51,51,51,51,58,58,58,49,49,43,43,26,77,51,51,51,51,18,41],"items_purged":[],"gold":85,"play_id":"507c8550-24bf-47ba-ba55-3819bfaf7e10","is_prod":false,"is_daily":false,"campfire_rituals":0,"campfire_upgraded":0,"is_hardmode":false,"path_taken":["M","M","?","?","?","R","$","R","T","M","M","M","?","E","R","BOSS","M","?","$","?","M","R","E"],"build_version":"2018-01-18-PROD4","purchased_purges":0,"victory":false,"master_deck":["Defend_G","Defend_G","Defend_G","Defend_G","Defend_G","Strike_G","Strike_G","Strike_G","Strike_G","Survivor","Neutralize","Flying Knee","Backflip","Doubt","Poisoned Stab","Dodge and Roll","Outmaneuver","Caltrops","Bouncing Flask","Choke","Heel Hook","Malaise","Acrobatics","Wraith Form","Dodge and Roll","Corpse Explosion","Outmaneuver","Backflip","Footwork","Escape Plan","Prepared"],"max_hp_per_floor":[70,70,70,70,70,70,70,70,77,77,77,77,77,77,77,77,77,77,77,77,77,77,77],"relics":["Ring of the Snake","Girya","Strawberry","Juzu Bracelet","The Specimen"],"campfire_meditates":0,"card_choices":[{"not_picked":["Skewer","Prepared"],"picked":"Flying Knee"},{"not_picked":["Prepared","All Out Attack"],"picked":"Backflip"},{"not_picked":["Caltrops","Slice"],"picked":"Bouncing Flask"},{"not_picked":["Sucker Punch","Glass Knife"],"picked":"Choke"},{"not_picked":["Sucker Punch","Masterful Stab"],"picked":"Heel Hook"},{"not_picked":["Deflect","PiercingWail"],"picked":"Malaise"},{"not_picked":["Dodge and Roll","Dagger Throw"],"picked":"Acrobatics"},{"not_picked":["Phantasmal Killer","Venomology"],"picked":"Wraith Form"},{"not_picked":["Backflip","Sucker Punch"],"picked":"Dodge and Roll"},{"not_picked":["Dodge and Roll","Blade Dance"],"picked":"Prepared"}],"player_experience":22886,"potions_floor_usage":[14,14,16,24,24],"damage_taken":[{"damage":3,"enemies":"Jaw Worm","floor":1,"turns":4},{"damage":2,"enemies":"Small Slimes","floor":2,"turns":4},{"damage":0,"enemies":"2 Louse","floor":10,"turns":3},{"damage":0,"enemies":"Large Slime","floor":11,"turns":4},{"damage":9,"enemies":"2 Fungi Beasts","floor":12,"turns":3},{"damage":0,"enemies":"Red Slaver","floor":13,"turns":3},{"damage":12,"enemies":"Gremlin Nob","floor":14,"turns":4},{"damage":32,"enemies":"Hexaghost","floor":16,"turns":9},{"damage":26,"enemies":"Shell Parasite","floor":18,"turns":6},{"damage":33,"enemies":"3 Byrds","floor":22,"turns":5},{"damage":43,"enemies":"Book of Stabbing","floor":24,"turns":8}],"event_choices":[{"event_name":"Liars Game","player_choice":"agreed","floor":3,"damage_taken":0},{"event_name":"Shining Light","player_choice":"Entered Light","floor":4,"damage_taken":0},{"event_name":"Transmorgrifier","player_choice":"Transform","floor":5,"damage_taken":0},{"event_name":"The Library","player_choice":"Read","floor":21,"damage_taken":0}],"boss_relics":[{"not_picked":["Sozu","Question Card"],"picked":"The Specimen"}],"potions_floor_spawned":[1,10,13,18,22],"seed_played":"6790980283564883367","killed_by":"Book of Stabbing","is_trial":false}