{"path_per_floor":["M","M","M","$","M","R","E","M","T","$","R","?","?","M","R","B",null,"M","$","?","M","M","R","E","R","T","M","E","T","M"],"character_chosen":"THE_SILENT","items_purchased":["Quick Slash","Toolbox","Ancient Tea Set","Poisoned Stab"],"gold_per_floor":[363,375,387,121,134,134,166,176,200,51,51,51,51,65,65,160,160,178,154,154,168,178,178,208,208,208,227,260,260,276],"floor_reached":31,"campfire_rested":3,"playtime":3092,"current_hp_per_floor":[70,70,69,69,69,69,36,29,29,29,50,50,43,43,43,16,70,36,36,36,33,21,42,21,42,42,40,11,11,3],"items_purged":[],"gold":276,"play_id":"c6b88bd3-dc0b-446e-a8aa-d9d70f9c141b","is_prod":false,"is_daily":false,"campfire_rituals":0,"campfire_upgraded":2,"is_hardmode":false,"path_taken":["M","M","M","$","M","R","E","M","T","$","R","?","?","?","R","BOSS","M","?","?","?","M","R","E","R","T","M","E","?","M","?"],"build_version":"2018-01-18-PROD4","purchased_purges":0,"victory":false,"master_deck":["Defend_G","Defend_G","Defend_G","Defend_G","Defend_G","Strike_G","Strike_G","Strike_G","Strike_G","Survivor","Neutralize","Dagger Spray","Distraction","Backflip","Quick Slash","Noxious Fumes","Bane","Escape Plan","Poisoned Stab","Wraith Form","Well Laid Plans","Poisoned Stab","Prepared","Deadly Poison","Dodge and Roll","Deadly Poison","Bullet Time","Underhanded Strike"],"max_hp_per_floor":[70,70,70,70,70,70,70,70,70,70,70,70,70,70,70,70,70,70,70,70,70,70,70,70,70,70,70,70,70,70],"relics":["Ring of the Snake","Toolbox","Centennial Puzzle","Bronze Scales","Ancient Tea Set","The Specimen","Mercury Hourglass","Ginger","Pen Nib","Girya"],"campfire_meditates":0,"card_choices":[{"not_picked":["Riddle With Holes","Sucker Punch"],"picked":"Dagger Spray"},{"not_picked":["Outmaneuver","Bane"],"picked":"Distraction"},{"not_picked":["Masterful Stab","Slice"],"picked":"Backflip"},{"not_picked":["Quick Slash","Underhanded Strike"],"picked":"Noxious Fumes"},{"not_picked":["PiercingWail","Riddle With Holes"],"picked":"Bane"},{"not_picked":["Deflect","Flying Knee"],"picked":"Escape Plan"},{"not_picked":["Endless Agony","Dagger Spray"],"picked":"Poisoned Stab"},{"not_picked":["Doppelganger","Die Die Die"],"picked":"Wraith Form"},{"not_picked":["Flying Knee","Terror"],"picked":"Well Laid Plans"},{"not_picked":["PiercingWail","Dagger Spray"],"picked":"Prepared"},{"not_picked":["Terror","Backflip"],"picked":"Deadly Poison"},{"not_picked":["Outmaneuver","After Image"],"picked":"Dodge and Roll"},{"not_picked":["Dagger Spray","Backstab"],"picked":"Deadly Poison"},{"not_picked":["Calculated Gamble","Underhanded Strike"],"picked":"Bullet Time"},{"not_picked":["Masterful Stab","Heel Hook"],"picked":"Underhanded Strike"}],"player_experience":31342,"potions_floor_usage":[16,18,22,24,28],"damage_taken":[{"damage":0,"enemies":"2 Louse","floor":1,"turns":4},{"damage":0,"enemies":"Cultist","floor":2,"turns":5},{"damage":1,"enemies":"Jaw Worm","floor":3,"turns":4},{"damage":0,"enemies":"Large Slime","floor":5,"turns":6},{"damage":33,"enemies":"Gremlin Nob","floor":7,"turns":5},{"damage":7,"enemies":"Gremlin Gang","floor":8,"turns":5},{"damage":0,"enemies":"Red Slaver","floor":14,"turns":3},{"damage":27,"enemies":"The Guardian","floor":16,"turns":9},{"damage":34,"enemies":"Spheric Guardian","floor":18,"turns":8},{"damage":3,"enemies":"Shell Parasite","floor":21,"turns":5},{"damage":21,"enemies":"3 Cultists","floor":22,"turns":4},{"damage":21,"enemies":"Book of Stabbing","floor":24,"turns":5},{"damage":2,"enemies":"Snecko","floor":27,"turns":5},{"damage":29,"enemies":"Gremlin Leader","floor":28,"turns":5},{"damage":8,"enemies":"Slaver and Parasite","floor":30,"turns":6},{"damage":6,"enemies":"Centurion and Healer","floor":31,"turns":2}],"event_choices":[{"event_name":"Living Wall","player_choice":"Forget","floor":12,"damage_taken":0},{"event_name":"Golden Wing","player_choice":"Card Removal","floor":13,"damage_taken":0},{"event_name":"Purifier","player_choice":"Skipped","floor":20,"damage_taken":0}],"boss_relics":[{"not_picked":["Eternal Feather","Sozu"],"picked":"The Specimen"}],"potions_floor_spawned":[1,5,8,21,24,27,30],"seed_played":"-7876298691644504523","killed_by":"Centurion and Healer","is_trial":false}