{"path_per_floor":["M","?","?","M","?","E","R","E","T","R","T","M","?","M","R"],"character_chosen":"THE_SILENT","items_purchased":[],"gold_per_floor":[11,11,186,206,281,311,311,342,342,342,342,359,359,371,371],"floor_reached":16,"campfire_rested":2,"playtime":1128,"current_hp_per_floor":[68,68,68,68,57,13,34,35,35,35,35,35,28,21,46],"items_purged":[],"gold":371,"play_id":"e3da841a-07f5-4b09-a90b-bb232a44575e","is_prod":false,"is_daily":false,"campfire_rituals":0,"campfire_upgraded":1,"is_hardmode":false,"path_taken":["M","?","?","M","?","E","R","E","T","R","?","M","?","M","R","BOSS"],"build_version":"2018-01-18-PROD4","purchased_purges":0,"victory":false,"master_deck":["Defend_G","Defend_G","Defend_G","Defend_G","Strike_G","Strike_G","Strike_G","Strike_G","Strike_G","Survivor","Neutralize","Burst","Bouncing Flask","Acrobatics","Dagger Throw","Dagger Throw","Prepared","Outmaneuver","Distraction"],"max_hp_per_floor":[70,70,70,70,70,70,70,84,84,84,84,84,84,84,84],"relics":["Ring of the Snake","Anchor","Mango","Pen Nib","Unceasing Top"],"campfire_meditates":0,"card_choices":[{"not_picked":["Venomology","Die Die Die"],"picked":"Burst"},{"not_picked":["Choke","Sucker Punch"],"picked":"Bouncing Flask"},{"not_picked":["Dagger Spray","Dash"],"picked":"Dagger Throw"},{"not_picked":["Phantasmal Killer","Masterful Stab"],"picked":"Dagger Throw"},{"not_picked":["Dagger Throw","Flying Knee"],"picked":"Prepared"},{"not_picked":["Bouncing Flask","Dagger Throw"],"picked":"Outmaneuver"},{"not_picked":["Deflect","Dagger Throw"],"picked":"Distraction"}],"player_experience":15242,"potions_floor_usage":[8,16],"damage_taken":[{"damage":2,"enemies":"Small Slimes","floor":1,"turns":5},{"damage":0,"enemies":"Cultist","floor":4,"turns":3},{"damage":44,"enemies":"3 Sentries","floor":6,"turns":14},{"damage":13,"enemies":"Lagavulin","floor":8,"turns":5},{"damage":0,"enemies":"2 Louse","floor":12,"turns":3},{"damage":7,"enemies":"Looter","floor":14,"turns":3},{"damage":58,"enemies":"Slime Boss","floor":16,"turns":7}],"event_choices":[{"event_name":"Living Wall","player_choice":"Change","floor":2,"damage_taken":0},{"event_name":"Liars Game","player_choice":"agreed","floor":3,"damage_taken":0},{"event_name":"World of Goop","player_choice":"Gather Gold","floor":5,"damage_taken":0},{"event_name":"Golden Wing","player_choice":"Card Removal","floor":13,"damage_taken":0}],"boss_relics":[],"potions_floor_spawned":[1,4,8],"seed_played":"4201026292699430926","killed_by":"Slime Boss","is_trial":false}