{"path_per_floor":["M","M","?","?","$","E","R","?","T","M","M","R","M","M","R","B",null,"M","?","M","M","M","R","M","?","T","?","R","$","R","T","R","B",null,"M","?","?","?","$","R","?","M","T","R","M","M","R","M","R"],"character_chosen":"THE_SILENT","items_purchased":["Escape Plan","Poisoned Stab","Footwork","Gambling Chip","Dagger Throw","Footwork"],"gold_per_floor":[118,137,137,137,65,94,94,156,156,174,189,189,209,222,222,326,326,338,338,358,373,389,389,399,399,399,399,399,297,297,324,324,421,421,436,436,436,436,19,19,19,38,38,38,49,69,69,80,80],"floor_reached":50,"campfire_rested":7,"playtime":5350,"current_hp_per_floor":[70,67,67,70,70,52,52,10,10,10,10,31,31,31,52,16,70,59,59,54,37,33,54,42,42,42,33,55,55,75,75,75,70,75,64,64,64,64,64,64,54,45,45,45,38,16,38,12,34],"items_purged":[],"gold":80,"play_id":"e9441f49-bf63-4003-a427-63fce9bd37df","is_prod":false,"is_daily":false,"campfire_rituals":0,"campfire_upgraded":4,"is_hardmode":false,"path_taken":["M","?","?","?","?","E","R","?","T","M","M","R","?","M","R","BOSS","M","?","M","M","?","R","?","?","T","?","R","$","R","?","R","BOSS","M","?","?","?","$","R","?","?","T","R","M","M","R","M","R","BOSS"],"build_version":"2018-01-18-PROD4","purchased_purges":0,"victory":false,"master_deck":["Defend_G","Defend_G","Defend_G","Defend_G","Defend_G","Strike_G","Strike_G","Strike_G","Strike_G","Strike_G","Survivor","Neutralize","Flying Knee","After Image","Escape Plan","All Out Attack","Poisoned Stab","Finisher","Backflip","Backflip","Masterful Stab","Burst","Deflect","Bouncing Flask","Calculated Gamble","Leg Sweep","Dodge and Roll","Outmaneuver","Adrenaline","Crippling Poison","Neutralize","Escape Plan","Caltrops","Terror","Footwork","Prepared","Poisoned Stab","Footwork","Quick Slash","Phantasmal Killer","Poisoned Stab","Night Terror","Dagger Throw","Footwork","Madness","Madness","Deadly Poison","Prepared","Crippling Poison","Deflect","Catalyst","Flying Knee","Acrobatics"],"max_hp_per_floor":[70,70,70,70,70,70,70,70,70,70,70,70,70,70,70,70,70,70,70,70,70,70,70,70,70,70,75,75,75,75,75,75,75,75,75,75,75,75,75,75,75,75,75,75,75,75,75,75,75],"relics":["Ring of the Snake","Anchor","Prayer Wheel","Dodecahedron","Bronze Scales","Orrery","Toolbox","Dream Catcher","Runic Pyramid","Gambling Chip","Torii"],"campfire_meditates":0,"card_choices":[{"not_picked":["Outmaneuver","Deflect"],"picked":"Well Laid Plans"},{"not_picked":["Deflect","Masterful Stab"],"picked":"Flying Knee"},{"not_picked":["Dodge and Roll","Deflect"],"picked":"All Out Attack"},{"not_picked":["Skewer","Masterful Stab"],"picked":"Poisoned Stab"},{"not_picked":["Acrobatics","Blur"],"picked":"Finisher"},{"not_picked":["PiercingWail","Outmaneuver"],"picked":"Backflip"},{"not_picked":["Prepared","Dagger Spray"],"picked":"Dagger Throw"},{"not_picked":["Prepared","Flechettes"],"picked":"Backflip"},{"not_picked":["Eviscerate","Blade Dance"],"picked":"Masterful Stab"},{"not_picked":["Doppelganger","Glass Knife"],"picked":"Burst"},{"not_picked":["Malaise","Deadly Poison"],"picked":"Deflect"},{"not_picked":["Slice","Deflect"],"picked":"Bouncing Flask"},{"not_picked":["Quick Slash","Prepared"],"picked":"Calculated Gamble"},{"not_picked":["Flying Knee","Acrobatics"],"picked":"Leg Sweep"},{"not_picked":["Slice","Flying Knee"],"picked":"Dodge and Roll"},{"not_picked":["Masterful Stab","Deadly Poison"],"picked":"Outmaneuver"},{"not_picked":["Flying Knee","Quick Slash"],"picked":"Escape Plan"},{"not_picked":["Prepared","After Image"],"picked":"Caltrops"},{"not_picked":["Prepared","Infinite Blades"],"picked":"Terror"},{"not_picked":["Slice","Dagger Throw"],"picked":"Footwork"},{"not_picked":["Bane","Deflect"],"picked":"Prepared"},{"not_picked":["Dagger Spray","Blade Dance"],"picked":"Quick Slash"},{"not_picked":["Die Die Die","After Image"],"picked":"Phantasmal Killer"},{"not_picked":["Flechettes","Flying Knee"],"picked":"Poisoned Stab"},{"not_picked":["Sucker Punch","Bane"],"picked":"Deadly Poison"},{"not_picked":["Finisher","Die Die Die"],"picked":"Prepared"},{"not_picked":["Acrobatics","Dagger Spray"],"picked":"Crippling Poison"},{"not_picked":["Dagger Throw","Endless Agony"],"picked":"Deflect"},{"not_picked":["Bane","Infinite Blades"],"picked":"Catalyst"},{"not_picked":["Finisher","Dagger Throw"],"picked":"Flying Knee"},{"not_picked":["Blade Dance","PiercingWail"],"picked":"Acrobatics"}],"player_experience":25992,"potions_floor_usage":[6,16,18,20,24,33,33,33,46,48,50],"damage_taken":[{"damage":0,"enemies":"Blue Slaver","floor":1,"turns":8},{"damage":3,"enemies":"Small Slimes","floor":2,"turns":4},{"damage":18,"enemies":"3 Sentries","floor":6,"turns":10},{"damage":42,"enemies":"Gremlin Nob","floor":8,"turns":6},{"damage":0,"enemies":"Cultist","floor":10,"turns":3},{"damage":0,"enemies":"Exordium Wildlife","floor":11,"turns":3},{"damage":0,"enemies":"Gremlin Gang","floor":13,"turns":3},{"damage":0,"enemies":"3 Louse","floor":14,"turns":2},{"damage":36,"enemies":"Slime Boss","floor":16,"turns":11},{"damage":11,"enemies":"Chosen","floor":18,"turns":4},{"damage":5,"enemies":"3 Byrds","floor":20,"turns":4},{"damage":17,"enemies":"Centurion and Healer","floor":21,"turns":10},{"damage":4,"enemies":"Snake Plant","floor":22,"turns":4},{"damage":12,"enemies":"Sentry and Sphere","floor":24,"turns":6},{"damage":20,"enemies":"Automaton","floor":33,"turns":14},{"damage":11,"enemies":"3 Shapes","floor":35,"turns":8},{"damage":9,"enemies":"Orb Walker","floor":42,"turns":5},{"damage":7,"enemies":"Sphere and 2 Shapes","floor":45,"turns":8},{"damage":22,"enemies":"4 Shapes","floor":46,"turns":6},{"damage":26,"enemies":"3 Darklings","floor":48,"turns":10},{"damage":44,"enemies":"Donu and Deca","floor":50,"turns":7}],"event_choices":[{"event_name":"Match and Keep!","player_choice":"2 cards matched","floor":3,"damage_taken":0},{"event_name":"Bonfire Elementals","player_choice":"UNCOMMON","floor":4,"damage_taken":0},{"event_name":"Dead Adventurer","player_choice":"Searched \u00273\u0027 times","floor":8,"damage_taken":0},{"event_name":"Match and Keep!","player_choice":"3 cards matched","floor":19,"damage_taken":0},{"event_name":"The Lab","player_choice":"Got Potions","floor":25,"damage_taken":0},{"event_name":"Forgotten Altar","player_choice":"Shed Blood","floor":27,"damage_taken":0},{"event_name":"Tomb of Lord Red Mask","player_choice":"Ignored","floor":36,"damage_taken":0},{"event_name":"Transmorgrifier","player_choice":"Transform","floor":37,"damage_taken":0},{"event_name":"Winding Halls","player_choice":"Embrace Madness","floor":41,"damage_taken":0}],"boss_relics":[{"not_picked":["Eternal Feather","Calling Bell"],"picked":"Orrery"},{"not_picked":["Velvet Choker","Question Card"],"picked":"Runic Pyramid"}],"potions_floor_spawned":[1,11,13,14,16,18,21,33,45,46],"seed_played":"-1454076833645389153","killed_by":"Donu and Deca","is_trial":false}