{"path_per_floor":["M","?","$","?","T","R","$","M","T","M","M","R","E","M","R","B",null,"M","M","$","M","M","R","?","E","T","$","E","R","M","$","R","B",null,"M","M","$","M","$","R","E","M","T","E","R","T","R","?","R","B"],"character_chosen":"THE_SILENT","items_purchased":["Paper Crane","Omamori","Strength Potion"],"gold_per_floor":[366,326,1,1,1,1,1,12,12,26,44,44,69,89,89,190,190,202,217,217,237,254,254,254,283,308,308,334,334,352,252,252,352,352,362,373,221,235,187,187,220,240,240,267,267,267,267,267,267,267],"floor_reached":51,"campfire_rested":0,"playtime":7415,"current_hp_per_floor":[63,63,63,63,63,63,63,62,62,62,59,59,41,40,40,38,70,57,53,53,44,44,44,28,40,40,40,27,27,36,36,36,19,70,67,54,54,54,54,54,45,39,39,28,28,28,28,60,60,42],"items_purged":["Writhe","Clumsy"],"gold":267,"play_id":"bf690884-a6f1-4521-b779-f57d66447751","is_prod":false,"is_daily":false,"is_ascension_mode":true,"campfire_upgraded":0,"path_taken":["M","?","$","?","?","R","$","?","T","M","M","R","E","M","R","BOSS","M","?","$","M","M","R","?","E","T","$","E","R","M","$","R","BOSS","M","M","$","M","$","R","E","M","T","E","R","?","R","?","R","BOSS"],"build_version":"2018-01-25-PROD3","purchased_purges":2,"victory":true,"master_deck":["Defend_G","Defend_G","Defend_G","Defend_G+1","Defend_G","Strike_G+1","Strike_G","Strike_G","Strike_G+1","Survivor","Neutralize+1","Outmaneuver","Backflip","Calculated Gamble+1","Leg Sweep","Well Laid Plans","Adrenaline","Quick Slash","After Image","Sucker Punch+1","Backstab+1","PiercingWail+1","Underhanded Strike+1","Storm of Steel","Deflect+1","Riddle With Holes+1","Acrobatics+1","Bane+1","Prepared+1"],"max_hp_per_floor":[70,70,70,70,70,70,70,70,70,70,70,70,70,70,70,70,70,70,70,70,70,70,70,70,70,70,70,70,70,70,70,70,70,70,70,70,70,70,70,70,70,70,70,70,70,70,70,60,60,60],"relics":["Ring of the Snake","Paper Crane","Shovel","Orichalcum","Peace Pipe","Mummified Hand","Shuriken","Snake Skull","Cursed Key","Meat on the Bone","Nilry\u0027s Codex","Unceasing Top","Vajra","Molten Egg","Whetstone","Mercury Hourglass","Black Star","Omamori","Centennial Puzzle","Bird Faced Urn","Du-Vu Doll","Frozen Eye","Anchor","Ancient Tea Set","War Paint","Oddly Smooth Stone","Blood Vial","The Courier"],"card_choices":[{"not_picked":["Deadly Poison","Heel Hook"],"picked":"Outmaneuver"},{"not_picked":["Dagger Throw","Backflip"],"picked":"Calculated Gamble"},{"not_picked":["Outmaneuver","Sucker Punch"],"picked":"Leg Sweep"},{"not_picked":["Flechettes","Outmaneuver"],"picked":"Well Laid Plans"},{"not_picked":["Dodge and Roll","Sucker Punch"],"picked":"Adrenaline"},{"not_picked":["Deadly Poison","Flechettes"],"picked":"Quick Slash"},{"not_picked":["Venomology","Bullet Time"],"picked":"After Image"},{"not_picked":["Outmaneuver","Dodge and Roll"],"picked":"Sucker Punch"},{"not_picked":["Deadly Poison","Outmaneuver"],"picked":"Backstab"},{"not_picked":["Backstab","Flying Knee"],"picked":"PiercingWail"},{"not_picked":["Slice","Dodge and Roll"],"picked":"Underhanded Strike"},{"not_picked":["Bullet Time","Unload"],"picked":"Storm of Steel"},{"not_picked":["Poisoned Stab","Cloak And Dagger"],"picked":"Deflect"},{"not_picked":["Poisoned Stab","Blade Dance"],"picked":"Riddle With Holes"},{"not_picked":["Reflex","Skewer"],"picked":"Acrobatics"},{"not_picked":["Outmaneuver","Quick Slash"],"picked":"Bane"},{"not_picked":["Bouncing Flask","PiercingWail"],"picked":"Prepared"}],"player_experience":118654,"potions_floor_usage":[50,50,50],"damage_taken":[{"damage":7.0,"enemies":"2 Louse","floor":1.0,"turns":4.0},{"damage":1.0,"enemies":"Blue Slaver","floor":8.0,"turns":6.0},{"damage":0.0,"enemies":"Jaw Worm","floor":10.0,"turns":7.0},{"damage":3.0,"enemies":"Exordium Wildlife","floor":11.0,"turns":8.0},{"damage":18.0,"enemies":"Lagavulin","floor":13.0,"turns":19.0},{"damage":1.0,"enemies":"Gremlin Gang","floor":14.0,"turns":8.0},{"damage":2.0,"enemies":"Hexaghost","floor":16.0,"turns":12.0},{"damage":13.0,"enemies":"Spheric Guardian","floor":18.0,"turns":9.0},{"damage":4.0,"enemies":"Chosen","floor":19.0,"turns":5.0},{"damage":9.0,"enemies":"Snecko","floor":21.0,"turns":8.0},{"damage":0.0,"enemies":"Centurion and Healer","floor":22.0,"turns":7.0},{"damage":0.0,"enemies":"Book of Stabbing","floor":25.0,"turns":8.0},{"damage":25.0,"enemies":"Gremlin Leader","floor":28.0,"turns":11.0},{"damage":3.0,"enemies":"Snake Plant","floor":30.0,"turns":4.0},{"damage":29.0,"enemies":"Collector","floor":33.0,"turns":10.0},{"damage":3.0,"enemies":"Orb Walker","floor":35.0,"turns":4.0},{"damage":13.0,"enemies":"3 Shapes","floor":36.0,"turns":8.0},{"damage":0,"enemies":"3 Darklings","floor":38,"turns":4},{"damage":9,"enemies":"2 Orb Walkers","floor":41,"turns":4},{"damage":10,"enemies":"4 Shapes","floor":42,"turns":7},{"damage":25,"enemies":"Giant Head","floor":44,"turns":7},{"damage":33,"enemies":"Donu and Deca","floor":50,"turns":6}],"event_choices":[{"event_name":"The Woman in Blue","player_choice":"Bought 3 Potions","floor":2.0,"damage_taken":0.0},{"event_name":"Transmorgrifier","player_choice":"Transform","floor":4.0,"damage_taken":0.0},{"event_name":"Cursed Tome","player_choice":"Obtained Book","floor":24.0,"damage_taken":0.0},{"event_name":"The Moai Head","player_choice":"Heal","floor":48,"damage_taken":0}],"boss_relics":[],"potions_floor_spawned":[10,16,18,25,28,30,36,44],"seed_played":"2313320580845400126","ascension_level":1,"is_trial":false}