{"path_per_floor":["M","$","M","$","?","R","M","R","T","?","R","E","M","$","R","B",null,"M","?","M","M","$","R","M","R","T","$","R","M","R","M","R","B",null,"M","?","M","$","M","R","M","R","T","M","?","?","M","M","R"],"character_chosen":"THE_SILENT","items_purchased":["Noxious Fumes","Footwork"],"gold_per_floor":[218,218,231,118,118,118,134,134,134,134,134,167,178,44,44,142,142,156,156,175,185,60,60,75,75,101,101,101,118,118,128,128,227,227,239,239,255,255,275,275,289,289,289,302,302,350,364,375,375],"floor_reached":50,"campfire_rested":4,"playtime":4267,"current_hp_per_floor":[66,66,66,66,66,66,62,62,62,62,62,35,25,25,46,37,70,67,67,49,38,38,38,27,27,27,27,27,11,32,28,49,17,70,69,69,49,49,46,46,52,52,52,52,52,23,5,3,24],"items_purged":["Strike_G","Regret","Normality"],"gold":375,"play_id":"534c92e7-3cc6-40e3-abbc-97748bea6f11","is_prod":false,"is_daily":false,"is_ascension_mode":false,"campfire_upgraded":2,"path_taken":["M","$","?","$","?","R","M","R","T","?","R","E","?","$","R","BOSS","M","?","?","M","$","R","?","R","T","?","R","?","R","M","R","BOSS","M","?","M","$","M","R","M","R","T","M","?","?","M","M","R","BOSS"],"build_version":"2018-01-25-PROD3","purchased_purges":3,"victory":false,"master_deck":["Defend_G","Defend_G","Defend_G","Defend_G","Defend_G","Strike_G","Strike_G","Strike_G+1","Survivor","Neutralize","Noxious Fumes+1","Poisoned Stab+1","Noxious Fumes+1","Footwork","After Image","Poisoned Stab+1","Prepared+1","Backflip+1","PiercingWail","Dodge and Roll","Escape Plan+1","Backflip","Finisher","Deadly Poison","Predator+1","PiercingWail+1"],"max_hp_per_floor":[70,70,70,70,70,70,70,70,70,70,70,70,70,70,70,70,70,70,70,70,70,70,70,70,70,70,70,70,70,70,70,70,70,70,70,70,70,70,70,70,70,70,70,70,70,70,70,70,70],"relics":["Ring of the Snake","Shovel","Paper Crane","Ancient Tea Set","Bronze Scales","Cursed Key","Omamori","Bag of Marbles","Bottled Flame","Toxic Egg","Peace Pipe","Philosopher\u0027s Stone","Bottled Tornado","Vajra","Whetstone","Torii"],"card_choices":[{"not_picked":["Dagger Spray","Terror"],"picked":"Noxious Fumes"},{"not_picked":["Well Laid Plans","Bane"],"picked":"Poisoned Stab"},{"not_picked":["Accuracy","Phantasmal Killer"],"picked":"Poisoned Stab"},{"not_picked":["Night Terror","Wraith Form"],"picked":"After Image"},{"not_picked":["Quick Slash","Flying Knee"],"picked":"Poisoned Stab"},{"not_picked":["Venomology","Underhanded Strike"],"picked":"Prepared"},{"not_picked":["Quick Slash","Masterful Stab"],"picked":"Backflip"},{"not_picked":["Heel Hook","Deflect"],"picked":"PiercingWail"},{"not_picked":["Sucker Punch","Acrobatics"],"picked":"Dodge and Roll"},{"not_picked":["Distraction","Dodge and Roll"],"picked":"Escape Plan"},{"not_picked":["Choke","Underhanded Strike"],"picked":"Backflip"},{"not_picked":["Dagger Throw","Acrobatics"],"picked":"Deadly Poison"},{"not_picked":["Acrobatics","Tools of the Trade"],"picked":"Predator"},{"not_picked":["Slice","Riddle With Holes"],"picked":"PiercingWail"}],"player_experience":103659,"potions_floor_usage":[50],"damage_taken":[{"damage":4.0,"enemies":"Blue Slaver","floor":1.0,"turns":7.0},{"damage":0.0,"enemies":"Small Slimes","floor":3.0,"turns":4.0},{"damage":4.0,"enemies":"Cultist","floor":7.0,"turns":4.0},{"damage":27.0,"enemies":"Lagavulin","floor":12.0,"turns":6.0},{"damage":22.0,"enemies":"Large Slime","floor":13.0,"turns":5.0},{"damage":9.0,"enemies":"Hexaghost","floor":16.0,"turns":7.0},{"damage":3.0,"enemies":"3 Byrds","floor":18.0,"turns":3.0},{"damage":18.0,"enemies":"2 Thieves","floor":20.0,"turns":5.0},{"damage":11.0,"enemies":"Snake Plant","floor":21.0,"turns":4.0},{"damage":11.0,"enemies":"3 Cultists","floor":24.0,"turns":4.0},{"damage":16.0,"enemies":"Snecko","floor":29.0,"turns":5.0},{"damage":4.0,"enemies":"Sentry and Sphere","floor":31.0,"turns":5.0},{"damage":32.0,"enemies":"Collector","floor":33.0,"turns":7.0},{"damage":1.0,"enemies":"3 Darklings","floor":35.0,"turns":4.0},{"damage":20.0,"enemies":"Orb Walker","floor":37.0,"turns":5.0},{"damage":3.0,"enemies":"3 Darklings","floor":39.0,"turns":6.0},{"damage":6.0,"enemies":"Sphere and 2 Shapes","floor":41.0,"turns":5.0},{"damage":0.0,"enemies":"Maw","floor":44.0,"turns":7.0},{"damage":29.0,"enemies":"Mysterious Sphere","floor":46.0,"turns":5.0},{"damage":18.0,"enemies":"3 Darklings","floor":47.0,"turns":6.0},{"damage":2.0,"enemies":"Sphere and 2 Shapes","floor":48.0,"turns":5.0},{"damage":32,"enemies":"Donu and Deca","floor":50,"turns":3}],"event_choices":[{"event_name":"Living Wall","player_choice":"Grow","floor":5.0,"damage_taken":0.0},{"event_name":"Big Fish","player_choice":"Box","floor":10.0,"damage_taken":0.0},{"event_name":"Accursed Blacksmith","player_choice":"Rummage","floor":19.0,"damage_taken":0.0},{"event_name":"Transmorgrifier","player_choice":"Transform","floor":45.0,"damage_taken":0.0},{"event_name":"Mysterious Sphere","player_choice":"Fight","floor":46.0,"damage_taken":0.0}],"boss_relics":[],"potions_floor_spawned":[3,7,16,24,29,33,37,39,47,48],"seed_played":"7625377043880643401","killed_by":"Donu and Deca","ascension_level":0,"is_trial":false}