{"path_per_floor":["M","$","M","$","?","R","M","R","T","?","R","E","M","$","R","B",null,"M","?","M","M","$","R","M","R","T","$","R","M","R","M","R","B",null,"M","?","$","M","M"],"character_chosen":"THE_SILENT","items_purchased":["Noxious Fumes","Footwork"],"gold_per_floor":[218,218,231,118,118,118,134,134,134,134,134,167,178,44,44,142,142,156,156,175,185,60,60,75,75,101,101,101,116,116,127,127,224,224,237,237,237,251,268],"floor_reached":40,"campfire_rested":2,"playtime":2711,"current_hp_per_floor":[66,66,66,66,66,66,62,62,62,62,62,35,25,25,46,37,70,67,67,49,38,38,38,27,27,27,27,27,11,11,7,28,1,70,66,66,66,61,56],"items_purged":["Strike_G","Regret","Normality"],"gold":268,"play_id":"a3bc2ff7-4a02-42d4-bc48-16ce637cdb55","is_prod":false,"is_daily":false,"is_ascension_mode":false,"campfire_upgraded":2,"path_taken":["M","$","?","$","?","R","M","R","T","?","R","E","?","$","R","BOSS","M","?","?","M","$","R","?","R","T","?","R","?","R","M","R","BOSS","M","?","$","M","M","E"],"build_version":"2018-01-25-PROD3","purchased_purges":3,"victory":false,"master_deck":["Defend_G","Defend_G","Defend_G","Defend_G","Defend_G","Strike_G","Strike_G","Strike_G","Strike_G","Survivor","Neutralize","Noxious Fumes+1","Poisoned Stab+1","Noxious Fumes+1","Poisoned Stab","Footwork","Poisoned Stab","Prepared+1","Backflip+1","PiercingWail","Acrobatics","Caltrops","Backflip"],"max_hp_per_floor":[70,70,70,70,70,70,70,70,70,70,70,70,70,70,70,70,70,70,70,70,70,70,70,70,70,70,70,70,70,70,70,70,70,70,70,70,70,70,70],"relics":["Ring of the Snake","Shovel","Paper Crane","Ancient Tea Set","Bronze Scales","Cursed Key","Omamori","Bag of Marbles","Bottled Flame","Toxic Egg","Peace Pipe","Bottled Tornado","Black Star"],"card_choices":[{"not_picked":["Dagger Spray","Terror"],"picked":"Noxious Fumes"},{"not_picked":["Well Laid Plans","Bane"],"picked":"Poisoned Stab"},{"not_picked":["Accuracy","Phantasmal Killer"],"picked":"Poisoned Stab"},{"not_picked":["Night Terror","Wraith Form"],"picked":"After Image"},{"not_picked":["Quick Slash","Flying Knee"],"picked":"Poisoned Stab"},{"not_picked":["Venomology","Underhanded Strike"],"picked":"Prepared"},{"not_picked":["Quick Slash","Masterful Stab"],"picked":"Backflip"},{"not_picked":["Heel Hook","Deflect"],"picked":"PiercingWail"},{"not_picked":["Dodge and Roll","Sucker Punch"],"picked":"Acrobatics"},{"not_picked":["Flying Knee","Acrobatics"],"picked":"Caltrops"},{"not_picked":["Choke","Underhanded Strike"],"picked":"Backflip"}],"player_experience":97662,"potions_floor_usage":[33,40,40],"damage_taken":[{"damage":4.0,"enemies":"Blue Slaver","floor":1.0,"turns":7.0},{"damage":0.0,"enemies":"Small Slimes","floor":3.0,"turns":4.0},{"damage":4.0,"enemies":"Cultist","floor":7.0,"turns":4.0},{"damage":27.0,"enemies":"Lagavulin","floor":12.0,"turns":6.0},{"damage":22.0,"enemies":"Large Slime","floor":13.0,"turns":5.0},{"damage":9.0,"enemies":"Hexaghost","floor":16.0,"turns":7.0},{"damage":3.0,"enemies":"3 Byrds","floor":18.0,"turns":3.0},{"damage":18.0,"enemies":"2 Thieves","floor":20.0,"turns":5.0},{"damage":11.0,"enemies":"Snake Plant","floor":21.0,"turns":4.0},{"damage":11.0,"enemies":"3 Cultists","floor":24.0,"turns":4.0},{"damage":16,"enemies":"Snecko","floor":29,"turns":5},{"damage":4,"enemies":"Sentry and Sphere","floor":31,"turns":5},{"damage":27,"enemies":"Collector","floor":33,"turns":7},{"damage":4,"enemies":"3 Darklings","floor":35,"turns":5},{"damage":5,"enemies":"Orb Walker","floor":38,"turns":4},{"damage":5,"enemies":"3 Darklings","floor":39,"turns":5},{"damage":68,"enemies":"2 Orb Walkers","floor":40,"turns":4}],"event_choices":[{"event_name":"Living Wall","player_choice":"Grow","floor":5.0,"damage_taken":0.0},{"event_name":"Big Fish","player_choice":"Box","floor":10.0,"damage_taken":0.0},{"event_name":"Accursed Blacksmith","player_choice":"Rummage","floor":19.0,"damage_taken":0.0}],"boss_relics":[{"not_picked":["Philosopher\u0027s Stone","Snecko Eye"],"picked":"Black Star"}],"potions_floor_spawned":[3,7,16,24,29,33,39],"seed_played":"7625377043880643401","killed_by":"2 Orb Walkers","ascension_level":0,"is_trial":false}