{"path_per_floor":["M","T","M","?","M","R","E","M","T","T","M","M","$","?","R","B",null,"M","?","$","?","?","R","M","M","T","T","M","?","$","E","R","B",null,"M","M","?","?","M"],"character_chosen":"THE_SILENT","items_purchased":["Tools of the Trade","All Out Attack","Dagger Spray","Pantograph"],"gold_per_floor":[114,141,152,152,165,165,195,209,209,265,281,298,143,218,218,320,320,331,331,192,192,192,192,212,225,225,225,235,435,152,184,184,282,282,298,317,317,369,381],"floor_reached":40,"campfire_rested":1,"playtime":6970,"current_hp_per_floor":[64,64,55,55,51,51,26,26,26,26,27,25,25,14,38,14,81,69,69,69,69,56,56,56,56,56,56,37,37,37,44,44,16,56,56,58,58,24,2],"items_purged":["Strike_G","Writhe"],"gold":381,"play_id":"bd8634b7-099b-471f-b7c1-1ea78cfbb4f0","is_prod":false,"is_daily":false,"is_ascension_mode":true,"campfire_upgraded":3,"path_taken":["M","?","?","?","M","R","E","M","T","?","M","?","$","?","R","BOSS","M","?","$","?","?","R","?","M","T","?","M","?","$","E","R","BOSS","M","M","?","?","?","E"],"build_version":"2018-01-25-PROD3","purchased_purges":2,"victory":false,"master_deck":["Defend_G","Defend_G","Defend_G","Defend_G+1","Survivor","Neutralize+1","PiercingWail","Heel Hook","Sucker Punch","Dagger Spray","Infinite Blades","Tools of the Trade","Adrenaline+1","Clumsy","Backflip+1","All Out Attack","Endless Agony+1","Bite_G","Bite_G","Bite_G","Bite_G","Finisher+1","Slice+1","Outmaneuver+1","Dagger Spray","Prepared","Burst","Quick Slash+1","Dodge and Roll+1","Accuracy+1"],"max_hp_per_floor":[70,70,70,70,72,72,79,79,79,79,81,81,81,81,81,81,81,81,81,81,81,56,56,56,56,56,56,56,56,56,56,56,56,56,56,58,58,58,58],"relics":["Ring of the Snake","Singing Bowl","Vajra","Strawberry","Gambling Chip","Tiny Chest","Calling Bell","Torii","Happy Flower","Dodecahedron","Bird Faced Urn","War Paint","Pantograph","Bottled Lightning","Sozu","Du-Vu Doll"],"card_choices":[{"not_picked":["Escape Plan","Terror"],"picked":"PiercingWail"},{"not_picked":["Bane","Cloak And Dagger"],"picked":"Heel Hook"},{"not_picked":["Escape Plan","Calculated Gamble"],"picked":"Sucker Punch"},{"not_picked":["Poisoned Stab","Blade Dance"],"picked":"Dagger Spray"},{"not_picked":["Choke","Dodge and Roll"],"picked":"Infinite Blades"},{"not_picked":["Corpse Explosion","Bullet Time"],"picked":"Adrenaline"},{"not_picked":["Flying Knee","Endless Agony"],"picked":"Backflip"},{"not_picked":["Predator","Quick Slash"],"picked":"Finisher"},{"not_picked":["Poisoned Stab","PiercingWail"],"picked":"Slice"},{"not_picked":["Backflip","Slice"],"picked":"Outmaneuver"},{"not_picked":["Footwork","Predator"],"picked":"Prepared"},{"not_picked":["Envenom","Adrenaline"],"picked":"Burst"},{"not_picked":["Skewer","Sucker Punch"],"picked":"Quick Slash"},{"not_picked":["Poisoned Stab","Underhanded Strike"],"picked":"Dodge and Roll"},{"not_picked":["Deflect","Heel Hook"],"picked":"Accuracy"}],"player_experience":171059,"potions_floor_usage":[33],"damage_taken":[{"damage":6.0,"enemies":"Blue Slaver","floor":1.0,"turns":6.0},{"damage":9.0,"enemies":"Jaw Worm","floor":3.0,"turns":3.0},{"damage":6.0,"enemies":"Small Slimes","floor":5.0,"turns":3.0},{"damage":32.0,"enemies":"Lagavulin","floor":7.0,"turns":7.0},{"damage":0.0,"enemies":"Looter","floor":8.0,"turns":2.0},{"damage":1.0,"enemies":"Gremlin Gang","floor":11.0,"turns":5.0},{"damage":2.0,"enemies":"Large Slime","floor":12.0,"turns":5.0},{"damage":24.0,"enemies":"Slime Boss","floor":16.0,"turns":8.0},{"damage":12.0,"enemies":"Chosen","floor":18.0,"turns":4.0},{"damage":0.0,"enemies":"3 Byrds","floor":24.0,"turns":3.0},{"damage":1.0,"enemies":"Sentry and Sphere","floor":25.0,"turns":3.0},{"damage":32.0,"enemies":"Slaver and Parasite","floor":28.0,"turns":7.0},{"damage":7.0,"enemies":"Gremlin Leader","floor":31.0,"turns":6.0},{"damage":52,"enemies":"Automaton","floor":33,"turns":8},{"damage":0,"enemies":"Orb Walker","floor":35,"turns":2},{"damage":13,"enemies":"3 Darklings","floor":36,"turns":9},{"damage":38,"enemies":"Mysterious Sphere","floor":38,"turns":4},{"damage":44,"enemies":"Maw","floor":39,"turns":8},{"damage":9,"enemies":"Giant Head","floor":40,"turns":1}],"event_choices":[{"event_name":"Purifier","player_choice":"One Purge","floor":4.0,"damage_taken":0.0},{"event_name":"World of Goop","player_choice":"Gather Gold","floor":14.0,"damage_taken":0.0},{"event_name":"Back to Basics","player_choice":"Elegance","floor":19.0,"damage_taken":0.0},{"event_name":"The Library","player_choice":"Read","floor":21.0,"damage_taken":0.0},{"event_name":"Vampires","player_choice":"Became a vampire","floor":22.0,"damage_taken":0.0},{"event_name":"Wheel of Change","player_choice":"Gold","floor":29.0,"damage_taken":0.0},{"event_name":"Mysterious Sphere","player_choice":"Fight","floor":38,"damage_taken":0}],"boss_relics":[{"not_picked":["Question Card","Velvet Choker"],"picked":"Sozu"}],"potions_floor_spawned":[1,7,12,16,18,24,33,35,39],"seed_played":"6468766946510177377","killed_by":"Giant Head","ascension_level":2,"is_trial":false}