{"path_per_floor":["M","$","M","?","M","E","R","M","T","?","$","R","T","M","R","B",null,"M","?","T","M","?","R","M","M","T","R","M","R","?","M","R","B",null,"M","M","M","?","$","R","M","M","T","M","$","M","$","?","R","B"],"character_chosen":"THE_SILENT","items_purchased":["Underhanded Strike","Dagger Throw","Malaise","Ginger","Blood Vial","Shuriken"],"gold_per_floor":[111,36,53,53,67,98,98,109,109,109,31,31,82,92,392,494,524,537,462,462,474,474,474,490,502,502,502,515,515,430,444,444,546,546,562,579,597,597,137,137,157,176,247,261,261,277,33,33,33,33],"floor_reached":51,"campfire_rested":3,"playtime":4794,"current_hp_per_floor":[59,59,59,52,52,48,48,48,48,70,70,70,70,68,68,68,75,71,71,71,50,50,50,45,28,28,50,48,48,48,41,41,28,75,72,27,28,28,28,50,31,33,33,17,17,19,19,19,41,17],"items_purged":[],"gold":33,"score":604,"play_id":"8dc503fb-5d0d-41e9-8b9c-a21600e35654","is_prod":false,"is_daily":false,"is_ascension_mode":true,"campfire_upgraded":2,"path_taken":["M","$","?","?","?","E","R","M","T","?","?","R","?","M","R","BOSS","M","?","?","M","?","R","M","?","T","R","M","R","?","M","R","BOSS","M","?","M","?","$","R","M","M","T","?","$","M","$","?","R","BOSS"],"build_version":"2018-02-15-PROD1","purchased_purges":1,"victory":true,"master_deck":["Defend_G+1","Defend_G+1","Defend_G+1","Defend_G+1","Strike_G+1","Strike_G+1","Strike_G+1","Strike_G+1","Strike_G+1","Survivor","Neutralize","Dodge and Roll","Underhanded Strike","Dagger Throw","Footwork","Blur","Prepared+1","Underhanded Strike","Malaise","Phantasmal Killer","Venomology","Reflex+1","Cloak And Dagger+1","Unload","Bouncing Flask+1","Malaise+1","Dodge and Roll+1","Noxious Fumes","Bouncing Flask+1","Infinite Blades+1","Bouncing Flask+1","Dagger Spray+1","Catalyst","PiercingWail+1"],"max_hp_per_floor":[70,70,70,70,70,70,70,70,70,70,70,70,70,70,70,70,75,75,75,75,75,75,75,75,75,75,75,75,75,75,75,75,75,75,75,75,75,75,75,75,75,75,75,75,75,75,75,75,75,75],"relics":["Velvet Choker","Matryoshka","Dead Branch","Shovel","Ancient Tea Set","Du-Vu Doll","Anchor","Dream Catcher","Old Coin","Tiny House","Ice Cream","Sundial","Bag of Preparation","Blue Candle","Mummified Hand","White Beast Statue","Ginger","Blood Vial","Letter Opener","Shuriken"],"card_choices":[{"not_picked":["Deadly Poison","Backflip"],"picked":"Dodge and Roll"},{"not_picked":["Crippling Poison","Outmaneuver"],"picked":"Footwork"},{"not_picked":["Slice","Catalyst"],"picked":"Blur"},{"not_picked":["Dagger Throw","Acrobatics"],"picked":"Prepared"},{"not_picked":["Outmaneuver","Flying Knee"],"picked":"Underhanded Strike"},{"not_picked":["Dagger Spray","Masterful Stab"],"picked":"Phantasmal Killer"},{"not_picked":["Doppelganger","Adrenaline"],"picked":"Venomology"},{"not_picked":["PiercingWail","Quick Slash"],"picked":"Reflex"},{"not_picked":["Flechettes","Riddle With Holes"],"picked":"Cloak And Dagger"},{"not_picked":["Dagger Spray","Predator"],"picked":"Unload"},{"not_picked":["Eviscerate","Riddle With Holes"],"picked":"Bouncing Flask"},{"not_picked":["Dagger Spray","Masterful Stab"],"picked":"Malaise"},{"not_picked":["Catalyst","Flechettes"],"picked":"Dodge and Roll"},{"not_picked":["Cloak And Dagger","Deadly Poison"],"picked":"Noxious Fumes"},{"not_picked":["Cloak And Dagger","Caltrops"],"picked":"Infinite Blades"},{"not_picked":["Predator","Choke"],"picked":"Bouncing Flask"},{"not_picked":["Slice","Outmaneuver"],"picked":"Dagger Spray"},{"not_picked":["Dagger Throw","Escape Plan"],"picked":"Catalyst"},{"not_picked":["Sucker Punch","Dagger Throw"],"picked":"PiercingWail"}],"player_experience":233324,"potions_floor_usage":[50,50],"damage_taken":[{"damage":11.0,"enemies":"Blue Slaver","floor":1.0,"turns":5.0},{"damage":0.0,"enemies":"Small Slimes","floor":3.0,"turns":2.0},{"damage":0.0,"enemies":"Cultist","floor":5.0,"turns":4.0},{"damage":4.0,"enemies":"Gremlin Nob","floor":6.0,"turns":5.0},{"damage":0.0,"enemies":"2 Fungi Beasts","floor":8.0,"turns":5.0},{"damage":2.0,"enemies":"Lots of Slimes","floor":14.0,"turns":6.0},{"damage":0.0,"enemies":"The Guardian","floor":16.0,"turns":21.0},{"damage":4.0,"enemies":"Shell Parasite","floor":18.0,"turns":10.0},{"damage":21.0,"enemies":"Chosen","floor":21.0,"turns":8.0},{"damage":5.0,"enemies":"Snake Plant","floor":24.0,"turns":6.0},{"damage":17.0,"enemies":"Centurion and Healer","floor":25.0,"turns":11.0},{"damage":2.0,"enemies":"3 Cultists","floor":28.0,"turns":3.0},{"damage":7.0,"enemies":"Snecko","floor":31.0,"turns":5.0},{"damage":13.0,"enemies":"Collector","floor":33.0,"turns":13.0},{"damage":3.0,"enemies":"3 Shapes","floor":35.0,"turns":7.0},{"damage":45.0,"enemies":"3 Darklings","floor":36.0,"turns":11.0},{"damage":5.0,"enemies":"Sphere and 2 Shapes","floor":37.0,"turns":6.0},{"damage":21.0,"enemies":"Maw","floor":41.0,"turns":8.0},{"damage":0.0,"enemies":"4 Shapes","floor":42.0,"turns":5.0},{"damage":18.0,"enemies":"Sphere and 2 Shapes","floor":44.0,"turns":5.0},{"damage":0.0,"enemies":"Maw","floor":46.0,"turns":4.0},{"damage":26,"enemies":"Time Eater","floor":50,"turns":15}],"event_choices":[{"event_name":"Scrap Ooze","player_choice":"success","floor":4.0,"damage_taken":7.0},{"event_name":"Big Fish","player_choice":"Banana","floor":10.0,"damage_taken":0.0},{"event_name":"Beggar","player_choice":"Gave Gold","floor":19.0,"damage_taken":0.0},{"event_name":"Back to Basics","player_choice":"Simplicity","floor":22.0,"damage_taken":0.0},{"event_name":"Addict","player_choice":"Obtained Relic","floor":30.0,"damage_taken":0.0},{"event_name":"Duplicator","player_choice":"One dupe","floor":38.0,"damage_taken":0.0},{"event_name":"Mysterious Sphere","player_choice":"Ignore","floor":48.0,"damage_taken":0.0}],"boss_relics":[],"potions_floor_spawned":[3,14,24,25,28,31,35,36,37,41,42,44,46],"seed_played":"-805516743710287559","ascension_level":2,"is_trial":false}