{"path_per_floor":["M","$","?","M","M","R","$","R","T","?","R","T","E","$","R","B",null,"M","?","?","$","M","R","M","E","T","R","M","M","?","M","R","B",null,"M","?","M","$","M","R","?","M","T","M","R","M","$"],"character_chosen":"THE_SILENT","items_purchased":["Poisoned Stab","Gremlin Horn","Block Potion","Dash","Prepared"],"gold_per_floor":[110,110,110,129,149,149,149,149,149,149,149,149,177,102,102,207,207,219,219,219,96,115,115,128,154,178,178,197,211,211,228,228,324,354,372,372,385,123,141,141,141,160,160,180,180,193,58],"floor_reached":48,"campfire_rested":4,"playtime":2960,"current_hp_per_floor":[67,67,60,61,63,63,63,63,63,68,68,82,75,75,75,63,89,63,63,47,47,38,38,35,29,29,55,42,22,22,37,63,32,94,86,74,50,50,9,37,37,18,18,5,33,11,11],"items_purged":["Strike_G","Decay"],"gold":58,"score":465,"play_id":"3681b11c-46a7-440e-8e20-c48878008d84","is_prod":false,"is_daily":false,"is_ascension_mode":true,"campfire_upgraded":5,"path_taken":["M","?","?","M","M","R","$","R","T","?","R","?","E","$","R","BOSS","M","?","?","$","M","R","M","E","T","R","M","M","?","M","R","BOSS","M","?","?","$","M","R","?","M","T","M","R","M","$","M"],"build_version":"2018-02-12-PROD1","purchased_purges":3,"victory":false,"master_deck":["Defend_G","Defend_G","Defend_G","Defend_G","Strike_G","Strike_G","Strike_G+1","Survivor","Neutralize+1","Backflip","Noxious Fumes+1","Dagger Spray+1","Noxious Fumes+1","Die Die Die","Backflip+1","Poisoned Stab+1","Dodge and Roll+1","Poisoned Stab+1","Flying Knee+1","Sucker Punch+1","Bane+1","Grand Finale","Dagger Spray+1","Madness","Madness","Backflip+1","Deadly Poison+1","PiercingWail+1","Escape Plan+1","Dash","Prepared"],"max_hp_per_floor":[70,70,70,70,70,70,70,70,70,75,75,89,89,89,89,89,89,89,89,89,89,89,89,89,89,89,89,89,89,89,89,89,89,94,94,94,94,94,94,94,94,94,94,94,94,94,94],"relics":["Ring of the Snake","Blood Vial","Unceasing Top","Mango","Bronze Scales","Lizard Tail","Enchiridion","Bag of Marbles","Whetstone","Tiny House","Gremlin Horn","Art of War"],"card_choices":[{"not_picked":["Acrobatics","Sucker Punch"],"picked":"Backflip"},{"not_picked":["Escape Plan","Flying Knee"],"picked":"Noxious Fumes"},{"not_picked":["Masterful Stab","Deadly Poison"],"picked":"Dagger Spray"},{"not_picked":["PiercingWail","Die Die Die"],"picked":"Noxious Fumes"},{"not_picked":["Phantasmal Killer","Glass Knife"],"picked":"Die Die Die"},{"not_picked":["Acrobatics","Accuracy"],"picked":"Backflip"},{"not_picked":["Sucker Punch","Outmaneuver"],"picked":"Dodge and Roll"},{"not_picked":["Dagger Spray","Bouncing Flask"],"picked":"Poisoned Stab"},{"not_picked":["Poisoned Stab","Glass Knife"],"picked":"Flying Knee"},{"not_picked":["Flying Knee","Dodge and Roll"],"picked":"Sucker Punch"},{"not_picked":["Flying Knee","Slice"],"picked":"Bane"},{"not_picked":["Burst","Tactician"],"picked":"Grand Finale"},{"not_picked":["Deflect","Slice"],"picked":"Dagger Spray"},{"not_picked":["Dagger Spray","Poisoned Stab"],"picked":"Backflip"},{"not_picked":["Flying Knee","Quick Slash"],"picked":"Deadly Poison"},{"not_picked":["Quick Slash","Reflex"],"picked":"PiercingWail"},{"not_picked":["Dagger Throw","Prepared"],"picked":"Escape Plan"}],"player_experience":227955,"potions_floor_usage":[48],"damage_taken":[{"damage":3.0,"enemies":"Blue Slaver","floor":1.0,"turns":7.0},{"damage":1.0,"enemies":"Cultist","floor":4.0,"turns":5.0},{"damage":0.0,"enemies":"Jaw Worm","floor":5.0,"turns":5.0},{"damage":9.0,"enemies":"Gremlin Nob","floor":13.0,"turns":4.0},{"damage":14.0,"enemies":"Slime Boss","floor":16.0,"turns":7.0},{"damage":26.0,"enemies":"2 Thieves","floor":18.0,"turns":3.0},{"damage":11.0,"enemies":"Chosen","floor":22.0,"turns":4.0},{"damage":5.0,"enemies":"Centurion and Healer","floor":24.0,"turns":5.0},{"damage":8.0,"enemies":"Gremlin Leader","floor":25.0,"turns":6.0},{"damage":15.0,"enemies":"Snake Plant","floor":28.0,"turns":4.0},{"damage":22.0,"enemies":"Chosen and Byrds","floor":29.0,"turns":4.0},{"damage":36.0,"enemies":"Centurion and Healer","floor":31.0,"turns":4.0},{"damage":33.0,"enemies":"Champ","floor":33.0,"turns":10.0},{"damage":8.0,"enemies":"Orb Walker","floor":35.0,"turns":3.0},{"damage":26.0,"enemies":"3 Darklings","floor":37.0,"turns":5.0},{"damage":43.0,"enemies":"4 Shapes","floor":39.0,"turns":4.0},{"damage":27.0,"enemies":"Sphere and 2 Shapes","floor":42.0,"turns":4.0},{"damage":15.0,"enemies":"4 Shapes","floor":44.0,"turns":6.0},{"damage":24.0,"enemies":"Maw","floor":46.0,"turns":8.0},{"damage":16,"enemies":"3 Darklings","floor":48,"turns":2}],"event_choices":[{"event_name":"Golden Wing","player_choice":"Card Removal","floor":3.0,"damage_taken":0.0},{"event_name":"Big Fish","player_choice":"Donut","floor":10.0,"damage_taken":0.0},{"event_name":"Forgotten Altar","player_choice":"Smashed Altar","floor":19.0,"damage_taken":0.0},{"event_name":"Cursed Tome","player_choice":"Obtained Book","floor":20.0,"damage_taken":0.0},{"event_name":"Purifier","player_choice":"One Purge","floor":30.0,"damage_taken":0.0},{"event_name":"Winding Halls","player_choice":"Embrace Madness","floor":36.0,"damage_taken":0.0},{"event_name":"Tomb of Lord Red Mask","player_choice":"Ignored","floor":41.0,"damage_taken":0.0}],"boss_relics":[],"potions_floor_spawned":[4,5,13,18,24,33,39,44],"seed_played":"-2845728835738572866","killed_by":"3 Darklings","ascension_level":2,"is_trial":false}