{"path_per_floor":["M","?","?","M","M","E","?","R","T","$","T","E","R","$","R","B",null,"M","?","?","M","$","E","M","R","T","M","R","M","?","M","R","B",null,"M","M","?","?","?","R","E","M","T","?","R","M","$","?","R"],"character_chosen":"THE_SILENT","items_purchased":["Infinite Blades","Omamori","Footwork","Prepared","Cloak And Dagger","Infinite Blades"],"gold_per_floor":[109,109,184,203,215,243,193,193,193,114,140,170,170,25,25,120,120,138,138,138,152,0,32,50,50,50,69,69,89,89,109,109,207,207,218,229,0,55,55,55,90,103,103,103,103,121,44,44,44],"floor_reached":50,"campfire_rested":6,"playtime":4783,"current_hp_per_floor":[70,58,47,47,47,38,38,38,38,38,38,28,52,52,52,26,80,65,65,65,52,52,19,3,27,27,24,48,18,18,2,26,6,80,69,65,65,53,53,53,18,10,10,10,34,34,34,34,58],"items_purged":[],"gold":44,"score":541,"play_id":"2cab8642-e3eb-4f5b-a26a-46da62a9de17","is_prod":false,"is_daily":false,"is_ascension_mode":true,"campfire_upgraded":3,"path_taken":["M","?","?","M","?","E","?","R","T","$","?","E","R","$","R","BOSS","M","?","?","M","$","E","M","R","T","?","R","M","?","M","R","BOSS","M","M","?","?","?","R","E","M","T","?","R","?","$","?","R","BOSS"],"build_version":"2018-02-08-PROD1","purchased_purges":0,"victory":false,"master_deck":["Defend_G","Defend_G","Defend_G","Defend_G","Defend_G","Strike_G","Strike_G","Strike_G","Strike_G","Survivor","Neutralize+1","Dagger Throw","Dagger Throw","Underhanded Strike","Tools of the Trade+1","Infinite Blades","Expertise+1","Burst+1","Noxious Fumes+1","Noxious Fumes","Setup+1","Footwork+1","Prepared+1","Cloak And Dagger+1","Choke+1","Deflect+1","Bouncing Flask+1","Adrenaline+1","Bane+1","Tactician+1","Prepared+1","Noxious Fumes","Deflect+1","Finisher","Accuracy+1","Calculated Gamble+1","Infinite Blades"],"max_hp_per_floor":[70,70,70,70,70,70,70,70,70,70,70,80,80,80,80,80,80,80,80,80,80,80,80,80,80,80,80,80,80,80,80,80,80,80,80,80,80,80,80,80,80,80,80,80,80,80,80,80,80],"relics":["Ring of the Snake","NeowsBlessing","Toxic Egg 2","Mummified Hand","Unceasing Top","Art of War","Pear","Omamori","Question Card","Bottled Tornado","Gambling Chip","Red Mask","Du-Vu Doll","Ninja Scroll","Girya"],"card_choices":[{"not_picked":["Terror","Flechettes"],"picked":"Dagger Throw"},{"not_picked":["Deflect","All Out Attack"],"picked":"Dagger Throw"},{"not_picked":["Poisoned Stab","Deadly Poison"],"picked":"Underhanded Strike"},{"not_picked":["Deadly Poison","Finisher"],"picked":"Tools of the Trade"},{"not_picked":["Envenom","PiercingWail"],"picked":"Expertise"},{"not_picked":["Grand Finale","Wraith Form"],"picked":"Burst"},{"not_picked":["Bane","Deflect","Skewer"],"picked":"Noxious Fumes"},{"not_picked":["Outmaneuver","Quick Slash","Prepared"],"picked":"Setup"},{"not_picked":["Flechettes","Quick Slash","Underhanded Strike"],"picked":"Choke"},{"not_picked":["Flying Knee","Acrobatics","Slice"],"picked":"Deflect"},{"not_picked":["Deadly Poison","Endless Agony","Finisher"],"picked":"Bouncing Flask"},{"not_picked":["Blur","Dagger Throw","Concentrate"],"picked":"Adrenaline"},{"not_picked":["Acrobatics","Flying Knee","Poisoned Stab"],"picked":"Bane"},{"not_picked":["Glass Knife","Tools of the Trade","Phantasmal Killer"],"picked":"Tactician"},{"not_picked":["Eviscerate","Dagger Throw","Sucker Punch"],"picked":"Prepared"},{"not_picked":["Bane","Flying Knee","PiercingWail"],"picked":"Noxious Fumes"},{"not_picked":["Flechettes","Reflex","Dagger Throw"],"picked":"Deflect"},{"not_picked":["Calculated Gamble","Footwork","Well Laid Plans"],"picked":"Finisher"},{"not_picked":["Prepared","Dagger Spray","Backflip"],"picked":"Accuracy"},{"not_picked":["Escape Plan","Choke","Deflect"],"picked":"Calculated Gamble"}],"player_experience":221044,"potions_floor_usage":[50,50,50],"damage_taken":[{"damage":0.0,"enemies":"2 Louse","floor":1.0,"turns":1.0},{"damage":0.0,"enemies":"Jaw Worm","floor":4.0,"turns":1.0},{"damage":0.0,"enemies":"Small Slimes","floor":5.0,"turns":1.0},{"damage":9.0,"enemies":"3 Sentries","floor":6.0,"turns":7.0},{"damage":20.0,"enemies":"Gremlin Nob","floor":12.0,"turns":4.0},{"damage":26.0,"enemies":"Slime Boss","floor":16.0,"turns":10.0},{"damage":15.0,"enemies":"3 Byrds","floor":18.0,"turns":8.0},{"damage":13.0,"enemies":"Spheric Guardian","floor":21.0,"turns":6.0},{"damage":33.0,"enemies":"Gremlin Leader","floor":23.0,"turns":8.0},{"damage":16.0,"enemies":"Slaver and Parasite","floor":24.0,"turns":7.0},{"damage":3.0,"enemies":"3 Cultists","floor":27.0,"turns":5.0},{"damage":30.0,"enemies":"Sentry and Sphere","floor":29.0,"turns":5.0},{"damage":16.0,"enemies":"Chosen and Byrds","floor":31.0,"turns":5.0},{"damage":20.0,"enemies":"Automaton","floor":33.0,"turns":7.0},{"damage":11.0,"enemies":"3 Shapes","floor":35.0,"turns":4.0},{"damage":4.0,"enemies":"Orb Walker","floor":36.0,"turns":4.0},{"damage":12.0,"enemies":"Mysterious Sphere","floor":38.0,"turns":4.0},{"damage":35.0,"enemies":"2 Orb Walkers","floor":41.0,"turns":6.0},{"damage":8.0,"enemies":"4 Shapes","floor":42.0,"turns":6.0},{"damage":0.0,"enemies":"Maw","floor":46.0,"turns":5.0},{"damage":77,"enemies":"Awakened One","floor":50,"turns":6}],"event_choices":[{"event_name":"Scrap Ooze","player_choice":"success","floor":2.0,"damage_taken":12.0},{"event_name":"World of Goop","player_choice":"Gather Gold","floor":3.0,"damage_taken":0.0},{"event_name":"The Cleric","player_choice":"Card Removal","floor":7.0,"damage_taken":0.0},{"event_name":"Drug Dealer","player_choice":"Ignored","floor":19.0,"damage_taken":0.0},{"event_name":"The Library","player_choice":"Read","floor":20.0,"damage_taken":0.0},{"event_name":"Addict","player_choice":"Ignored","floor":30.0,"damage_taken":0.0},{"event_name":"Tomb of Lord Red Mask","player_choice":"Paid","floor":37.0,"damage_taken":0.0},{"event_name":"Mysterious Sphere","player_choice":"Fight","floor":38.0,"damage_taken":0.0},{"event_name":"Wheel of Change","player_choice":"Curse","floor":39.0,"damage_taken":0.0},{"event_name":"Upgrade Shrine","player_choice":"Upgraded","floor":44.0,"damage_taken":0.0},{"event_name":"The Lab","player_choice":"Got Potions","floor":48.0,"damage_taken":0.0}],"boss_relics":[],"potions_floor_spawned":[5,6,16,18,21,31,33,35,36,46],"seed_played":"-449294883787161413","killed_by":"Awakened One","ascension_level":2,"is_trial":false}