{"path_per_floor":["M","M","?","M","?","R","?","M","T","R","?","M","M","?","R"],"character_chosen":"THE_SILENT","items_purchased":[],"gold_per_floor":[116,136,136,153,103,103,164,179,227,227,227,240,253,253,253],"floor_reached":16,"campfire_rested":1,"playtime":922,"current_hp_per_floor":[66,56,56,56,56,56,35,25,25,25,25,25,19,5,26],"items_purged":[],"gold":253,"score":106,"play_id":"2922430e-0179-401e-9f12-dbb9a9b923ea","is_prod":false,"is_daily":false,"is_ascension_mode":true,"campfire_upgraded":2,"path_taken":["M","M","?","M","?","R","?","M","T","R","?","M","M","?","R","BOSS"],"build_version":"2018-02-15-PROD1","purchased_purges":0,"victory":false,"master_deck":["Defend_G","Defend_G","Defend_G+1","Defend_G+1","Strike_G","Strike_G","Strike_G","Strike_G","Survivor","Neutralize+1","Dagger Spray+1","Distraction+1","Flechettes+1","Footwork+1","Backflip","Dodge and Roll","Dodge and Roll"],"max_hp_per_floor":[70,70,70,70,70,70,70,70,70,70,70,70,70,70,70],"relics":["Snecko Eye","Ancient Tea Set","War Paint"],"card_choices":[{"not_picked":["Flying Knee","Finisher"],"picked":"Dagger Spray"},{"not_picked":["Deflect","Dagger Spray"],"picked":"Distraction"},{"not_picked":["Malaise","Deadly Poison"],"picked":"Flechettes"},{"not_picked":["Prepared","Blur"],"picked":"Footwork"},{"not_picked":["Deadly Poison","Eviscerate"],"picked":"Backflip"},{"not_picked":["Caltrops","Tactician"],"picked":"Dodge and Roll"}],"player_experience":238118,"potions_floor_usage":[16,16],"damage_taken":[{"damage":4.0,"enemies":"Small Slimes","floor":1.0,"turns":4.0},{"damage":10.0,"enemies":"2 Louse","floor":2.0,"turns":2.0},{"damage":0.0,"enemies":"Jaw Worm","floor":4.0,"turns":3.0},{"damage":21.0,"enemies":"Lagavulin Event","floor":7.0,"turns":6.0},{"damage":10.0,"enemies":"Large Slime","floor":8.0,"turns":6.0},{"damage":0.0,"enemies":"3 Louse","floor":12.0,"turns":3.0},{"damage":6.0,"enemies":"2 Fungi Beasts","floor":13.0,"turns":2.0},{"damage":29,"enemies":"Hexaghost","floor":16,"turns":12}],"event_choices":[{"event_name":"Living Wall","player_choice":"Grow","floor":3.0,"damage_taken":0.0},{"event_name":"The Cleric","player_choice":"Card Removal","floor":5.0,"damage_taken":0.0},{"event_name":"Dead Adventurer","player_choice":"Searched \u00272\u0027 times","floor":7.0,"damage_taken":0.0},{"event_name":"Transmorgrifier","player_choice":"Transform","floor":11.0,"damage_taken":0.0},{"event_name":"Shining Light","player_choice":"Entered Light","floor":14.0,"damage_taken":0.0}],"boss_relics":[],"potions_floor_spawned":[2,7,7],"seed_played":"-7402981607198333096","killed_by":"Hexaghost","ascension_level":3,"is_trial":false}