{"path_per_floor":["M","$","?","M","M","R","M","R","T","M","?","M","R","M","R","B",null,"M","?","$","M","M","R","M","R","T","$","M","?","M","M","R","B",null,"M","$","M","M","M","R","M"],"character_chosen":"THE_SILENT","items_purchased":["Well Laid Plans","Noxious Fumes","Swift Potion"],"gold_per_floor":[116,78,78,93,108,108,120,120,120,135,135,146,146,156,156,254,254,265,265,189,202,215,215,234,234,234,186,198,198,211,227,227,324,324,334,334,347,361,377,377,388],"floor_reached":42,"campfire_rested":4,"playtime":3921,"current_hp_per_floor":[68,68,61,61,61,61,38,38,38,38,38,37,58,58,58,46,70,30,30,30,30,30,30,28,49,49,49,42,42,35,27,48,32,70,55,55,55,30,19,40,23],"items_purged":[],"gold":388,"score":398,"play_id":"2a3126ef-d498-4fce-a7b4-711e9869668c","local_time":"20180319164244","is_prod":false,"is_daily":false,"is_ascension_mode":false,"campfire_upgraded":4,"timestamp":1521466964,"path_taken":["M","$","?","?","M","R","M","R","T","M","?","?","R","M","R","BOSS","M","?","$","M","?","R","M","R","T","$","M","?","M","M","R","BOSS","M","$","M","M","M","R","M","M"],"build_version":"2018-03-15v3","purchased_purges":2,"victory":false,"master_deck":["Defend_G+1","Defend_G+1","Defend_G+1","Defend_G+1","Defend_G+1","Strike_G+1","Strike_G+1","Strike_G+1","Strike_G+1","Survivor","Neutralize+1","Well Laid Plans","Backflip+1","Escape Plan","Footwork+1","Distraction+1","Flying Knee","Quick Slash","Grand Finale","Deflect+1","Noxious Fumes+1","Flying Knee+1","Caltrops+1","Bullet Time","Poisoned Stab","Prepared+1","Burst","Deadly Poison+1","PiercingWail+1","Poisoned Stab","Acrobatics"],"max_hp_per_floor":[70,70,70,70,70,70,70,70,70,70,70,70,70,70,70,70,70,70,70,70,70,70,70,70,70,70,70,70,70,70,70,70,70,70,70,70,70,70,70,70,70],"relics":["Cursed Key"],"card_choices":[{"not_picked":["Dagger Throw","Slice"],"picked":"Backflip"},{"not_picked":["Deflect","Cloak And Dagger"],"picked":"Escape Plan"},{"not_picked":["Underhanded Strike","Prepared"],"picked":"Footwork"},{"not_picked":["Eviscerate","Leg Sweep"],"picked":"Distraction"},{"not_picked":["Acrobatics","Cloak And Dagger"],"picked":"Flying Knee"},{"not_picked":["Infinite Blades","Wraith Form"],"picked":"Quick Slash"},{"not_picked":["Tools of the Trade","A Thousand Cuts"],"picked":"Grand Finale"},{"not_picked":["Concentrate","Eviscerate"],"picked":"Deflect"},{"not_picked":["Cloak And Dagger","Dodge and Roll"],"picked":"Flying Knee"},{"not_picked":["PiercingWail","Backflip"],"picked":"Caltrops"},{"not_picked":["Cloak And Dagger","Dagger Spray"],"picked":"Bullet Time"},{"not_picked":["Cloak And Dagger","Prepared"],"picked":"Poisoned Stab"},{"not_picked":["Concentrate","Deadly Poison"],"picked":"Prepared"},{"not_picked":["Unload","Tools of the Trade"],"picked":"Burst"},{"not_picked":["Quick Slash","Slice"],"picked":"Deadly Poison"},{"not_picked":["Masterful Stab","Infinite Blades"],"picked":"PiercingWail"},{"not_picked":["All Out Attack","Deflect"],"picked":"Poisoned Stab"},{"not_picked":["Riddle With Holes","Deflect"],"picked":"Acrobatics"}],"player_experience":365431,"potions_floor_usage":[41],"damage_taken":[{"damage":2.0,"enemies":"2 Louse","floor":1.0,"turns":4.0},{"damage":0.0,"enemies":"Small Slimes","floor":4.0,"turns":4.0},{"damage":0.0,"enemies":"Cultist","floor":5.0,"turns":4.0},{"damage":23.0,"enemies":"Large Slime","floor":7.0,"turns":10.0},{"damage":0.0,"enemies":"Blue Slaver","floor":10.0,"turns":5.0},{"damage":1.0,"enemies":"3 Louse","floor":12.0,"turns":4.0},{"damage":0.0,"enemies":"Lots of Slimes","floor":14.0,"turns":2.0},{"damage":12.0,"enemies":"Slime Boss","floor":16.0,"turns":17.0},{"damage":40.0,"enemies":"Chosen","floor":18.0,"turns":10.0},{"damage":0.0,"enemies":"Spheric Guardian","floor":21.0,"turns":5.0},{"damage":0.0,"enemies":"Snecko","floor":22.0,"turns":5.0},{"damage":2.0,"enemies":"Centurion and Healer","floor":24.0,"turns":9.0},{"damage":7.0,"enemies":"Snake Plant","floor":28.0,"turns":4.0},{"damage":7.0,"enemies":"Sentry and Sphere","floor":30.0,"turns":5.0},{"damage":8.0,"enemies":"Snecko","floor":31.0,"turns":7.0},{"damage":31.0,"enemies":"Collector","floor":33.0,"turns":10.0},{"damage":15.0,"enemies":"3 Darklings","floor":35.0,"turns":5.0},{"damage":0.0,"enemies":"3 Shapes","floor":37.0,"turns":5.0},{"damage":25.0,"enemies":"3 Darklings","floor":38.0,"turns":7.0},{"damage":11.0,"enemies":"Maw","floor":39.0,"turns":8.0},{"damage":17,"enemies":"Sphere and 2 Shapes","floor":41,"turns":8},{"damage":35,"enemies":"4 Shapes","floor":42,"turns":4}],"event_choices":[{"event_name":"Golden Wing","player_choice":"Card Removal","floor":3.0,"damage_taken":0.0},{"event_name":"Living Wall","player_choice":"Grow","floor":11.0,"damage_taken":0.0},{"event_name":"Back to Basics","player_choice":"Simplicity","floor":19.0,"damage_taken":0.0},{"event_name":"Drug Dealer","player_choice":"Ignored","floor":29.0,"damage_taken":0.0}],"boss_relics":[],"potions_floor_spawned":[4,5,12,16,22,30,31,33,35,41],"seed_played":"6796961477570069442","killed_by":"4 Shapes","ascension_level":0,"is_trial":false}