{"path_per_floor":["M","?","?","M","M","?","R","?","T","M","R","M","R","M","R","B",null,"M","?","M","M","M","R","M","R","T","?","M","?","M","?","R"],"character_chosen":"THE_SILENT","items_purchased":[],"gold_per_floor":[118,118,118,135,153,213,213,213,213,223,223,233,233,247,247,344,344,361,361,381,392,412,412,425,425,425,425,438,438,456,456,456],"floor_reached":33,"campfire_rested":2,"playtime":1776,"current_hp_per_floor":[64,64,50,47,47,47,47,47,47,47,47,43,43,43,43,36,70,54,54,50,39,27,48,32,53,53,53,26,49,25,25,25],"items_purged":[],"gold":456,"score":241,"play_id":"f3719bb2-b7f1-48a2-a2ae-cd2171dba488","local_time":"20180319143029","is_prod":false,"is_daily":false,"is_ascension_mode":false,"campfire_upgraded":5,"timestamp":1521459029,"path_taken":["M","?","?","M","?","?","R","?","T","?","R","M","R","M","R","BOSS","M","?","?","M","M","R","M","R","T","?","M","?","M","?","R","BOSS"],"build_version":"2018-03-15v3","purchased_purges":0,"victory":false,"master_deck":["Survivor","Neutralize+1","Choke","Malaise+1","Deflect","Leg Sweep","Slice","Slice+1","Flying Knee","Deadly Poison+1","Dash+1","Die Die Die+1","Footwork+1","Caltrops+1","Deflect","Footwork+1","Blur","Endless Agony","Malaise+1","Terror"],"max_hp_per_floor":[70,70,70,70,70,70,70,70,70,70,70,70,70,70,70,70,70,70,70,70,70,70,70,70,70,70,70,70,70,70,70,70],"relics":["Pandora\u0027s Box"],"card_choices":[{"not_picked":["Riddle With Holes","Calculated Gamble"],"picked":"Dash"},{"not_picked":["Flying Knee","Dagger Throw"],"picked":"Die Die Die"},{"not_picked":["Dagger Spray","Dodge and Roll"],"picked":"Footwork"},{"not_picked":["Glass Knife","Night Terror"],"picked":"Grand Finale"},{"not_picked":["Dagger Spray","Calculated Gamble"],"picked":"Caltrops"},{"not_picked":["Eviscerate","Underhanded Strike"],"picked":"Deflect"},{"not_picked":["Bouncing Flask","Expertise"],"picked":"Footwork"},{"not_picked":["Sucker Punch","Masterful Stab"],"picked":"Blur"},{"not_picked":["Terror","Slice"],"picked":"Malaise"},{"not_picked":["Reflex","Deflect"],"picked":"Terror"}],"player_experience":360507,"potions_floor_usage":[33],"damage_taken":[{"damage":6.0,"enemies":"Small Slimes","floor":1.0,"turns":3.0},{"damage":3.0,"enemies":"Cultist","floor":4.0,"turns":3.0},{"damage":0.0,"enemies":"Jaw Worm","floor":5.0,"turns":1.0},{"damage":0.0,"enemies":"2 Fungi Beasts","floor":10.0,"turns":2.0},{"damage":4.0,"enemies":"Exordium Thugs","floor":12.0,"turns":5.0},{"damage":0.0,"enemies":"Large Slime","floor":14.0,"turns":2.0},{"damage":7.0,"enemies":"Hexaghost","floor":16.0,"turns":10.0},{"damage":16.0,"enemies":"2 Thieves","floor":18.0,"turns":3.0},{"damage":4.0,"enemies":"Shell Parasite","floor":20.0,"turns":6.0},{"damage":11.0,"enemies":"Cultist and Chosen","floor":21.0,"turns":7.0},{"damage":12.0,"enemies":"Snake Plant","floor":22.0,"turns":4.0},{"damage":16.0,"enemies":"Snecko","floor":24.0,"turns":6.0},{"damage":27.0,"enemies":"Chosen and Byrds","floor":28.0,"turns":6.0},{"damage":24.0,"enemies":"3 Cultists","floor":30.0,"turns":5.0},{"damage":28,"enemies":"Champ","floor":33,"turns":10}],"event_choices":[{"event_name":"Purifier","player_choice":"One Purge","floor":2.0,"damage_taken":0.0},{"event_name":"Shining Light","player_choice":"Entered Light","floor":3.0,"damage_taken":0.0},{"event_name":"Golden Wing","player_choice":"Gained Gold","floor":6.0,"damage_taken":0.0},{"event_name":"Living Wall","player_choice":"Grow","floor":8.0,"damage_taken":0.0},{"event_name":"Vampires","player_choice":"Ignored","floor":19.0,"damage_taken":0.0},{"event_name":"Transmorgrifier","player_choice":"Transform","floor":27.0,"damage_taken":0.0},{"event_name":"The Library","player_choice":"Heal","floor":29.0,"damage_taken":0.0},{"event_name":"Back to Basics","player_choice":"Elegance","floor":31.0,"damage_taken":0.0}],"boss_relics":[],"potions_floor_spawned":[14,16,18,21,22,28],"seed_played":"1111139442845101266","killed_by":"Champ","ascension_level":0,"is_trial":false}