{"path_per_floor":["M","M","M","$","?","R","M","E","T","R","?","M","M","M","R","B",null,"M","?","M","M","?","R","M","M","T","R","?","R","E","M","R","B",null,"M","M","$","?","M","E","R","M","T","E","T","E","R","M","R","B"],"character_chosen":"THE_SILENT","items_purchased":["Noxious Fumes"],"gold_per_floor":[110,121,136,59,59,59,79,112,112,112,112,126,140,160,160,258,258,258,258,258,258,258,258,258,258,258,258,208,208,208,208,208,208,208,208,208,133,133,133,133,133,133,133,133,133,133,133,133,133,133],"floor_reached":51,"campfire_rested":3,"playtime":2976,"current_hp_per_floor":[63,63,59,59,45,45,45,23,23,23,46,42,42,42,42,23,70,67,67,67,63,63,63,61,47,47,47,47,47,57,59,59,34,70,51,53,53,53,47,45,66,68,68,57,71,40,65,56,81,37],"items_purged":["Strike_G"],"gold":133,"score":908,"play_id":"899814ce-1aaa-4184-a7dc-311ab8f0583f","local_time":"20180324214142","is_prod":false,"is_daily":false,"is_ascension_mode":true,"campfire_upgraded":7,"timestamp":1521916902,"path_taken":["M","M","M","$","?","R","M","E","T","R","?","M","?","M","R","BOSS","M","?","M","M","?","R","M","?","T","R","?","R","E","M","R","BOSS","M","M","$","?","M","E","R","M","T","E","?","E","R","M","R","BOSS"],"build_version":"2018-03-22v2","purchased_purges":2,"victory":true,"master_deck":["Defend_G","Defend_G+1","Defend_G","Defend_G+1","Defend_G","Strike_G","Strike_G","Strike_G","Strike_G","Survivor","Neutralize+1","Backstab+1","Noxious Fumes+1","Noxious Fumes+1","Noxious Fumes+1","Leg Sweep+1","PiercingWail+1","Prepared+1","Deflect+1","Well Laid Plans+1","Night Terror","Catalyst+1","Acrobatics+1","Backflip+1"],"max_hp_per_floor":[70,70,70,70,70,70,70,70,70,70,70,70,70,70,70,70,70,70,70,70,70,70,70,70,70,70,70,70,70,70,70,70,70,70,70,70,70,70,70,70,70,70,70,70,84,84,84,84,84,84],"relics":["Ring of the Snake","Snake Skull","Thread and Needle","Ectoplasm","Blood Vial","Darkstone Periapt","Black Star","Peace Pipe","Torii","Prayer Wheel","Dream Catcher","Anchor","Mango","Happy Flower","Omamori"],"card_choices":[{"not_picked":["Heel Hook","Choke"],"picked":"Backstab","floor":1.0},{"not_picked":["Slice","Predator"],"picked":"Noxious Fumes","floor":2.0},{"not_picked":["Bouncing Flask","Skewer"],"picked":"Noxious Fumes","floor":8.0},{"not_picked":["Dodge and Roll","Dagger Spray"],"picked":"Leg Sweep","floor":12.0},{"not_picked":["Quick Slash","Blade Dance"],"picked":"PiercingWail","floor":18.0},{"not_picked":["Dagger Spray","Sucker Punch"],"picked":"Prepared","floor":20.0},{"not_picked":["Outmaneuver","PiercingWail"],"picked":"Deflect","floor":24.0},{"not_picked":["Dagger Spray","Deadly Poison"],"picked":"Well Laid Plans","floor":25.0},{"not_picked":["Burst","Storm of Steel"],"picked":"Night Terror","floor":33.0},{"not_picked":["Bane","Dodge and Roll"],"picked":"Catalyst","floor":35.0},{"not_picked":["Sucker Punch","Poisoned Stab"],"picked":"Acrobatics","floor":36.0},{"not_picked":["Flechettes","Poisoned Stab"],"picked":"Backflip","floor":47}],"player_experience":438235,"potions_floor_usage":[46,46,50,50],"damage_taken":[{"damage":7.0,"enemies":"Jaw Worm","floor":1.0,"turns":5.0},{"damage":0.0,"enemies":"Small Slimes","floor":2.0,"turns":2.0},{"damage":4.0,"enemies":"2 Louse","floor":3.0,"turns":3.0},{"damage":0.0,"enemies":"Large Slime","floor":7.0,"turns":6.0},{"damage":22.0,"enemies":"Gremlin Nob","floor":8.0,"turns":5.0},{"damage":4.0,"enemies":"Exordium Wildlife","floor":12.0,"turns":4.0},{"damage":0.0,"enemies":"2 Fungi Beasts","floor":13.0,"turns":3.0},{"damage":0.0,"enemies":"Looter","floor":14.0,"turns":4.0},{"damage":19.0,"enemies":"Slime Boss","floor":16.0,"turns":9.0},{"damage":3.0,"enemies":"Chosen","floor":18.0,"turns":5.0},{"damage":0.0,"enemies":"Shell Parasite","floor":20.0,"turns":6.0},{"damage":4.0,"enemies":"Snecko","floor":21.0,"turns":6.0},{"damage":2.0,"enemies":"Cultist and Chosen","floor":24.0,"turns":6.0},{"damage":14.0,"enemies":"Snake Plant","floor":25.0,"turns":5.0},{"damage":7.0,"enemies":"Book of Stabbing","floor":30.0,"turns":6.0},{"damage":0.0,"enemies":"Centurion and Healer","floor":31.0,"turns":6.0},{"damage":27.0,"enemies":"Collector","floor":33.0,"turns":9.0},{"damage":19.0,"enemies":"3 Darklings","floor":35.0,"turns":4.0},{"damage":0.0,"enemies":"3 Shapes","floor":36.0,"turns":3.0},{"damage":8.0,"enemies":"Sphere and 2 Shapes","floor":39.0,"turns":4.0},{"damage":4.0,"enemies":"Nemesis","floor":40.0,"turns":9.0},{"damage":0.0,"enemies":"Maw","floor":42.0,"turns":7.0},{"damage":13,"enemies":"Giant Head","floor":44,"turns":8},{"damage":39,"enemies":"2 Orb Walkers","floor":46,"turns":6},{"damage":11,"enemies":"3 Darklings","floor":48,"turns":5},{"damage":46,"enemies":"Donu and Deca","floor":50,"turns":10}],"event_choices":[{"event_name":"Shining Light","player_choice":"Entered Light","floor":5.0,"damage_taken":0.0},{"event_name":"Big Fish","player_choice":"Banana","floor":11.0,"damage_taken":0.0},{"event_name":"Addict","player_choice":"Ignored","floor":19.0,"damage_taken":0.0},{"event_name":"The Woman in Blue","player_choice":"Bought 0 Potions","floor":22.0,"damage_taken":0.0},{"event_name":"The Joust","player_choice":"Bet on Owner","floor":28.0,"damage_taken":0.0},{"event_name":"Match and Keep!","player_choice":"0 cards matched","floor":38.0,"damage_taken":0.0}],"boss_relics":[],"potions_floor_spawned":[1,2,3,12,13,14,20,24,30,39,40,42,44,48],"seed_played":"-1536319734866850227","ascension_level":4,"is_trial":false}