{"path_per_floor":["M","$","M","M","?","R","?","M","T","M","R","M","R","M","R","B",null,"M","?","$","?","M","R","E","$","T","R","M","R","M"],"character_chosen":"THE_SILENT","items_purchased":["Footwork","Strength Potion","Poisoned Stab"],"gold_per_floor":[111,111,129,144,144,144,144,157,236,253,253,267,267,277,277,377,377,394,394,248,173,184,184,218,18,18,18,33,33,49],"floor_reached":31,"campfire_rested":2,"playtime":1338,"current_hp_per_floor":[70,70,65,55,55,55,55,44,44,44,44,44,44,44,44,13,70,70,70,70,70,47,47,5,5,5,26,4,25,3],"items_purged":["Strike_G","Defend_G"],"gold":49,"score":247,"play_id":"a5a7a802-c8b6-4456-8490-d3a084561018","local_time":"20180319150727","is_prod":false,"is_daily":false,"is_ascension_mode":false,"campfire_upgraded":5,"timestamp":1521461247,"path_taken":["M","?","M","M","?","R","?","M","T","M","R","M","R","M","R","BOSS","M","?","$","?","M","R","E","$","T","R","?","R","M","M"],"build_version":"2018-03-15v3","purchased_purges":2,"victory":false,"master_deck":["Defend_G","Defend_G","Defend_G","Strike_G","Strike_G","Strike_G","Survivor","Neutralize+1","Dash","Dash+1","Backstab","Leg Sweep","Deadly Poison+1","Eviscerate+1","Night Terror","Bane+1","Footwork","Malaise+1","PiercingWail","Poisoned Stab","Poisoned Stab","Poisoned Stab+1"],"max_hp_per_floor":[70,70,70,70,70,70,70,70,70,70,70,70,70,70,70,70,70,70,70,70,70,70,70,70,70,70,70,70,70,70],"relics":["Velvet Choker"],"card_choices":[{"not_picked":["Dagger Spray","Expertise"],"picked":"Dash"},{"not_picked":["Setup","Flying Knee"],"picked":"Dash"},{"not_picked":["Cloak And Dagger","Acrobatics"],"picked":"Backstab"},{"not_picked":["Outmaneuver","Infinite Blades"],"picked":"Leg Sweep"},{"not_picked":["Sucker Punch","Poisoned Stab"],"picked":"Deadly Poison"},{"not_picked":["Setup","PiercingWail"],"picked":"Eviscerate"},{"not_picked":["Envenom","Venomology"],"picked":"Night Terror"},{"not_picked":["Masterful Stab","Deflect"],"picked":"Bane"},{"not_picked":["Quick Slash","Deadly Poison"],"picked":"Malaise"},{"not_picked":["Dagger Throw","Sucker Punch"],"picked":"PiercingWail"},{"not_picked":["PiercingWail","Sucker Punch"],"picked":"Poisoned Stab"},{"not_picked":["Eviscerate","Adrenaline"],"picked":"Poisoned Stab"}],"player_experience":363074,"potions_floor_usage":[24,24,28],"damage_taken":[{"damage":0,"enemies":"Cultist","floor":1,"turns":4},{"damage":5,"enemies":"2 Louse","floor":3,"turns":4},{"damage":10,"enemies":"Small Slimes","floor":4,"turns":3},{"damage":11,"enemies":"Exordium Wildlife","floor":8,"turns":5},{"damage":0,"enemies":"3 Louse","floor":10,"turns":4},{"damage":0,"enemies":"Looter","floor":12,"turns":2},{"damage":0,"enemies":"2 Fungi Beasts","floor":14,"turns":2},{"damage":31,"enemies":"Slime Boss","floor":16,"turns":16},{"damage":0,"enemies":"Shell Parasite","floor":18,"turns":8},{"damage":23,"enemies":"2 Thieves","floor":22,"turns":4},{"damage":42,"enemies":"Slavers","floor":24,"turns":9},{"damage":22,"enemies":"Cultist and Chosen","floor":28,"turns":9},{"damage":22,"enemies":"Snecko","floor":30,"turns":5},{"damage":12,"enemies":"Centurion and Healer","floor":31,"turns":1}],"event_choices":[{"event_name":"Purifier","player_choice":"One Purge","floor":5,"damage_taken":0},{"event_name":"The Woman in Blue","player_choice":"Bought 0 Potions","floor":7,"damage_taken":0},{"event_name":"The Mausoleum","player_choice":"No","floor":19,"damage_taken":0},{"event_name":"Beggar","player_choice":"Gave Gold","floor":21,"damage_taken":0}],"boss_relics":[{"not_picked":["Astrolabe","Question Card","White Beast Statue"]}],"potions_floor_spawned":[3,8,14,16,18,24],"seed_played":"8907274125111447718","killed_by":"Centurion and Healer","ascension_level":0,"is_trial":false}