{"path_per_floor":["M","?","?","$","M","R","E","R","T","M","E","R","?","$","R","B",null,"M","?","?","M","M","R","E","T","T","M","R","$","M","?","R","B",null,"M","?","?","?","?","R","M","R","T","M","R","M","M","$","R","B"],"character_chosen":"THE_SILENT","items_purchased":["Backflip","Meat on the Bone","Paper Crane","Dream Catcher"],"gold_per_floor":[112,112,112,13,30,30,58,58,358,374,399,399,399,38,38,143,143,159,159,159,173,193,193,218,241,241,260,260,22,39,39,39,142,142,162,162,162,162,212,212,225,225,279,291,291,311,325,46,46,46],"floor_reached":51,"campfire_rested":3,"playtime":4973,"current_hp_per_floor":[68,68,68,68,68,68,49,49,49,49,25,25,22,22,43,28,70,65,65,65,65,63,63,18,25,25,32,32,32,32,32,55,31,77,77,77,77,77,77,77,77,77,77,67,67,67,67,67,77,76],"items_purged":["Regret","Strike_G","Strike_G"],"gold":46,"score":714,"play_id":"bc49f02d-1e20-4a55-9208-86ec78d45592","local_time":"20180319122329","is_prod":false,"is_daily":false,"is_ascension_mode":true,"campfire_upgraded":6,"timestamp":1521451409,"path_taken":["M","?","?","$","?","R","E","R","T","M","E","R","?","$","R","BOSS","M","?","?","M","?","R","E","?","T","M","R","$","M","?","R","BOSS","M","?","?","?","?","R","M","R","T","M","R","M","M","$","R","BOSS"],"build_version":"2018-03-15v3","purchased_purges":3,"victory":true,"master_deck":["Defend_G","Defend_G","Defend_G","Strike_G+1","Strike_G","Survivor","Neutralize+1","Dagger Throw","Backflip","Endless Agony+1","Flying Knee+1","Backflip","Blur+1","Adrenaline+1","Backflip+1","Deflect","Leg Sweep+1","Terror+1","Writhe","Doppelganger+1","Setup+1","Flying Knee+1","Poisoned Stab+1","Leg Sweep"],"max_hp_per_floor":[70,70,70,70,70,70,70,70,70,70,70,70,70,70,70,70,70,70,70,70,70,70,70,70,77,77,77,77,77,77,77,77,77,77,77,77,77,77,77,77,77,77,77,77,77,77,77,77,77,77],"relics":["Ring of the Snake","Bag of Marbles","Anchor","Old Coin","Whetstone","Lantern","Meat on the Bone","Runic Dome","Ice Cream","Strawberry","Shuriken","Paper Crane","Peace Pipe","Sozu","Dead Branch","Tiny Chest","Dream Catcher"],"card_choices":[{"not_picked":["Leg Sweep","Crippling Poison"],"picked":"Dagger Throw"},{"not_picked":["Acrobatics","Quick Slash"],"picked":"Endless Agony"},{"not_picked":["Unload","Choke"],"picked":"Flying Knee"},{"not_picked":["All Out Attack","Acrobatics"],"picked":"Backflip"},{"not_picked":["Accuracy","Bouncing Flask"],"picked":"Blur"},{"not_picked":["Bullet Time","Tactician"],"picked":"Adrenaline"},{"not_picked":["Cloak And Dagger","Poisoned Stab"],"picked":"Backflip"},{"not_picked":["Dagger Throw","Sucker Punch"],"picked":"Deflect"},{"not_picked":["Deflect","Masterful Stab"],"picked":"Leg Sweep"},{"not_picked":["Dodge and Roll","Deflect"],"picked":"Terror"},{"not_picked":["Phantasmal Killer","Adrenaline"],"picked":"Doppelganger"},{"not_picked":["Slice","Masterful Stab"],"picked":"Setup"},{"not_picked":["Underhanded Strike","Slice"],"picked":"Flying Knee"},{"not_picked":["Dagger Spray","Blur"],"picked":"Poisoned Stab"},{"not_picked":["Reflex","Quick Slash"],"picked":"Leg Sweep"}],"player_experience":351003,"potions_floor_usage":[24,30,30,33,50,50],"damage_taken":[{"damage":2,"enemies":"Cultist","floor":1,"turns":4},{"damage":0,"enemies":"Small Slimes","floor":5,"turns":2},{"damage":19,"enemies":"3 Sentries","floor":7,"turns":10},{"damage":0,"enemies":"Jaw Worm","floor":10,"turns":2},{"damage":24,"enemies":"Lagavulin","floor":11,"turns":6},{"damage":27,"enemies":"The Guardian","floor":16,"turns":16},{"damage":5,"enemies":"2 Thieves","floor":18,"turns":4},{"damage":0,"enemies":"Shell Parasite","floor":21,"turns":5},{"damage":2,"enemies":"Centurion and Healer","floor":22,"turns":7},{"damage":57,"enemies":"Book of Stabbing","floor":24,"turns":10},{"damage":5,"enemies":"Snake Plant","floor":27,"turns":4},{"damage":18,"enemies":"Chosen and Byrds","floor":30,"turns":6},{"damage":36,"enemies":"Automaton","floor":33,"turns":13},{"damage":0,"enemies":"3 Darklings","floor":35,"turns":5},{"damage":0,"enemies":"Mysterious Sphere","floor":39,"turns":4},{"damage":0,"enemies":"Orb Walker","floor":41,"turns":4},{"damage":10,"enemies":"Maw","floor":44,"turns":8},{"damage":0,"enemies":"3 Darklings","floor":46,"turns":3},{"damage":0,"enemies":"Sphere and 2 Shapes","floor":47,"turns":4},{"damage":1,"enemies":"Awakened One","floor":50,"turns":23}],"event_choices":[{"event_name":"Big Fish","player_choice":"Box","floor":2,"damage_taken":0},{"event_name":"The Lab","player_choice":"Got Potions","floor":3,"damage_taken":0},{"event_name":"Scrap Ooze","player_choice":"success","floor":13,"damage_taken":3},{"event_name":"Vampires","player_choice":"Ignored","floor":19,"damage_taken":0},{"event_name":"Drug Dealer","player_choice":"Ignored","floor":20,"damage_taken":0},{"event_name":"The Mausoleum","player_choice":"Yes","floor":31,"damage_taken":0},{"event_name":"The Woman in Blue","player_choice":"Bought 0 Potions","floor":37,"damage_taken":0},{"event_name":"Tomb of Lord Red Mask","player_choice":"Ignored","floor":38,"damage_taken":0},{"event_name":"Mysterious Sphere","player_choice":"Fight","floor":39,"damage_taken":0}],"boss_relics":[{"not_picked":["Velvet Choker","Orrery"],"picked":"Runic Dome"},{"not_picked":["Runic Pyramid","Tiny House"],"picked":"Sozu"}],"potions_floor_spawned":[5,16,21,27,30,33,39,44],"seed_played":"-3097608150365288325","ascension_level":3,"is_trial":false}