{"path_per_floor":["M","M","M","M","$","R","M","R","T","M","M","M","R","?","R","B",null,"M","M","?","$","M","R","?","R","T","R","M","R","?","M","R","B",null,"M","$","?","M"],"character_chosen":"THE_SILENT","items_purchased":["Well Laid Plans","Acrobatics","Backflip"],"gold_per_floor":[119,131,141,152,152,152,162,162,187,200,215,234,234,234,234,330,330,319,330,330,255,267,267,367,367,367,367,378,378,378,396,396,496,496,514,367,367,384],"floor_reached":39,"campfire_rested":2,"playtime":2637,"current_hp_per_floor":[70,70,66,64,64,64,60,60,60,58,53,53,53,53,53,52,70,59,54,54,54,26,47,47,47,47,47,32,53,53,44,44,8,70,35,35,35,33],"items_purged":["Defend_G"],"gold":384,"score":400,"play_id":"6403a878-b14c-474b-9cad-893a08d6cbbd","local_time":"20180320091028","is_prod":false,"is_daily":false,"is_ascension_mode":false,"campfire_upgraded":7,"timestamp":1521526228,"path_taken":["M","M","M","M","$","R","?","R","T","M","M","M","R","?","R","BOSS","M","M","?","$","M","R","?","R","T","R","?","R","?","?","R","BOSS","M","?","?","M","M"],"build_version":"2018-03-15v3","purchased_purges":1,"victory":false,"master_deck":["Defend_G","Defend_G","Defend_G","Defend_G","Strike_G","Strike_G","Strike_G","Strike_G","Survivor","Neutralize+1","Escape Plan","Dagger Throw","Deadly Poison+1","Backflip","Masterful Stab+1","Footwork+1","Corpse Explosion+1","Bane+1","Terror","Well Laid Plans+1","Poisoned Stab","Sucker Punch+1","Night Terror","Backflip+1","Acrobatics","Backflip","Prepared+1"],"max_hp_per_floor":[70,70,70,70,70,70,70,70,70,70,70,70,70,70,70,70,70,70,70,70,70,70,70,70,70,70,70,70,70,70,70,70,70,70,70,70,70,70],"relics":["Sozu"],"card_choices":[{"not_picked":["Deadly Poison","Predator"],"picked":"Escape Plan"},{"not_picked":["Slice","Dagger Spray"],"picked":"Dagger Throw"},{"not_picked":["Calculated Gamble","Quick Slash"],"picked":"Deadly Poison"},{"not_picked":["Eviscerate","Deflect"],"picked":"Backflip"},{"not_picked":["Calculated Gamble","Dagger Throw"],"picked":"Masterful Stab"},{"not_picked":["Poisoned Stab","Endless Agony"],"picked":"Footwork"},{"not_picked":["A Thousand Cuts","Adrenaline"],"picked":"Corpse Explosion"},{"not_picked":["Deflect","Riddle With Holes"],"picked":"Bane"},{"not_picked":["Bane","Deadly Poison"],"picked":"Terror"},{"not_picked":["Caltrops","Bane"],"picked":"Poisoned Stab"},{"not_picked":["Bane","Caltrops"],"picked":"Sucker Punch"},{"not_picked":["Venomology","Doppelganger"],"picked":"Night Terror"},{"not_picked":["PiercingWail","Setup"],"picked":"Backflip"},{"not_picked":["PiercingWail","Terror"],"picked":"Prepared"}],"player_experience":369352,"potions_floor_usage":[],"damage_taken":[{"damage":0.0,"enemies":"Cultist","floor":1.0,"turns":5.0},{"damage":0.0,"enemies":"2 Louse","floor":2.0,"turns":4.0},{"damage":4.0,"enemies":"Jaw Worm","floor":3.0,"turns":4.0},{"damage":2.0,"enemies":"Looter","floor":4.0,"turns":3.0},{"damage":4.0,"enemies":"Exordium Thugs","floor":7.0,"turns":4.0},{"damage":2.0,"enemies":"Exordium Wildlife","floor":10.0,"turns":5.0},{"damage":5.0,"enemies":"2 Fungi Beasts","floor":11.0,"turns":3.0},{"damage":0.0,"enemies":"Exordium Thugs","floor":12.0,"turns":5.0},{"damage":1.0,"enemies":"The Guardian","floor":16.0,"turns":10.0},{"damage":11.0,"enemies":"2 Thieves","floor":18.0,"turns":4.0},{"damage":5.0,"enemies":"3 Byrds","floor":19.0,"turns":6.0},{"damage":28.0,"enemies":"Cultist and Chosen","floor":22.0,"turns":8.0},{"damage":15.0,"enemies":"Centurion and Healer","floor":28.0,"turns":7.0},{"damage":9.0,"enemies":"Snake Plant","floor":31.0,"turns":5.0},{"damage":36.0,"enemies":"Champ","floor":33.0,"turns":15.0},{"damage":35.0,"enemies":"3 Darklings","floor":35.0,"turns":9.0},{"damage":2.0,"enemies":"3 Shapes","floor":38.0,"turns":7.0},{"damage":35,"enemies":"3 Darklings","floor":39,"turns":2}],"event_choices":[{"event_name":"Purifier","player_choice":"One Purge","floor":14.0,"damage_taken":0.0},{"event_name":"Addict","player_choice":"Ignored","floor":20.0,"damage_taken":0.0},{"event_name":"Golden Shrine","player_choice":"Pray","floor":24.0,"damage_taken":0.0},{"event_name":"Vampires","player_choice":"Ignored","floor":30.0,"damage_taken":0.0},{"event_name":"Match and Keep!","player_choice":"0 cards matched","floor":37.0,"damage_taken":0.0}],"boss_relics":[],"potions_floor_spawned":[1,2,3,12,16,28,31,33,35],"seed_played":"8089875042471712288","killed_by":"3 Darklings","ascension_level":0,"is_trial":false}