{"path_per_floor":["M","M","M","$","?","R","M","R","T","R","$","M","R","M","R","B",null,"M","M","M","M","$","R","M","M","T","R","M","M","R","?","R","B",null,"M","M","?","$","M","R","M","?","T","M","M","R","M","$","R","B"],"character_chosen":"THE_SILENT","items_purchased":["Noxious Fumes","Well Laid Plans","Blur"],"gold_per_floor":[140,157,177,20,20,20,37,37,37,37,37,52,52,66,66,161,161,178,189,201,221,41,41,52,69,69,69,81,91,91,91,91,187,187,201,215,215,90,107,107,117,117,117,131,150,150,163,85,85,85],"floor_reached":51,"campfire_rested":6,"playtime":7203,"current_hp_per_floor":[71,69,67,67,67,67,65,65,65,65,65,59,59,53,53,48,75,62,62,57,49,49,49,30,29,29,51,37,35,57,57,75,22,75,75,54,54,54,53,75,73,64,64,53,45,67,52,52,74,31],"items_purged":["Strike_G","Strike_G","Strike_G"],"gold":85,"score":622,"play_id":"5d826e27-7068-4e51-ad7b-55666e3c0a46","local_time":"20180320133132","is_prod":false,"is_daily":false,"is_ascension_mode":false,"campfire_upgraded":6,"timestamp":1521541892,"path_taken":["M","M","M","$","?","R","M","R","T","R","?","M","R","M","R","BOSS","M","M","M","M","$","R","M","M","T","R","M","M","R","?","R","BOSS","M","M","?","?","M","R","M","?","T","M","M","R","M","$","R","BOSS"],"build_version":"2018-03-15v3","purchased_purges":4,"victory":true,"master_deck":["Defend_G","Defend_G","Defend_G","Defend_G","Defend_G","Strike_G+1","Survivor+1","Neutralize+1","Backflip+1","Backflip","Deflect","Predator+1","Noxious Fumes+1","Poisoned Stab","Corpse Explosion+1","Calculated Gamble+1","Leg Sweep+1","Well Laid Plans","PiercingWail","Catalyst+1","Caltrops+1","Madness","Madness","Caltrops+1","Blur"],"max_hp_per_floor":[75,75,75,75,75,75,75,75,75,75,75,75,75,75,75,75,75,75,75,75,75,75,75,75,75,75,75,75,75,75,75,75,75,75,75,75,75,75,75,75,75,75,75,75,75,75,75,75,75,75],"relics":["Tiny House"],"card_choices":[{"not_picked":["Infinite Blades","Poisoned Stab"],"picked":"Backflip"},{"not_picked":["Bane","Concentrate"],"picked":"Backflip"},{"not_picked":["Infinite Blades","Quick Slash"],"picked":"Deflect"},{"not_picked":["Backflip","Poisoned Stab"],"picked":"Predator"},{"not_picked":["Dodge and Roll","Sucker Punch"],"picked":"Poisoned Stab"},{"not_picked":["Adrenaline","Phantasmal Killer"],"picked":"Corpse Explosion"},{"not_picked":["Heel Hook","Bane"],"picked":"Calculated Gamble"},{"not_picked":["Prepared","Sucker Punch"],"picked":"Leg Sweep"},{"not_picked":["Distraction","Backflip"],"picked":"PiercingWail"},{"not_picked":["All Out Attack","Crippling Poison"],"picked":"PiercingWail"},{"not_picked":["Crippling Poison","Flying Knee"],"picked":"Catalyst"},{"not_picked":["Well Laid Plans","Acrobatics"],"picked":"Caltrops"},{"not_picked":["Flying Knee","Heel Hook"],"picked":"Caltrops"}],"player_experience":376469,"potions_floor_usage":[50,50,50],"damage_taken":[{"damage":4.0,"enemies":"Jaw Worm","floor":1.0,"turns":5.0},{"damage":2.0,"enemies":"Cultist","floor":2.0,"turns":4.0},{"damage":2.0,"enemies":"Small Slimes","floor":3.0,"turns":4.0},{"damage":2.0,"enemies":"Blue Slaver","floor":7.0,"turns":4.0},{"damage":6.0,"enemies":"Looter","floor":12.0,"turns":3.0},{"damage":6.0,"enemies":"Exordium Wildlife","floor":14.0,"turns":3.0},{"damage":5.0,"enemies":"The Guardian","floor":16.0,"turns":9.0},{"damage":13.0,"enemies":"2 Thieves","floor":18.0,"turns":5.0},{"damage":0.0,"enemies":"Shell Parasite","floor":19.0,"turns":6.0},{"damage":5.0,"enemies":"Centurion and Healer","floor":20.0,"turns":7.0},{"damage":8.0,"enemies":"Snake Plant","floor":21.0,"turns":6.0},{"damage":19.0,"enemies":"3 Cultists","floor":24.0,"turns":6.0},{"damage":1.0,"enemies":"Centurion and Healer","floor":25.0,"turns":7.0},{"damage":14.0,"enemies":"Cultist and Chosen","floor":28.0,"turns":8.0},{"damage":2.0,"enemies":"Slaver and Parasite","floor":29.0,"turns":7.0},{"damage":53.0,"enemies":"Collector","floor":33.0,"turns":14.0},{"damage":0.0,"enemies":"3 Shapes","floor":35.0,"turns":10.0},{"damage":21.0,"enemies":"3 Darklings","floor":36.0,"turns":7.0},{"damage":1.0,"enemies":"Maw","floor":39.0,"turns":8.0},{"damage":2.0,"enemies":"4 Shapes","floor":41.0,"turns":8.0},{"damage":23.0,"enemies":"3 Darklings","floor":44.0,"turns":7.0},{"damage":8.0,"enemies":"Maw","floor":45.0,"turns":9.0},{"damage":15.0,"enemies":"4 Shapes","floor":47.0,"turns":8.0},{"damage":58,"enemies":"Donu and Deca","floor":50,"turns":14}],"event_choices":[{"event_name":"Purifier","player_choice":"One Purge","floor":5.0,"damage_taken":0.0},{"event_name":"The Mausoleum","player_choice":"No","floor":31.0,"damage_taken":0.0},{"event_name":"Winding Halls","player_choice":"Embrace Madness","floor":42.0,"damage_taken":0.0}],"boss_relics":[],"potions_floor_spawned":[1,12,14,16,19,24,29,33,41,47],"seed_played":"-1489871094335723824","ascension_level":0,"is_trial":false}