{"path_per_floor":["M","M","$","?","M","R","?","M","T","M","M","M","R","M","R","B",null,"M","M","?","M"],"character_chosen":"THE_SILENT","items_purchased":[],"gold_per_floor":[111,130,130,80,95,95,95,81,162,173,190,201,201,216,216,317,317,329,348,348,358],"floor_reached":22,"campfire_rested":0,"playtime":1019,"current_hp_per_floor":[68,67,67,67,58,62,55,48,48,47,42,36,42,40,46,32,70,53,39,39,18],"items_purged":[],"gold":358,"score":182,"play_id":"5fbe2a8c-0a11-49f9-93f9-06ccfbc4e304","local_time":"20180319152517","is_prod":false,"is_daily":false,"is_ascension_mode":false,"campfire_upgraded":3,"timestamp":1521462317,"path_taken":["M","M","$","?","M","R","?","M","T","?","M","?","R","M","R","BOSS","M","M","?","M","M"],"build_version":"2018-03-15v3","purchased_purges":0,"victory":false,"master_deck":["Defend_G","Defend_G","Defend_G","Defend_G","Defend_G","Strike_G","Strike_G","Strike_G","Survivor","Neutralize+1","Outmaneuver","PiercingWail","Dagger Throw","Poisoned Stab+1","Caltrops+1","Catalyst+1","Catalyst+1","Deflect"],"max_hp_per_floor":[70,70,70,70,70,70,70,70,70,70,70,70,70,70,70,70,70,70,70,70,70],"relics":["Eternal Feather"],"card_choices":[{"not_picked":["Terror","Prepared"],"picked":"Outmaneuver"},{"not_picked":["Poisoned Stab","A Thousand Cuts"],"picked":"PiercingWail"},{"not_picked":["PiercingWail","Catalyst"],"picked":"Dagger Throw"},{"not_picked":["Quick Slash","Dodge and Roll"],"picked":"Poisoned Stab"},{"not_picked":["Reflex","Bane"],"picked":"Caltrops"},{"not_picked":["Cloak And Dagger","Prepared"],"picked":"Catalyst"},{"not_picked":["Prepared","Dagger Throw"],"picked":"Catalyst"},{"not_picked":["Dodge and Roll","Infinite Blades"],"picked":"Deflect"}],"player_experience":364412,"potions_floor_usage":[16],"damage_taken":[{"damage":2,"enemies":"Small Slimes","floor":1,"turns":4},{"damage":1,"enemies":"Jaw Worm","floor":2,"turns":6},{"damage":9,"enemies":"Cultist","floor":5,"turns":6},{"damage":7,"enemies":"Exordium Thugs","floor":8,"turns":5},{"damage":1,"enemies":"Red Slaver","floor":10,"turns":4},{"damage":5,"enemies":"Lots of Slimes","floor":11,"turns":5},{"damage":6,"enemies":"Blue Slaver","floor":12,"turns":4},{"damage":2,"enemies":"Large Slime","floor":14,"turns":7},{"damage":29,"enemies":"The Guardian","floor":16,"turns":14},{"damage":17,"enemies":"Shell Parasite","floor":18,"turns":11},{"damage":14,"enemies":"Spheric Guardian","floor":19,"turns":5},{"damage":21,"enemies":"Snake Plant","floor":21,"turns":5},{"damage":8,"enemies":"Centurion and Healer","floor":22,"turns":3}],"event_choices":[{"event_name":"The Cleric","player_choice":"Card Removal","floor":4,"damage_taken":0},{"event_name":"Golden Wing","player_choice":"Card Removal","floor":7,"damage_taken":0},{"event_name":"Accursed Blacksmith","player_choice":"Forge","floor":20,"damage_taken":0}],"boss_relics":[{"not_picked":["Calling Bell","Philosopher\u0027s Stone","Lizard Tail"]}],"potions_floor_spawned":[2,8,16,18,19,21],"seed_played":"-1547932997770108257","killed_by":"Centurion and Healer","ascension_level":0,"is_trial":false}