{"path_per_floor":["M","M","$","M","$","R","?","R","T","E","R","?","M","?","R","B",null,"M","?","M"],"character_chosen":"THE_SILENT","items_purchased":["Malaise"],"gold_per_floor":[99,99,99,99,20,20,20,20,20,20,20,20,20,0,0,0,0,0,0,0],"floor_reached":21,"campfire_rested":0,"playtime":937,"current_hp_per_floor":[66,66,66,66,66,66,66,66,66,66,66,54,46,46,46,44,70,67,67,55],"items_purged":[],"gold":0,"score":202,"play_id":"ec308c1f-a318-44d3-bbbe-e3faf119e243","local_time":"20180320095038","is_prod":false,"is_daily":false,"is_ascension_mode":false,"campfire_upgraded":4,"timestamp":1521528638,"path_taken":["M","M","$","?","?","R","?","R","T","E","R","?","?","?","R","BOSS","M","?","M","?"],"build_version":"2018-03-15v3","purchased_purges":0,"victory":false,"master_deck":["Defend_G","Defend_G","Defend_G","Defend_G","Defend_G","Strike_G","Strike_G","Strike_G","Strike_G","Survivor","Neutralize+1","PiercingWail","Poisoned Stab","Malaise+1","Envenom+1","Envenom+1","Backflip","PiercingWail","Die Die Die","Noxious Fumes"],"max_hp_per_floor":[70,70,70,70,70,70,70,70,70,70,70,70,70,70,70,70,70,70,70,70],"relics":["Ectoplasm","Tough Bandages","Regal Pillow","Odd Mushroom","Nilry\u0027s Codex"],"card_choices":[{"not_picked":["Bullet Time","Backflip"],"picked":"PiercingWail"},{"not_picked":["PiercingWail","All Out Attack"],"picked":"Poisoned Stab"},{"not_picked":["Deadly Poison","Catalyst"],"picked":"Envenom"},{"not_picked":["Slice","Sucker Punch"],"picked":"Backflip"},{"not_picked":["All Out Attack","Prepared"],"picked":"PiercingWail"},{"not_picked":["Doppelganger","Tactician"],"picked":"Die Die Die"},{"not_picked":["Choke","Cloak And Dagger"],"picked":"Noxious Fumes"}],"player_experience":373110,"potions_floor_usage":[16],"damage_taken":[{"damage":4.0,"enemies":"Cultist","floor":1.0,"turns":5.0},{"damage":0.0,"enemies":"Small Slimes","floor":2.0,"turns":4.0},{"damage":0.0,"enemies":"2 Louse","floor":4.0,"turns":3.0},{"damage":0.0,"enemies":"Lagavulin","floor":10.0,"turns":8.0},{"damage":12.0,"enemies":"The Mushroom Lair","floor":12.0,"turns":5.0},{"damage":8.0,"enemies":"Exordium Wildlife","floor":13.0,"turns":6.0},{"damage":17,"enemies":"Slime Boss","floor":16,"turns":15},{"damage":3,"enemies":"Chosen","floor":18,"turns":7},{"damage":12,"enemies":"3 Byrds","floor":20,"turns":7}],"event_choices":[{"event_name":"Transmorgrifier","player_choice":"Transform","floor":7.0,"damage_taken":0.0},{"event_name":"Mushrooms","player_choice":"Fought Mushrooms","floor":12.0,"damage_taken":0.0},{"event_name":"World of Goop","player_choice":"Left","floor":14.0,"damage_taken":0.0},{"event_name":"The Mausoleum","player_choice":"No","floor":19,"damage_taken":0},{"event_name":"Cursed Tome","player_choice":"Obtained Book","floor":21,"damage_taken":0}],"boss_relics":[{"not_picked":["Snecko Eye","Calling Bell","Runic Pyramid"]}],"potions_floor_spawned":[2,10,12,20],"seed_played":"-8753907978638211615","ascension_level":0,"is_trial":false}