{"path_per_floor":["M","?","$","?","?","E","?","E","T","M","R","M","M","M","R","B",null,"M","M","?","?","M","R","M"],"character_chosen":"THE_SILENT","items_purchased":["Noxious Fumes"],"gold_per_floor":[118,368,218,293,293,326,356,381,451,471,471,484,494,508,508,581,581,591,574,574,574,594,594,606,606],"floor_reached":25,"campfire_rested":1,"playtime":818,"current_hp_per_floor":[59,59,59,48,35,35,35,35,35,34,34,33,32,28,28,20,55,42,23,23,23,1,20,6,6],"items_purged":["Regret"],"gold":606,"score":447,"play_id":"c443c820-8fae-4789-9158-31c2b1856959","local_time":"20180406092056","is_prod":false,"is_daily":false,"is_ascension_mode":true,"campfire_upgraded":2,"timestamp":1522995656,"path_taken":["M","?","$","?","?","E","?","E","T","M","R","M","?","M","R","BOSS","M","M","?","?","M","R","M","M"],"build_version":"2018-04-05v2","purchased_purges":1,"victory":false,"master_deck":["Defend_G+1","Defend_G+1","Defend_G+1","Defend_G+1","Defend_G+1","Strike_G+1","Strike_G+1","Strike_G+1","Strike_G+1","Strike_G+1","Survivor","Neutralize+1","AscendersBane","Expertise","Noxious Fumes+1","Flying Knee","Calculated Gamble","Deadly Poison+1","Backflip","Blur","Deflect","Malaise","Decay","Calculated Gamble+1","Backflip"],"max_hp_per_floor":[66,66,66,66,66,66,66,66,66,66,66,66,66,66,66,66,66,66,66,66,66,66,66,66,66],"relics":["Ring of the Snake","NeowsBlessing","Matryoshka","Du-Vu Doll","Pen Nib","Letter Opener","The Specimen"],"card_choices":[{"not_picked":["Sucker Punch","Setup"],"picked":"Expertise","floor":1.0},{"not_picked":["Prepared","Bane"],"picked":"Flying Knee","floor":6.0},{"not_picked":["Reflex","Quick Slash"],"picked":"Calculated Gamble","floor":8.0},{"not_picked":["Outmaneuver","Well Laid Plans"],"picked":"Deadly Poison","floor":10.0},{"not_picked":["Calculated Gamble","Heel Hook"],"picked":"Backflip","floor":12.0},{"not_picked":["Backstab","Infinite Blades"],"picked":"Blur","floor":13.0},{"not_picked":["Predator","Bane"],"picked":"Deflect","floor":14.0},{"not_picked":["Infinite Blades","Deadly Poison"],"picked":"Malaise","floor":18.0},{"not_picked":["Skewer","Bouncing Flask"],"picked":"Calculated Gamble","floor":22.0},{"not_picked":["Riddle With Holes","Bane"],"picked":"Backflip","floor":24.0}],"player_experience":307578,"potions_floor_usage":[],"damage_taken":[{"damage":0.0,"enemies":"Small Slimes","floor":1.0,"turns":1.0},{"damage":0.0,"enemies":"Lagavulin","floor":6.0,"turns":1.0},{"damage":0.0,"enemies":"Gremlin Nob","floor":8.0,"turns":1.0},{"damage":1.0,"enemies":"Cultist","floor":10.0,"turns":3.0},{"damage":1.0,"enemies":"2 Louse","floor":12.0,"turns":2.0},{"damage":1.0,"enemies":"Looter","floor":13.0,"turns":4.0},{"damage":4.0,"enemies":"Lots of Slimes","floor":14.0,"turns":3.0},{"damage":8.0,"enemies":"Hexaghost","floor":16.0,"turns":9.0},{"damage":13.0,"enemies":"Spheric Guardian","floor":18.0,"turns":4.0},{"damage":19.0,"enemies":"2 Thieves","floor":19.0,"turns":4.0},{"damage":22.0,"enemies":"Centurion and Healer","floor":22.0,"turns":5.0},{"damage":14.0,"enemies":"Snecko","floor":24.0,"turns":5.0},{"damage":0,"enemies":"Chosen and Byrds","floor":25,"turns":1}],"event_choices":[{"event_name":"Golden Shrine","player_choice":"Desecrate","floor":2.0,"damage_taken":0.0},{"event_name":"World of Goop","player_choice":"Gather Gold","floor":4.0,"damage_taken":0.0},{"event_name":"Shining Light","player_choice":"Entered Light","floor":5.0,"damage_taken":0.0},{"event_name":"Dead Adventurer","player_choice":"Searched \u00271\u0027 times","floor":7.0,"damage_taken":0.0},{"event_name":"Forgotten Altar","player_choice":"Smashed Altar","floor":20.0,"damage_taken":0.0},{"event_name":"Back to Basics","player_choice":"Simplicity","floor":21.0,"damage_taken":0.0}],"boss_relics":[],"potions_floor_spawned":[6,12,13,14,19,22],"seed_played":"674338047003232314","killed_by":"Chosen and Byrds","ascension_level":14,"is_trial":false}