{"path_per_floor":["M","M","?","?","M","R","M","R","T","M","T","M","E","M","R","B",null,"M","M","M","M","M","R","?","R","T","M","M","M","R","M","R","B",null,"M","?","$","M","$","E","?","R","T","M","?","R","M","M","R","B"],"character_chosen":"THE_SILENT","items_purchased":["Mummified Hand","Pantograph"],"gold_per_floor":[113,123,123,123,140,140,153,153,153,170,170,181,215,225,225,321,321,332,343,362,374,389,389,389,389,389,408,419,437,437,450,450,547,547,564,564,230,248,0,29,29,29,29,40,40,40,59,79,79,79],"floor_reached":51,"campfire_rested":2,"playtime":3690,"current_hp_per_floor":[63,63,56,56,54,54,54,54,54,50,50,50,45,45,45,40,63,55,55,51,43,39,39,39,39,39,39,35,35,35,24,45,6,54,34,34,34,30,30,22,40,40,40,6,6,27,37,49,49,64],"items_purged":["Strike_G"],"gold":79,"score":861,"play_id":"350956a6-46e1-47b0-8b48-fe241fe19cd7","local_time":"20180326144100","is_prod":false,"is_daily":false,"is_ascension_mode":true,"campfire_upgraded":8,"timestamp":1522064460,"path_taken":["M","M","?","?","M","R","M","R","T","M","?","M","E","M","R","BOSS","M","M","M","M","M","R","?","R","T","M","?","M","R","M","R","BOSS","M","?","$","M","$","E","?","R","T","M","?","R","?","M","R","BOSS"],"build_version":"2018-03-22v2","purchased_purges":1,"victory":true,"master_deck":["Defend_G","Defend_G","Defend_G","Defend_G","Defend_G","Strike_G","Strike_G","Strike_G","Strike_G","Survivor","Neutralize+1","Flying Knee","Backflip","Noxious Fumes+1","Adrenaline+1","PiercingWail+1","Bane","Backstab","Catalyst+1","Footwork+1","Bane+1","Malaise+1","Burst+1","Noxious Fumes+1","PiercingWail","Backflip+1","Crippling Poison+1","Catalyst+1","Footwork+1","Writhe","Prepared+1","Malaise+1"],"max_hp_per_floor":[70,70,70,70,70,70,70,70,70,70,70,70,70,70,70,70,70,70,70,70,70,70,70,70,70,70,70,70,70,70,70,70,70,70,70,70,70,70,70,70,70,70,70,70,70,70,70,70,70,70],"relics":["Ring of the Snake","Calipers","Dead Branch","Bottled Tornado","Sozu","Dodecahedron","Runic Dome","Mummified Hand","Pantograph","Toxic Egg 2","Bird Faced Urn"],"card_choices":[{"not_picked":["Sucker Punch","Dodge and Roll"],"picked":"Flying Knee","floor":0.0},{"not_picked":["Infinite Blades","Slice"],"picked":"Backflip","floor":1.0},{"not_picked":["Heel Hook","Acrobatics"],"picked":"Noxious Fumes","floor":2.0},{"not_picked":["Dagger Throw","Dodge and Roll"],"picked":"Adrenaline","floor":5.0},{"not_picked":["Bane","Deflect"],"picked":"PiercingWail","floor":7.0},{"not_picked":["Quick Slash","Expertise"],"picked":"Bane","floor":10.0},{"not_picked":["Dodge and Roll","Quick Slash"],"picked":"Backstab","floor":13.0},{"not_picked":["All Out Attack","Poisoned Stab"],"picked":"Catalyst","floor":18.0},{"not_picked":["Dagger Spray","Skewer"],"picked":"Footwork","floor":19.0},{"not_picked":["Dagger Spray","Sucker Punch"],"picked":"Bane","floor":20.0},{"not_picked":["Blade Dance","Deadly Poison"],"picked":"Malaise","floor":21.0},{"not_picked":["Flechettes","Acrobatics"],"picked":"Burst","floor":22.0},{"not_picked":["Dodge and Roll","Dagger Spray"],"picked":"Noxious Fumes","floor":27.0},{"not_picked":["Dagger Throw","Choke"],"picked":"PiercingWail","floor":28.0},{"not_picked":["All Out Attack","Slice"],"picked":"Backflip","floor":29.0},{"not_picked":["Well Laid Plans","Poisoned Stab"],"picked":"Crippling Poison","floor":35.0},{"not_picked":["Cloak And Dagger","Backflip"],"picked":"Catalyst","floor":38.0},{"not_picked":["Backflip","Slice"],"picked":"Footwork","floor":40},{"not_picked":["Backflip","Cloak And Dagger"],"picked":"Prepared","floor":44},{"not_picked":["Dagger Spray","Outmaneuver"],"picked":"Malaise","floor":48}],"player_experience":462302,"potions_floor_usage":[40],"damage_taken":[{"damage":0.0,"enemies":"2 Louse","floor":1.0,"turns":4.0},{"damage":0.0,"enemies":"Cultist","floor":2.0,"turns":4.0},{"damage":2.0,"enemies":"Jaw Worm","floor":5.0,"turns":5.0},{"damage":0.0,"enemies":"Blue Slaver","floor":7.0,"turns":4.0},{"damage":4.0,"enemies":"Exordium Thugs","floor":10.0,"turns":5.0},{"damage":0.0,"enemies":"2 Fungi Beasts","floor":12.0,"turns":3.0},{"damage":5.0,"enemies":"Lagavulin","floor":13.0,"turns":7.0},{"damage":0.0,"enemies":"Blue Slaver","floor":14.0,"turns":2.0},{"damage":5.0,"enemies":"Hexaghost","floor":16.0,"turns":10.0},{"damage":8.0,"enemies":"Spheric Guardian","floor":18.0,"turns":4.0},{"damage":0.0,"enemies":"3 Byrds","floor":19.0,"turns":4.0},{"damage":4.0,"enemies":"Snecko","floor":20.0,"turns":5.0},{"damage":8.0,"enemies":"Snake Plant","floor":21.0,"turns":5.0},{"damage":4.0,"enemies":"Centurion and Healer","floor":22.0,"turns":6.0},{"damage":0.0,"enemies":"Chosen and Byrds","floor":27.0,"turns":5.0},{"damage":4.0,"enemies":"3 Cultists","floor":28.0,"turns":4.0},{"damage":0.0,"enemies":"Centurion and Healer","floor":29.0,"turns":6.0},{"damage":11.0,"enemies":"Slaver and Parasite","floor":31.0,"turns":5.0},{"damage":39.0,"enemies":"Collector","floor":33.0,"turns":9.0},{"damage":20.0,"enemies":"3 Darklings","floor":35.0,"turns":4.0},{"damage":4.0,"enemies":"Orb Walker","floor":38.0,"turns":3.0},{"damage":8,"enemies":"2 Orb Walkers","floor":40,"turns":5},{"damage":42,"enemies":"3 Darklings","floor":44,"turns":4},{"damage":0,"enemies":"Maw","floor":47,"turns":4},{"damage":0,"enemies":"4 Shapes","floor":48,"turns":4},{"damage":14,"enemies":"Donu and Deca","floor":50,"turns":9}],"event_choices":[{"event_name":"Wheel of Change","player_choice":"Damage","floor":3.0,"damage_taken":0.0},{"event_name":"Match and Keep!","player_choice":"0 cards matched","floor":4.0,"damage_taken":0.0},{"event_name":"Drug Dealer","player_choice":"Ignored","floor":24.0,"damage_taken":0.0},{"event_name":"Tomb of Lord Red Mask","player_choice":"Ignored","floor":36.0,"damage_taken":0.0},{"event_name":"Winding Halls","player_choice":"Writhe","floor":41,"damage_taken":0},{"event_name":"Mysterious Sphere","player_choice":"Ignore","floor":45,"damage_taken":0}],"boss_relics":[],"potions_floor_spawned":[5,12,13,14,16,19,20,28,31,33,44,48],"seed_played":"2154226182495798347","ascension_level":6,"is_trial":false}