{"path_per_floor":["M","?","M","$","M","R","?","E","T","R","M","?","M","M","R","B",null,"M","M","M","$","?","R","E","M","T","R","M","T","M","M","R","B",null,"M","M","$","M","M","R","T","R","T","M","?","R","E","M","R"],"character_chosen":"THE_SILENT","items_purchased":["Bottled Flame","Pantograph"],"gold_per_floor":[109,109,123,48,60,60,60,118,144,144,164,194,205,219,219,322,352,370,389,406,113,113,113,139,149,149,149,160,160,179,190,190,287,287,302,317,27,47,57,57,57,57,57,68,168,168,196,207,207,207],"floor_reached":50,"campfire_rested":2,"playtime":3495,"current_hp_per_floor":[63,63,63,63,58,58,46,28,28,49,48,48,48,39,39,24,64,49,43,36,36,36,36,26,37,37,37,26,26,36,42,64,34,65,61,54,54,42,39,39,39,39,39,48,48,48,18,28,28,0],"items_purged":["Normality","Strike_G","Strike_G"],"gold":207,"score":672,"play_id":"c2bf5fc1-2fa4-4d97-873d-b23429c4b02f","local_time":"20180326173839","is_prod":false,"is_daily":false,"is_ascension_mode":true,"campfire_upgraded":8,"timestamp":1522075119,"path_taken":["M","?","M","$","M","R","?","E","T","R","M","?","?","M","R","BOSS","M","?","M","$","?","R","E","?","T","R","M","?","M","M","R","BOSS","M","M","$","M","M","R","?","R","T","M","?","R","E","M","R","BOSS"],"build_version":"2018-03-22v2","purchased_purges":3,"victory":false,"master_deck":["Defend_G","Defend_G","Defend_G","Defend_G","Defend_G+1","Strike_G","Strike_G","Strike_G","Survivor","Neutralize+1","Dagger Spray","Infinite Blades+1","Quick Slash","Deflect","Flying Knee","PiercingWail","Dagger Throw","Backflip","Die Die Die","Terror+1","Leg Sweep+1","Predator+1","Backstab","Poisoned Stab+1","Distraction+1","Cloak And Dagger+1","Adrenaline+1","PiercingWail+1","Backflip+1","Calculated Gamble+1","Calculated Gamble+1","Caltrops+1","Noxious Fumes+1"],"max_hp_per_floor":[70,70,70,70,70,70,70,70,70,70,70,70,70,70,70,70,75,75,75,75,75,75,75,75,75,75,75,75,75,75,75,75,75,75,75,75,75,75,75,75,75,75,75,75,75,75,75,75,75,75],"relics":["Ring of the Snake","Paper Crane","Smiling Mask","Tiny Chest","Happy Flower","Blue Candle","Tiny House","Bottled Flame","Meat on the Bone","Vajra","Bag of Preparation","Cursed Key","Pantograph","Art of War"],"card_choices":[{"not_picked":["Crippling Poison","Acrobatics"],"picked":"Dagger Spray","floor":0.0},{"not_picked":["Flechettes","Distraction"],"picked":"Infinite Blades","floor":1.0},{"not_picked":["Dagger Spray","Underhanded Strike"],"picked":"Quick Slash","floor":3.0},{"not_picked":["Concentrate","Accuracy"],"picked":"Deflect","floor":5.0},{"not_picked":["Bane","Deflect"],"picked":"Flying Knee","floor":8.0},{"not_picked":["Dagger Throw","Bane"],"picked":"PiercingWail","floor":11.0},{"not_picked":["Slice","Dagger Spray"],"picked":"Dagger Throw","floor":13.0},{"not_picked":["Storm of Steel","Dagger Throw"],"picked":"Backflip","floor":14.0},{"not_picked":["Tools of the Trade","Venomology"],"picked":"Die Die Die","floor":16.0},{"not_picked":["Outmaneuver","Dagger Spray"],"picked":"Terror","floor":17.0},{"not_picked":["Acrobatics","Prepared"],"picked":"Leg Sweep","floor":18.0},{"not_picked":["Bane","Bouncing Flask"],"picked":"Predator","floor":19.0},{"not_picked":["Crippling Poison","Underhanded Strike"],"picked":"Backstab","floor":20.0},{"not_picked":["Dash","Catalyst"],"picked":"Poisoned Stab","floor":24.0},{"not_picked":["Dagger Spray","Reflex"],"picked":"Distraction","floor":25.0},{"not_picked":["Bane","Prepared"],"picked":"Cloak And Dagger","floor":30.0},{"not_picked":["Poisoned Stab","Sucker Punch"],"picked":"Adrenaline","floor":31.0},{"not_picked":["Eviscerate","Sucker Punch"],"picked":"PiercingWail","floor":35.0},{"not_picked":["Sucker Punch","Underhanded Strike"],"picked":"Backflip","floor":36.0},{"not_picked":["Outmaneuver","Finisher"],"picked":"Calculated Gamble","floor":38.0},{"not_picked":["Setup","Dagger Spray"],"picked":"Calculated Gamble","floor":39.0},{"not_picked":["Quick Slash","Finisher"],"picked":"Caltrops","floor":44.0},{"not_picked":["Dagger Throw","Blur"],"picked":"Noxious Fumes","floor":48.0}],"player_experience":465992,"potions_floor_usage":[50,50],"damage_taken":[{"damage":0.0,"enemies":"2 Louse","floor":1.0,"turns":2.0},{"damage":0.0,"enemies":"Cultist","floor":3.0,"turns":3.0},{"damage":5.0,"enemies":"Small Slimes","floor":5.0,"turns":3.0},{"damage":18.0,"enemies":"3 Sentries","floor":8.0,"turns":13.0},{"damage":1.0,"enemies":"Looter","floor":11.0,"turns":4.0},{"damage":0.0,"enemies":"Blue Slaver","floor":13.0,"turns":4.0},{"damage":9.0,"enemies":"Red Slaver","floor":14.0,"turns":3.0},{"damage":15.0,"enemies":"The Guardian","floor":16.0,"turns":15.0},{"damage":15.0,"enemies":"2 Thieves","floor":18.0,"turns":4.0},{"damage":6.0,"enemies":"Shell Parasite","floor":19.0,"turns":7.0},{"damage":7.0,"enemies":"Snake Plant","floor":20.0,"turns":5.0},{"damage":10.0,"enemies":"Gremlin Leader","floor":24.0,"turns":8.0},{"damage":1.0,"enemies":"Centurion and Healer","floor":25.0,"turns":6.0},{"damage":23.0,"enemies":"Sentry and Sphere","floor":28.0,"turns":5.0},{"damage":2.0,"enemies":"Snake Plant","floor":30.0,"turns":4.0},{"damage":6.0,"enemies":"Centurion and Healer","floor":31.0,"turns":8.0},{"damage":42.0,"enemies":"Collector","floor":33.0,"turns":11.0},{"damage":4.0,"enemies":"Orb Walker","floor":35.0,"turns":2.0},{"damage":7.0,"enemies":"3 Darklings","floor":36.0,"turns":5.0},{"damage":24.0,"enemies":"Sphere and 2 Shapes","floor":38.0,"turns":6.0},{"damage":3.0,"enemies":"Maw","floor":39.0,"turns":8.0},{"damage":3.0,"enemies":"3 Darklings","floor":44.0,"turns":6.0},{"damage":42.0,"enemies":"Giant Head","floor":47.0,"turns":10.0},{"damage":2.0,"enemies":"Sphere and 2 Shapes","floor":48.0,"turns":5.0},{"damage":54,"enemies":"Donu and Deca","floor":50,"turns":7}],"event_choices":[{"event_name":"Accursed Blacksmith","player_choice":"Rummage","floor":2.0,"damage_taken":0.0},{"event_name":"Scrap Ooze","player_choice":"success","floor":7.0,"damage_taken":12.0},{"event_name":"Dead Adventurer","player_choice":"Searched \u00272\u0027 times","floor":12.0,"damage_taken":0.0},{"event_name":"Drug Dealer","player_choice":"Ignored","floor":22.0,"damage_taken":0.0},{"event_name":"Golden Shrine","player_choice":"Pray","floor":45.0,"damage_taken":0.0}],"boss_relics":[],"potions_floor_spawned":[1,3,13,16,20,24,25,28,35,38,47,48],"seed_played":"-8718165274640806690","killed_by":"Donu and Deca","ascension_level":7,"is_trial":false}