{"path_per_floor":["M","$","M","$","M","M","?","E","T","R","M","M","R","M","R","B",null,"M","$","?","?","M","R","M","M","T","?","R","?","R","E","R","B",null,"M","$","?","?","M","R","E","M","T","$","M","?","M","M","R","B"],"character_chosen":"THE_SILENT","items_purchased":["Kunai","Toolbox","Bird Faced Urn","Caltrops","Weak Potion"],"gold_per_floor":[112,112,132,132,142,161,161,193,193,193,204,222,222,233,233,328,328,342,91,91,6,25,25,38,51,130,130,130,130,130,156,156,254,254,272,19,19,70,83,83,414,424,448,33,44,0,16,29,29,29],"floor_reached":51,"campfire_rested":4,"playtime":3200,"current_hp_per_floor":[63,63,63,63,62,51,51,30,40,40,36,36,36,36,60,13,63,49,49,33,33,33,57,51,35,35,42,42,42,69,51,51,13,75,79,79,79,74,82,82,44,48,48,48,45,45,43,59,91,54],"items_purged":[],"gold":29,"score":1009,"play_id":"d2441c9c-af04-4d74-b645-6fe047731ab6","local_time":"20180328160406","is_prod":false,"is_daily":false,"is_ascension_mode":true,"campfire_upgraded":5,"timestamp":1522242246,"path_taken":["M","$","M","$","M","?","?","E","T","R","M","M","R","M","R","BOSS","M","$","?","?","M","R","M","M","T","?","R","?","R","E","R","BOSS","M","$","?","?","M","R","E","M","T","?","M","?","M","M","R","BOSS"],"build_version":"2018-03-22v2","purchased_purges":0,"victory":true,"master_deck":["Defend_G","Defend_G","Defend_G","Defend_G","Defend_G","Strike_G","Strike_G","Survivor","Neutralize+1","Adrenaline+1","Cloak And Dagger","All Out Attack","Escape Plan","Backstab","Backflip","Dash","Footwork+1","Bouncing Flask+1","Dagger Spray+1","Dash","Writhe","Caltrops+1","Backflip+1","Tools of the Trade+1","Leg Sweep+1","Caltrops","Corpse Explosion","Sucker Punch+1","Deadly Poison+1"],"max_hp_per_floor":[70,70,70,70,70,70,70,70,80,80,80,80,80,80,80,80,80,80,80,80,80,80,80,82,84,84,91,91,91,91,93,93,95,95,97,97,97,99,101,101,103,105,105,105,107,107,107,107,107,107],"relics":["Ring of the Snake","Dream Catcher","Bronze Scales","Pear","Runic Dome","Kunai","Nilry\u0027s Codex","Singing Bowl","Pantograph","Strawberry","Blood Vial","Astrolabe","Toolbox","Sundial","Old Coin","Art of War","Bird Faced Urn","Red Mask"],"card_choices":[{"not_picked":["PiercingWail","Concentrate"],"picked":"Cloak And Dagger","floor":1},{"not_picked":["Sucker Punch","Blade Dance"],"picked":"All Out Attack","floor":5},{"not_picked":["Acrobatics","Blur"],"picked":"Escape Plan","floor":6},{"not_picked":["A Thousand Cuts","Eviscerate"],"picked":"Backstab","floor":8},{"not_picked":["All Out Attack","Bouncing Flask"],"picked":"Backflip","floor":11},{"not_picked":["Skewer","PiercingWail"],"picked":"Dash","floor":12},{"not_picked":["Prepared","Acrobatics"],"picked":"Footwork","floor":14},{"not_picked":["Dagger Spray","Crippling Poison"],"picked":"Bouncing Flask","floor":15},{"not_picked":["Deflect","Heel Hook"],"picked":"Dagger Spray","floor":22},{"not_picked":["Sucker Punch","Quick Slash"],"picked":"Dash","floor":23},{"not_picked":["Dodge and Roll","Terror"],"picked":"Caltrops","floor":30},{"not_picked":["Bane","Poisoned Stab"],"picked":"Corpse Explosion","floor":47},{"not_picked":["Deadly Poison","Dagger Throw"],"picked":"Sucker Punch","floor":48},{"not_picked":["Dodge and Roll","Cloak And Dagger"],"picked":"Deadly Poison","floor":49}],"player_experience":487642,"potions_floor_usage":[8,16,22,31,33,33,33,33,38,41,41,41,47,48,50],"damage_taken":[{"damage":0,"enemies":"Cultist","floor":1,"turns":4},{"damage":0,"enemies":"2 Louse","floor":3,"turns":3},{"damage":1,"enemies":"Jaw Worm","floor":5,"turns":5},{"damage":11,"enemies":"Red Slaver","floor":6,"turns":7},{"damage":21,"enemies":"3 Sentries","floor":8,"turns":10},{"damage":4,"enemies":"3 Louse","floor":11,"turns":1},{"damage":0,"enemies":"Looter","floor":12,"turns":2},{"damage":0,"enemies":"Large Slime","floor":14,"turns":5},{"damage":47,"enemies":"Slime Boss","floor":16,"turns":12},{"damage":14,"enemies":"2 Thieves","floor":18,"turns":4},{"damage":0,"enemies":"Spheric Guardian","floor":22,"turns":3},{"damage":8,"enemies":"Snake Plant","floor":24,"turns":4},{"damage":18,"enemies":"Sentry and Sphere","floor":25,"turns":6},{"damage":20,"enemies":"Book of Stabbing","floor":31,"turns":5},{"damage":82,"enemies":"Collector","floor":33,"turns":13},{"damage":0,"enemies":"3 Darklings","floor":35,"turns":5},{"damage":12,"enemies":"Mysterious Sphere","floor":38,"turns":8},{"damage":0,"enemies":"Orb Walker","floor":39,"turns":3},{"damage":42,"enemies":"Giant Head","floor":41,"turns":11},{"damage":0,"enemies":"4 Shapes","floor":42,"turns":9},{"damage":17,"enemies":"3 Darklings","floor":45,"turns":5},{"damage":12,"enemies":"Sphere and 2 Shapes","floor":47,"turns":6},{"damage":9,"enemies":"Maw","floor":48,"turns":8},{"damage":63,"enemies":"Time Eater","floor":50,"turns":10}],"event_choices":[{"event_name":"Accursed Blacksmith","player_choice":"Rummage","floor":7,"damage_taken":0},{"event_name":"Cursed Tome","player_choice":"Obtained Book","floor":20,"damage_taken":0},{"event_name":"Addict","player_choice":"Obtained Relic","floor":21,"damage_taken":0},{"event_name":"The Mausoleum","player_choice":"Yes","floor":27,"damage_taken":0},{"event_name":"Vampires","player_choice":"Ignored","floor":29,"damage_taken":0},{"event_name":"The Lab","player_choice":"Got Potions","floor":37,"damage_taken":0},{"event_name":"Mysterious Sphere","player_choice":"Fight","floor":38,"damage_taken":0},{"event_name":"Tomb of Lord Red Mask","player_choice":"Paid","floor":46,"damage_taken":0}],"boss_relics":[{"not_picked":["Orrery","White Beast Statue"],"picked":"Runic Dome"},{"not_picked":["Philosopher\u0027s Stone","The Specimen"],"picked":"Astrolabe"}],"potions_floor_spawned":[3,5,6,8,14,22,25,31,38,39,42,48],"seed_played":"8005919866548017804","ascension_level":8,"is_trial":false}