{"path_per_floor":["M","?","M","M","?","R","?","R","T","R","?","?","M","E","R"],"character_chosen":"THE_SILENT","items_purchased":[],"gold_per_floor":[14,189,203,213,213,213,193,193,193,193,193,193,205,230,230,230],"floor_reached":16,"campfire_rested":0,"playtime":715,"current_hp_per_floor":[63,63,63,63,56,56,56,56,56,56,70,58,58,54,54,0],"items_purged":[],"gold":230,"score":127,"play_id":"4da774a5-59b6-4259-abee-33fae9246867","local_time":"20180326133342","is_prod":false,"is_daily":false,"is_ascension_mode":true,"campfire_upgraded":4,"timestamp":1522060422,"path_taken":["M","?","M","?","?","R","?","R","T","R","?","?","M","E","R","BOSS"],"build_version":"2018-03-22v2","purchased_purges":0,"victory":false,"master_deck":["Defend_G","Defend_G","Defend_G","Defend_G","Defend_G","Strike_G","Strike_G","Strike_G","Strike_G","Strike_G","Survivor","Neutralize+1","Backstab+1","Footwork+1","Normality","Dagger Throw","Blur+1"],"max_hp_per_floor":[70,70,70,70,70,70,70,70,70,70,84,84,84,84,84,84],"relics":["Ring of the Snake","Thread and Needle","Calipers","Mango","Ancient Tea Set","Orichalcum"],"card_choices":[{"not_picked":["Cloak And Dagger","Phantasmal Killer"],"picked":"Backstab","floor":1.0},{"not_picked":["Poisoned Stab","Sucker Punch"],"picked":"Footwork","floor":4.0},{"not_picked":["Underhanded Strike","Cloak And Dagger"],"picked":"Dagger Throw","floor":13.0},{"not_picked":["Cloak And Dagger","Choke"],"picked":"Blur","floor":14.0}],"player_experience":461587,"potions_floor_usage":[16,16],"damage_taken":[{"damage":0.0,"enemies":"2 Louse","floor":1.0,"turns":2.0},{"damage":0.0,"enemies":"Cultist","floor":3.0,"turns":3.0},{"damage":0.0,"enemies":"Jaw Worm","floor":4.0,"turns":6.0},{"damage":0.0,"enemies":"2 Fungi Beasts","floor":13.0,"turns":3.0},{"damage":4.0,"enemies":"3 Sentries","floor":14.0,"turns":10.0},{"damage":59,"enemies":"Hexaghost","floor":16,"turns":16}],"event_choices":[{"event_name":"Liars Game","player_choice":"agreed","floor":2.0,"damage_taken":0.0},{"event_name":"Golden Wing","player_choice":"Card Removal","floor":5.0,"damage_taken":0.0},{"event_name":"The Woman in Blue","player_choice":"Bought 1 Potion","floor":7.0,"damage_taken":0.0},{"event_name":"Accursed Blacksmith","player_choice":"Rummage","floor":11.0,"damage_taken":0.0},{"event_name":"Scrap Ooze","player_choice":"success","floor":12.0,"damage_taken":12.0}],"boss_relics":[],"potions_floor_spawned":[4,14],"seed_played":"-5427840204115044710","killed_by":"Hexaghost","ascension_level":6,"is_trial":false}