{"path_per_floor":["M","T","$","?","M","M","M","?","T","R","M","M","R","M","R","B",null,"M","$","?","M","M","R","M","$","T","E","M","T","R","?","R","B",null,"M","M","$","M","T","E","R","$","T","M","R","M","?","M","R","B"],"character_chosen":"THE_SILENT","items_purchased":["Noxious Fumes","Escape Plan","Meat on the Bone"],"gold_per_floor":[116,116,35,0,20,37,56,56,56,56,68,88,88,98,98,201,201,215,106,106,125,138,138,151,51,76,131,141,213,213,213,213,313,313,333,349,94,107,107,140,140,15,39,49,49,64,0,12,12,12],"floor_reached":51,"campfire_rested":2,"playtime":1940,"current_hp_per_floor":[35,35,35,52,52,52,45,31,31,31,29,29,29,28,28,3,70,70,70,70,62,62,62,50,50,50,20,20,20,20,20,41,48,70,60,49,49,49,49,38,59,59,59,51,51,40,40,42,42,48],"items_purged":["Strike_G","Strike_G","Survivor"],"gold":12,"score":716,"play_id":"936b2cd8-51a2-47ea-9765-9e045558e5a8","local_time":"20180401152420","is_prod":false,"is_daily":false,"is_ascension_mode":false,"campfire_upgraded":5,"timestamp":1522585460,"path_taken":["M","?","$","?","M","M","M","?","T","R","M","M","R","M","R","BOSS","M","$","?","M","M","R","M","$","T","E","M","?","R","?","R","BOSS","M","?","?","?","?","E","R","$","T","M","R","M","?","?","R","BOSS"],"build_version":"2018-03-29v2","purchased_purges":3,"victory":true,"master_deck":["Defend_G+1","Defend_G+1","Defend_G+1","Defend_G+1","Defend_G+1","Neutralize+1","Escape Plan","Noxious Fumes+1","Poisoned Stab","Poisoned Stab","Catalyst+1","Bouncing Flask+1","Corpse Explosion+1","Deadly Poison","Escape Plan","Catalyst+1","Deadly Poison","Dash","After Image","Burst+1","Venomology+1","Burst+1","Deadly Poison+1","Catalyst+1","Leg Sweep+1"],"max_hp_per_floor":[70,70,70,70,70,70,70,70,70,70,70,70,70,70,70,70,70,70,70,70,70,70,70,70,70,70,70,70,70,70,70,70,70,70,70,70,70,70,70,72,72,72,72,74,74,76,76,78,78,78],"relics":["Ring of the Snake","Du-Vu Doll","Blue Candle","Pantograph","Velvet Choker","Prayer Wheel","Tiny Chest","Darkstone Periapt","Astrolabe","Meat on the Bone","Singing Bowl","Peace Pipe","Bag of Preparation","Red Mask"],"card_choices":[{"not_picked":["Quick Slash","Underhanded Strike"],"picked":"Escape Plan","floor":1.0},{"not_picked":["Deflect","Underhanded Strike"],"picked":"Poisoned Stab","floor":5.0},{"not_picked":["Dodge and Roll","Quick Slash"],"picked":"Poisoned Stab","floor":6.0},{"not_picked":["Dagger Throw","Concentrate"],"picked":"Eviscerate","floor":7.0},{"not_picked":["Poisoned Stab","Acrobatics"],"picked":"Catalyst","floor":12.0},{"not_picked":["Outmaneuver","Dagger Throw"],"picked":"Bouncing Flask","floor":14.0},{"not_picked":["Venomology","Wraith Form"],"picked":"Corpse Explosion","floor":16.0},{"not_picked":["Underhanded Strike","Quick Slash"],"picked":"Deadly Poison","floor":18.0},{"not_picked":["Dodge and Roll","Crippling Poison"],"picked":"Catalyst","floor":21.0},{"not_picked":["Dodge and Roll","Reflex"],"picked":"Deadly Poison","floor":27.0},{"not_picked":["Dagger Throw","Underhanded Strike"],"picked":"Dash","floor":29.0},{"not_picked":["Tools of the Trade","Grand Finale"],"picked":"After Image","floor":33.0},{"not_picked":["Backflip","Flying Knee"],"picked":"Deadly Poison","floor":35.0},{"not_picked":["Well Laid Plans","Distraction"],"picked":"Catalyst","floor":36.0},{"not_picked":["Deadly Poison","Flying Knee"],"picked":"Leg Sweep","floor":39.0},{"not_picked":["Deadly Poison","Deflect"],"picked":"Bullet Time","floor":43.0}],"player_experience":539230,"potions_floor_usage":[],"damage_taken":[{"damage":0.0,"enemies":"Cultist","floor":1.0,"turns":4.0},{"damage":0.0,"enemies":"Small Slimes","floor":5.0,"turns":5.0},{"damage":0.0,"enemies":"Jaw Worm","floor":6.0,"turns":5.0},{"damage":7.0,"enemies":"Looter","floor":7.0,"turns":3.0},{"damage":2.0,"enemies":"2 Fungi Beasts","floor":11.0,"turns":4.0},{"damage":0.0,"enemies":"Large Slime","floor":12.0,"turns":6.0},{"damage":1.0,"enemies":"Exordium Thugs","floor":14.0,"turns":4.0},{"damage":50.0,"enemies":"Slime Boss","floor":16.0,"turns":10.0},{"damage":0.0,"enemies":"Chosen","floor":18.0,"turns":3.0},{"damage":8.0,"enemies":"2 Thieves","floor":21.0,"turns":4.0},{"damage":0.0,"enemies":"Snecko","floor":22.0,"turns":3.0},{"damage":12.0,"enemies":"Snake Plant","floor":24.0,"turns":2.0},{"damage":30.0,"enemies":"Slavers","floor":27.0,"turns":6.0},{"damage":0.0,"enemies":"3 Cultists","floor":28.0,"turns":3.0},{"damage":18.0,"enemies":"Champ","floor":33.0,"turns":7.0},{"damage":10.0,"enemies":"3 Shapes","floor":35.0,"turns":3.0},{"damage":11.0,"enemies":"3 Darklings","floor":36.0,"turns":6.0},{"damage":0.0,"enemies":"Maw","floor":38.0,"turns":4.0},{"damage":25.0,"enemies":"2 Orb Walkers","floor":40.0,"turns":2.0},{"damage":10.0,"enemies":"Sphere and 2 Shapes","floor":44.0,"turns":5.0},{"damage":13.0,"enemies":"3 Darklings","floor":46.0,"turns":4.0},{"damage":0.0,"enemies":"Maw","floor":48.0,"turns":2.0},{"damage":19,"enemies":"Time Eater","floor":50,"turns":2}],"event_choices":[{"event_name":"The Cleric","player_choice":"Healed","floor":4.0,"damage_taken":0.0},{"event_name":"Shining Light","player_choice":"Entered Light","floor":8.0,"damage_taken":0.0},{"event_name":"Back to Basics","player_choice":"Simplicity","floor":20.0,"damage_taken":0.0},{"event_name":"Vampires","player_choice":"Ignored","floor":31.0,"damage_taken":0.0},{"event_name":"Tomb of Lord Red Mask","player_choice":"Paid","floor":47.0,"damage_taken":0.0}],"boss_relics":[],"potions_floor_spawned":[5,7,12,18,28,33,36,38,46],"seed_played":"-7752352678521930651","ascension_level":0,"is_trial":false}