{"path_per_floor":["M","?","M","?","?","R","M","R","T","E","M","M","$","?","R","B",null,"M","M","M","$","?","R","M","R","T","E","M","?","$","?","R","B",null,"M","M","?","$","M","E","R","$","T","R","M","?","?","E","R","B"],"character_chosen":"THE_SILENT","items_purchased":["Matryoshka","PiercingWail","Poisoned Stab","Whetstone"],"gold_per_floor":[16,16,29,204,184,184,195,195,195,223,233,247,172,172,172,274,274,285,298,308,47,47,47,67,67,143,174,189,279,22,22,22,125,125,142,153,153,53,69,101,101,101,126,126,143,143,0,33,33,33],"floor_reached":51,"campfire_rested":3,"playtime":2794,"current_hp_per_floor":[70,58,55,55,55,55,55,55,55,42,42,42,42,42,42,4,70,68,66,66,66,66,66,60,60,60,59,43,27,27,27,48,48,70,70,70,60,60,59,37,58,58,58,58,58,49,49,46,67,39],"items_purged":["Doubt","Pain","Decay"],"gold":33,"score":798,"play_id":"73cb6840-13b0-460d-894e-ebe34ee14767","local_time":"20180401171040","is_prod":false,"is_daily":false,"is_ascension_mode":false,"campfire_upgraded":3,"timestamp":1522591840,"path_taken":["M","?","M","?","?","R","M","R","T","E","M","M","$","?","R","BOSS","M","M","M","$","?","R","M","R","T","E","M","?","$","?","R","BOSS","M","M","?","?","M","E","R","$","T","R","M","?","?","E","R","BOSS"],"build_version":"2018-03-29v2","purchased_purges":3,"victory":true,"master_deck":["Defend_G+1","Defend_G+1","Defend_G+1","Defend_G+1","Defend_G+1","Strike_G+1","Strike_G+1","Strike_G+1","Strike_G+1","Survivor","Neutralize+1","Prepared+1","Backflip","Deadly Poison","Eviscerate+1","Blur","Phantasmal Killer","Tools of the Trade","Cloak And Dagger+1","Reflex","Caltrops","Riddle With Holes+1","PiercingWail","Poisoned Stab+1","Adrenaline+1","Acrobatics+1","Blur+1","Master of Strategy","Panacea","Prepared+1","Writhe","Blur+1","Madness","Madness","Adrenaline"],"max_hp_per_floor":[70,70,70,70,70,70,70,70,70,70,70,70,70,70,70,70,70,70,70,70,70,70,70,70,70,70,70,70,70,70,70,70,70,70,70,70,70,70,70,70,70,70,70,70,70,70,70,70,70,70],"relics":["Ring of the Snake","Thread and Needle","Pen Nib","Ginger","Girya","Cursed Key","Matryoshka","Juzu Bracelet","The Courier","Happy Flower","Whetstone","Runic Dome","Art of War","Prayer Wheel","Orichalcum","Red Mask","Bronze Scales"],"card_choices":[{"not_picked":["Underhanded Strike","Sucker Punch"],"picked":"Prepared","floor":1.0},{"not_picked":["Infinite Blades","Prepared"],"picked":"Backflip","floor":3.0},{"not_picked":["Outmaneuver","Cloak And Dagger"],"picked":"Deadly Poison","floor":10.0},{"not_picked":["Distraction","Blade Dance"],"picked":"Eviscerate","floor":11.0},{"not_picked":["Slice","Poisoned Stab"],"picked":"Blur","floor":12.0},{"not_picked":["Phantasmal Killer","Grand Finale"],"picked":"Tools of the Trade","floor":16.0},{"not_picked":["Masterful Stab","Skewer"],"picked":"Cloak And Dagger","floor":18.0},{"not_picked":["Acrobatics","Bane"],"picked":"Reflex","floor":19.0},{"not_picked":["Backflip","Endless Agony"],"picked":"Caltrops","floor":24.0},{"not_picked":["Blur","Distraction"],"picked":"Riddle With Holes","floor":28.0},{"not_picked":["Bullet Time","Corpse Explosion"],"picked":"Adrenaline","floor":33.0},{"not_picked":["Deflect","Dagger Throw"],"picked":"Acrobatics","floor":35.0},{"not_picked":["Heel Hook","Deadly Poison"],"picked":"Blur","floor":36.0},{"not_picked":["Apotheosis","Flash of Steel"],"picked":"Master of Strategy","floor":37},{"not_picked":["Deep Breath","Dramatic Entrance"],"picked":"Panacea","floor":37},{"not_picked":["Dodge and Roll","Underhanded Strike"],"picked":"Prepared","floor":40},{"not_picked":["Calculated Gamble","All Out Attack"],"picked":"Blur","floor":45},{"not_picked":["Backstab","Cloak And Dagger"],"picked":"Adrenaline","floor":48}],"player_experience":541170,"potions_floor_usage":[48,48,50],"damage_taken":[{"damage":0.0,"enemies":"Small Slimes","floor":1.0,"turns":3.0},{"damage":3.0,"enemies":"2 Louse","floor":3.0,"turns":3.0},{"damage":0.0,"enemies":"Cultist","floor":7.0,"turns":4.0},{"damage":13.0,"enemies":"Gremlin Nob","floor":10.0,"turns":4.0},{"damage":0.0,"enemies":"Blue Slaver","floor":11.0,"turns":3.0},{"damage":0.0,"enemies":"Large Slime","floor":12.0,"turns":5.0},{"damage":38.0,"enemies":"Slime Boss","floor":16.0,"turns":20.0},{"damage":2.0,"enemies":"Shell Parasite","floor":18.0,"turns":6.0},{"damage":2.0,"enemies":"3 Byrds","floor":19.0,"turns":5.0},{"damage":0.0,"enemies":"Slaver and Parasite","floor":20.0,"turns":9.0},{"damage":6.0,"enemies":"Cultist and Chosen","floor":24.0,"turns":7.0},{"damage":1.0,"enemies":"Gremlin Leader","floor":27.0,"turns":8.0},{"damage":16.0,"enemies":"Snake Plant","floor":28.0,"turns":2.0},{"damage":0.0,"enemies":"Champ","floor":33.0,"turns":8.0},{"damage":0.0,"enemies":"3 Shapes","floor":35.0,"turns":4.0},{"damage":0.0,"enemies":"Orb Walker","floor":36.0,"turns":2.0},{"damage":1,"enemies":"Sphere and 2 Shapes","floor":39,"turns":5},{"damage":22,"enemies":"Giant Head","floor":40,"turns":7},{"damage":0,"enemies":"4 Shapes","floor":45,"turns":6},{"damage":3,"enemies":"2 Orb Walkers","floor":48,"turns":4},{"damage":28,"enemies":"Donu and Deca","floor":50,"turns":11}],"event_choices":[{"event_name":"Scrap Ooze","player_choice":"success","floor":2.0,"damage_taken":12.0},{"event_name":"Liars Game","player_choice":"agreed","floor":4.0,"damage_taken":0.0},{"event_name":"The Woman in Blue","player_choice":"Bought 1 Potion","floor":5.0,"damage_taken":0.0},{"event_name":"Transmorgrifier","player_choice":"Transform","floor":14.0,"damage_taken":0.0},{"event_name":"Back to Basics","player_choice":"Simplicity","floor":22.0,"damage_taken":0.0},{"event_name":"Knowing Skull","player_choice":"GOLD ","floor":29.0,"damage_taken":0.0},{"event_name":"Forgotten Altar","player_choice":"Smashed Altar","floor":31.0,"damage_taken":0.0},{"event_name":"SensoryStone","player_choice":"Memory 3","floor":37,"damage_taken":0},{"event_name":"Winding Halls","player_choice":"Embrace Madness","floor":46,"damage_taken":0},{"event_name":"Tomb of Lord Red Mask","player_choice":"Paid","floor":47,"damage_taken":0}],"boss_relics":[],"potions_floor_spawned":[7,10,11,12,19,28,40,45],"seed_played":"7918371419202039426","ascension_level":0,"is_trial":false}