{"path_per_floor":["M","?","M","M","$","R","M","R","T","?","R","E","?","E","R","B",null,"M","M","$","?","M","R","M","R","T","M","M","M","R","?","R","B",null,"M","?","?","?","M","R","$","R","T","M","$","R","M","M","R","B"],"character_chosen":"THE_SILENT","items_purchased":["Noxious Fumes","PiercingWail","Pear"],"gold_per_floor":[115,115,133,153,78,78,90,90,90,90,90,125,125,154,154,254,254,266,278,55,55,75,75,89,89,89,104,122,142,142,142,142,243,243,258,258,258,303,318,318,61,61,61,72,72,72,86,100,100,100],"floor_reached":51,"campfire_rested":5,"playtime":2272,"current_hp_per_floor":[55,48,48,44,44,44,40,40,40,40,61,34,34,22,43,32,61,61,40,40,63,54,54,37,37,37,19,17,14,35,19,40,25,59,57,57,57,55,52,52,62,62,62,62,62,80,70,70,70,62],"items_purged":["Strike_G","Strike_G"],"gold":100,"score":1030,"play_id":"1a87707a-e62c-4c71-908c-3e08c852b950","local_time":"20180331195731","is_prod":false,"is_daily":false,"is_ascension_mode":true,"campfire_upgraded":7,"timestamp":1522515451,"path_taken":["M","?","M","M","$","R","M","R","T","?","R","E","?","E","R","BOSS","M","M","$","?","M","R","M","R","T","M","M","M","R","?","R","BOSS","M","?","?","?","M","R","$","R","T","?","$","R","M","M","R","BOSS"],"build_version":"2018-03-29v2","purchased_purges":3,"victory":true,"master_deck":["Defend_G","Defend_G","Defend_G","Defend_G","Defend_G","Strike_G","Strike_G","Survivor","Neutralize+1","AscendersBane","Deadly Poison+1","Poisoned Stab+1","Deadly Poison+1","Dash","Catalyst+1","Noxious Fumes+1","PiercingWail","Expertise+1","Acrobatics+1","Leg Sweep+1","Slice+1","Adrenaline+1","Backflip+1","Noxious Fumes+1","Escape Plan","Noxious Fumes+1","Catalyst+1","Terror+1"],"max_hp_per_floor":[70,70,70,70,70,70,70,70,70,70,70,70,70,70,70,70,70,70,70,70,70,70,70,70,70,70,70,70,70,70,70,70,70,70,70,70,70,70,70,70,80,80,80,80,80,80,80,80,80,80],"relics":["Ring of the Snake","Sundial","Torii","Ice Cream","Matryoshka","Sozu","Shuriken","Paper Crane","Enchiridion","Philosopher\u0027s Stone","Gambling Chip","Pear","Anchor","Thread and Needle"],"card_choices":[{"not_picked":["Sucker Punch","Setup"],"picked":"Deadly Poison","floor":1.0},{"not_picked":["Skewer","Dodge and Roll"],"picked":"Poisoned Stab","floor":3.0},{"not_picked":["Choke","Underhanded Strike"],"picked":"Deadly Poison","floor":7.0},{"not_picked":["After Image","Deflect"],"picked":"Dash","floor":12.0},{"not_picked":["Flying Knee","Acrobatics"],"picked":"Catalyst","floor":14.0},{"not_picked":["Deadly Poison","Dagger Spray"],"picked":"Expertise","floor":22.0},{"not_picked":["Prepared","Flying Knee"],"picked":"Acrobatics","floor":24.0},{"not_picked":["Outmaneuver","Backflip"],"picked":"Leg Sweep","floor":27.0},{"not_picked":["Caltrops","Underhanded Strike"],"picked":"Slice","floor":29},{"not_picked":["Die Die Die","Tactician"],"picked":"Adrenaline","floor":33},{"not_picked":["Accuracy","Deflect"],"picked":"Backflip","floor":35},{"not_picked":["Crippling Poison","Deflect"],"picked":"Noxious Fumes","floor":39},{"not_picked":["Flying Knee","Dagger Spray"],"picked":"Catalyst","floor":47},{"not_picked":["Setup","Dagger Spray"],"picked":"Terror","floor":48}],"player_experience":519129,"potions_floor_usage":[],"damage_taken":[{"damage":8.0,"enemies":"Jaw Worm","floor":1.0,"turns":6.0},{"damage":0.0,"enemies":"Small Slimes","floor":3.0,"turns":4.0},{"damage":4.0,"enemies":"2 Louse","floor":4.0,"turns":4.0},{"damage":4.0,"enemies":"Blue Slaver","floor":7.0,"turns":4.0},{"damage":27.0,"enemies":"3 Sentries","floor":12.0,"turns":9.0},{"damage":12.0,"enemies":"Gremlin Nob","floor":14.0,"turns":3.0},{"damage":11.0,"enemies":"Hexaghost","floor":16.0,"turns":9.0},{"damage":0.0,"enemies":"Chosen","floor":18.0,"turns":4.0},{"damage":21.0,"enemies":"2 Thieves","floor":19.0,"turns":4.0},{"damage":9.0,"enemies":"Centurion and Healer","floor":22.0,"turns":7.0},{"damage":17.0,"enemies":"Snecko","floor":24.0,"turns":5.0},{"damage":18.0,"enemies":"Chosen and Byrds","floor":27.0,"turns":5.0},{"damage":2.0,"enemies":"Centurion and Healer","floor":28.0,"turns":5.0},{"damage":3,"enemies":"Sentry and Sphere","floor":29,"turns":5},{"damage":15,"enemies":"Automaton","floor":33,"turns":8},{"damage":2,"enemies":"3 Shapes","floor":35,"turns":4},{"damage":2,"enemies":"Mysterious Sphere","floor":38,"turns":6},{"damage":3,"enemies":"3 Darklings","floor":39,"turns":5},{"damage":0,"enemies":"Maw","floor":44,"turns":6},{"damage":10,"enemies":"Sphere and 2 Shapes","floor":47,"turns":4},{"damage":0,"enemies":"4 Shapes","floor":48,"turns":4},{"damage":8,"enemies":"Time Eater","floor":50,"turns":6}],"event_choices":[{"event_name":"Scrap Ooze","player_choice":"success","floor":2.0,"damage_taken":7.0},{"event_name":"Shining Light","player_choice":"Ignored","floor":10.0,"damage_taken":0.0},{"event_name":"Living Wall","player_choice":"Grow","floor":13.0,"damage_taken":0.0},{"event_name":"The Library","player_choice":"Heal","floor":21.0,"damage_taken":0.0},{"event_name":"Cursed Tome","player_choice":"Obtained Book","floor":31,"damage_taken":0},{"event_name":"Duplicator","player_choice":"One dupe","floor":36,"damage_taken":0},{"event_name":"Transmorgrifier","player_choice":"Transform","floor":37,"damage_taken":0},{"event_name":"Mysterious Sphere","player_choice":"Fight","floor":38,"damage_taken":0}],"boss_relics":[{"not_picked":["Black Star","Calling Bell"],"picked":"Philosopher\u0027s Stone"}],"potions_floor_spawned":[12,14,16,22,24,29,33,38,47,48],"seed_played":"-3355804466862948342","ascension_level":11,"is_trial":false}