{"path_per_floor":["M","M","?","T","M","R","E","M","T","R","?","R","M","$","R","B",null,"M","M","?","M","?","R"],"character_chosen":"THE_SILENT","items_purchased":["Noxious Fumes","Backflip"],"gold_per_floor":[11,27,27,51,70,70,104,121,200,200,200,200,214,58,58,153,153,172,163,163,187,187,187,187],"floor_reached":24,"campfire_rested":0,"playtime":983,"current_hp_per_floor":[63,60,60,60,55,55,36,31,31,31,31,31,30,30,30,39,62,43,37,37,35,35,35,0],"items_purged":["Injury"],"gold":187,"score":323,"play_id":"a64f35b5-52b0-45e4-a8de-fd7b454deeec","local_time":"20180402234012","is_prod":false,"is_daily":false,"is_ascension_mode":true,"campfire_upgraded":5,"timestamp":1522701612,"path_taken":["M","M","?","?","M","R","E","M","T","R","?","R","M","$","R","BOSS","M","M","?","M","?","R","M"],"build_version":"2018-03-29v2","purchased_purges":1,"victory":false,"master_deck":["Defend_G","Defend_G","Defend_G","Defend_G","Defend_G","Strike_G","Strike_G","Strike_G","Strike_G","Strike_G","Survivor","Neutralize+1","AscendersBane","Die Die Die","Deflect","Predator","Flying Knee","After Image+1","Caltrops+1","Escape Plan","Noxious Fumes+1","Backflip","Burst+1","Poisoned Stab","Deadly Poison"],"max_hp_per_floor":[70,70,70,70,70,70,70,70,70,70,70,70,70,70,70,70,70,70,70,70,70,70,70,70],"relics":["Ring of the Snake","Snake Skull","Juzu Bracelet","Meat on the Bone","Golden Idol","Philosopher\u0027s Stone"],"card_choices":[{"not_picked":["After Image","Bullet Time"],"picked":"Die Die Die","floor":0.0},{"not_picked":["Expertise","Calculated Gamble"],"picked":"Deflect","floor":1.0},{"not_picked":["Deflect","Blade Dance"],"picked":"Predator","floor":2.0},{"not_picked":["Quick Slash","Deflect"],"picked":"Flying Knee","floor":5.0},{"not_picked":["Finisher","Slice"],"picked":"After Image","floor":7.0},{"not_picked":["Poisoned Stab","Predator"],"picked":"Caltrops","floor":8.0},{"not_picked":["Catalyst","Blade Dance"],"picked":"Escape Plan","floor":13.0},{"not_picked":["Venomology","Wraith Form"],"picked":"Burst","floor":16.0},{"not_picked":["Terror","Slice"],"picked":"Poisoned Stab","floor":19.0},{"not_picked":["Slice","Flying Knee"],"picked":"Deadly Poison","floor":21.0}],"player_experience":562873,"potions_floor_usage":[],"damage_taken":[{"damage":0.0,"enemies":"Small Slimes","floor":1.0,"turns":3.0},{"damage":3.0,"enemies":"Jaw Worm","floor":2.0,"turns":5.0},{"damage":5.0,"enemies":"Cultist","floor":5.0,"turns":4.0},{"damage":19.0,"enemies":"3 Sentries","floor":7.0,"turns":10.0},{"damage":5.0,"enemies":"Blue Slaver","floor":8.0,"turns":4.0},{"damage":13.0,"enemies":"Exordium Wildlife","floor":13.0,"turns":5.0},{"damage":3.0,"enemies":"Hexaghost","floor":16.0,"turns":9.0},{"damage":19.0,"enemies":"Spheric Guardian","floor":18.0,"turns":6.0},{"damage":18.0,"enemies":"2 Thieves","floor":19.0,"turns":4.0},{"damage":14.0,"enemies":"Centurion and Healer","floor":21.0,"turns":7.0},{"damage":35,"enemies":"Cultist and Chosen","floor":24,"turns":3}],"event_choices":[{"event_name":"Liars Game","player_choice":"disagreed","floor":3.0,"damage_taken":0.0},{"event_name":"Golden Idol","player_choice":"Take Wound","floor":11.0,"damage_taken":0.0},{"event_name":"The Mausoleum","player_choice":"No","floor":20.0,"damage_taken":0.0},{"event_name":"Ghosts","player_choice":"Ignored","floor":22.0,"damage_taken":0.0}],"boss_relics":[],"potions_floor_spawned":[1,5,7,8,19],"seed_played":"-1105982484930899190","killed_by":"Cultist and Chosen","ascension_level":13,"is_trial":false}