{"path_per_floor":["M","?","M","$","?","M","R","M","T","?","?","R","M","M","R","B",null,"M","?","$","M","?","R","E","R","T","?","M","R","M","M","R","B",null,"M","?","?","M","M","R","M","E","T","?","R","M","M","$","R","B"],"character_chosen":"THE_SILENT","items_purchased":["Frozen Egg 2","Backflip","Footwork","Backflip","Swift Potion","Strength Potion"],"gold_per_floor":[364,364,381,11,11,21,21,39,39,39,39,39,63,87,87,211,211,211,211,118,118,118,118,118,118,118,118,118,118,118,118,118,118,118,118,118,118,118,118,118,118,118,118,118,118,118,118,18,18,18],"floor_reached":51,"campfire_rested":1,"playtime":2770,"current_hp_per_floor":[35,40,40,40,40,40,40,40,40,40,40,40,27,27,27,16,69,54,54,54,54,54,54,47,47,47,47,47,47,47,47,47,37,69,66,66,66,66,59,59,59,29,29,29,29,18,18,18,38,18],"items_purged":["Strike_G"],"gold":18,"score":741,"play_id":"4de399d1-c3fd-4b75-b58a-dd641857549a","local_time":"20180328150116","is_prod":false,"is_daily":false,"is_ascension_mode":false,"campfire_upgraded":9,"timestamp":1522238476,"path_taken":["M","?","M","$","?","?","R","M","T","?","?","R","?","M","R","BOSS","M","?","$","M","?","R","E","R","T","?","?","R","M","?","R","BOSS","M","?","?","M","?","R","M","E","T","?","R","M","?","$","R","BOSS"],"build_version":"2018-03-22v2","purchased_purges":1,"victory":true,"master_deck":["Defend_G","Defend_G","Defend_G","Strike_G+1","Strike_G+1","Survivor","Neutralize+1","Backflip","Backflip+1","Deflect+1","Dash+1","Noxious Fumes+1","Endless Agony+1","Burst+1","Noxious Fumes+1","Footwork+1","Backflip+1","Footwork+1","Noxious Fumes+1","PiercingWail+1","Dash+1","Dodge and Roll+1","Dodge and Roll+1","Envenom+1","Flechettes+1","Terror+1","Cloak And Dagger+1","PiercingWail+1","PiercingWail+1","Backflip+1","Noxious Fumes+1","Corpse Explosion+1"],"max_hp_per_floor":[70,75,75,75,75,75,75,75,75,69,69,69,69,69,69,69,69,69,69,69,69,69,69,69,69,69,69,69,69,69,69,69,69,69,69,69,69,69,69,69,69,69,69,69,69,69,69,69,69,69],"relics":["Ring of the Snake","Frozen Egg 2","Calipers","Golden Idol","Ectoplasm","Ornamental Fan","Whetstone","Astrolabe","Ice Cream","Bronze Scales","Torii"],"card_choices":[{"not_picked":["Caltrops","Sucker Punch"],"picked":"Backflip","floor":1},{"not_picked":["Setup","Acrobatics"],"picked":"Deflect","floor":6},{"not_picked":["Poisoned Stab","Flying Knee"],"picked":"Dash","floor":8},{"not_picked":["Sucker Punch","Finisher"],"picked":"Endless Agony","floor":13},{"not_picked":["Die Die Die","Night Terror"],"picked":"Burst","floor":16},{"not_picked":["Deadly Poison","Dagger Spray"],"picked":"Noxious Fumes","floor":18},{"not_picked":["Choke","Flechettes"],"picked":"Footwork","floor":21},{"not_picked":["Cloak And Dagger","Outmaneuver"],"picked":"PiercingWail","floor":24},{"not_picked":["PiercingWail","Setup"],"picked":"Dash","floor":28},{"not_picked":["Acrobatics","Bane"],"picked":"Dodge and Roll","floor":30},{"not_picked":["Dagger Throw","Quick Slash"],"picked":"Dodge and Roll","floor":31},{"not_picked":["Grand Finale","Die Die Die"],"picked":"Envenom","floor":33},{"not_picked":["Deflect","Concentrate"],"picked":"Cloak And Dagger","floor":35},{"not_picked":["Prepared","Skewer"],"picked":"PiercingWail","floor":37},{"not_picked":["Blade Dance","Predator"],"picked":"PiercingWail","floor":38},{"not_picked":["Quick Slash","Acrobatics"],"picked":"Backflip","floor":39},{"not_picked":["Sucker Punch","Setup"],"picked":"Noxious Fumes","floor":41},{"not_picked":["PiercingWail","Poisoned Stab"],"picked":"Corpse Explosion","floor":42}],"player_experience":484872,"potions_floor_usage":[16,42,42,50,50],"damage_taken":[{"damage":0,"enemies":"Jaw Worm","floor":1,"turns":5},{"damage":0,"enemies":"2 Louse","floor":3,"turns":3},{"damage":0,"enemies":"Small Slimes","floor":6,"turns":5},{"damage":0,"enemies":"Blue Slaver","floor":8,"turns":5},{"damage":13,"enemies":"Gremlin Gang","floor":13,"turns":4},{"damage":0,"enemies":"Exordium Thugs","floor":14,"turns":6},{"damage":11,"enemies":"The Guardian","floor":16,"turns":11},{"damage":15,"enemies":"Spheric Guardian","floor":18,"turns":6},{"damage":0,"enemies":"Chosen","floor":21,"turns":6},{"damage":7,"enemies":"Gremlin Leader","floor":24,"turns":8},{"damage":0,"enemies":"Centurion and Healer","floor":28,"turns":7},{"damage":0,"enemies":"Slaver and Parasite","floor":30,"turns":6},{"damage":0,"enemies":"Snake Plant","floor":31,"turns":6},{"damage":10,"enemies":"Champ","floor":33,"turns":14},{"damage":3,"enemies":"Orb Walker","floor":35,"turns":3},{"damage":0,"enemies":"Mysterious Sphere","floor":37,"turns":6},{"damage":0,"enemies":"3 Darklings","floor":38,"turns":6},{"damage":7,"enemies":"4 Shapes","floor":39,"turns":6},{"damage":0,"enemies":"Sphere and 2 Shapes","floor":41,"turns":6},{"damage":30,"enemies":"2 Orb Walkers","floor":42,"turns":6},{"damage":11,"enemies":"Maw","floor":46,"turns":7},{"damage":0,"enemies":"4 Shapes","floor":47,"turns":7},{"damage":20,"enemies":"Donu and Deca","floor":50,"turns":9}],"event_choices":[{"event_name":"Big Fish","player_choice":"Donut","floor":2,"damage_taken":0},{"event_name":"Living Wall","player_choice":"Grow","floor":5,"damage_taken":0},{"event_name":"Golden Idol","player_choice":"Lose Max HP","floor":10,"damage_taken":0},{"event_name":"Transmorgrifier","player_choice":"Transform","floor":11,"damage_taken":0},{"event_name":"Vampires","player_choice":"Ignored","floor":19,"damage_taken":0},{"event_name":"The Library","player_choice":"Read","floor":22,"damage_taken":0},{"event_name":"Upgrade Shrine","player_choice":"Upgraded","floor":27,"damage_taken":0},{"event_name":"The Moai Head","player_choice":"Ignored","floor":36,"damage_taken":0},{"event_name":"Mysterious Sphere","player_choice":"Fight","floor":37,"damage_taken":0},{"event_name":"Purifier","player_choice":"One Purge","floor":44,"damage_taken":0}],"boss_relics":[{"not_picked":["Velvet Choker","Runic Pyramid"],"picked":"Ectoplasm"},{"not_picked":["Pandora\u0027s Box","Question Card"],"picked":"Astrolabe"}],"potions_floor_spawned":[1,13,16,24,28,30,35,37,38],"seed_played":"7989870744455573781","ascension_level":0,"is_trial":false}