{"path_per_floor":["M","M","M","M","?","R","E","R","T","E","$","E","?","M","R","B",null,"M","M","?","T","M","R"],"character_chosen":"THE_SILENT","items_purchased":["Footwork","Cloak And Dagger","PiercingWail"],"gold_per_floor":[113,125,141,153,153,153,183,183,207,234,37,64,64,89,89,213,213,228,242,242,266,291,291,291],"floor_reached":24,"campfire_rested":3,"playtime":1900,"current_hp_per_floor":[63,63,63,55,55,55,34,55,55,32,32,23,23,18,37,35,58,40,18,18,18,16,45,0],"items_purged":["Strike_G"],"gold":291,"score":324,"play_id":"f747864f-8ed8-4b7a-9133-e9ec0a7d7b71","local_time":"20180330094641","is_prod":false,"is_daily":false,"is_ascension_mode":true,"campfire_upgraded":1,"timestamp":1522392401,"path_taken":["M","M","M","?","?","R","E","R","T","E","$","E","?","?","R","BOSS","M","?","?","?","?","R","E"],"build_version":"2018-03-29","purchased_purges":1,"victory":false,"master_deck":["Defend_G","Defend_G","Defend_G","Defend_G","Defend_G","Strike_G+1","Strike_G","Strike_G+1","Strike_G","Survivor","Neutralize+1","AscendersBane","Slice","Backflip","PiercingWail","Concentrate","Deadly Poison","Expertise","Footwork","Cloak And Dagger","PiercingWail","Noxious Fumes","Acrobatics","Tactician","Cloak And Dagger+1"],"max_hp_per_floor":[70,70,70,70,70,70,70,70,70,70,70,70,65,65,65,65,65,65,65,65,65,65,65,65],"relics":["Ring of the Snake","Ancient Tea Set","Whetstone","Oddly Smooth Stone","Smiling Mask","Tingsha","Golden Idol","Eternal Feather","Bag of Preparation"],"card_choices":[{"not_picked":["Terror","Sucker Punch"],"picked":"Slice","floor":1.0},{"not_picked":["Expertise","Dagger Spray"],"picked":"Backflip","floor":3.0},{"not_picked":["Cloak And Dagger","Eviscerate"],"picked":"PiercingWail","floor":4.0},{"not_picked":["Deflect","PiercingWail"],"picked":"Deadly Poison","floor":7.0},{"not_picked":["Envenom","Outmaneuver"],"picked":"Expertise","floor":10.0},{"not_picked":["Leg Sweep","Dodge and Roll"],"picked":"Noxious Fumes","floor":12.0},{"not_picked":["Slice","Prepared"],"picked":"Acrobatics","floor":14.0},{"not_picked":["Bullet Time","Wraith Form"],"picked":"Tactician","floor":16.0},{"not_picked":["Quick Slash","Concentrate"],"picked":"Cloak And Dagger","floor":18.0}],"player_experience":503527,"potions_floor_usage":[22,22,22],"damage_taken":[{"damage":0.0,"enemies":"Cultist","floor":1.0,"turns":4.0},{"damage":0.0,"enemies":"2 Louse","floor":2.0,"turns":4.0},{"damage":0.0,"enemies":"Jaw Worm","floor":3.0,"turns":4.0},{"damage":8.0,"enemies":"Large Slime","floor":4.0,"turns":9.0},{"damage":21.0,"enemies":"3 Sentries","floor":7.0,"turns":14.0},{"damage":23.0,"enemies":"Lagavulin","floor":10.0,"turns":7.0},{"damage":9.0,"enemies":"3 Sentries","floor":12.0,"turns":10.0},{"damage":5.0,"enemies":"2 Fungi Beasts","floor":14.0,"turns":4.0},{"damage":2.0,"enemies":"Hexaghost","floor":16.0,"turns":10.0},{"damage":18.0,"enemies":"Spheric Guardian","floor":18.0,"turns":7.0},{"damage":22.0,"enemies":"Chosen","floor":19.0,"turns":5.0},{"damage":2,"enemies":"3 Cultists","floor":22,"turns":6},{"damage":45,"enemies":"Gremlin Leader","floor":24,"turns":8}],"event_choices":[{"event_name":"Match and Keep!","player_choice":"1 cards matched","floor":5.0,"damage_taken":0.0},{"event_name":"Golden Idol","player_choice":"Lose Max HP","floor":13.0,"damage_taken":0.0},{"event_name":"Cursed Tome","player_choice":"Ignored","floor":20.0,"damage_taken":0.0}],"boss_relics":[],"potions_floor_spawned":[1,3,4,18,19],"seed_played":"-2414283276248784155","killed_by":"Gremlin Leader","ascension_level":10,"is_trial":false}