{"path_per_floor":["M","$","?","?","?","R","E","R","T","R","E","M","M","?","R","B",null,"M","?","$","M"],"character_chosen":"THE_SILENT","items_purchased":["Noxious Fumes","Deadly Poison","After Image"],"gold_per_floor":[213,87,87,87,162,162,188,188,188,188,217,231,246,246,246,323,323,334,249,42,62,62],"floor_reached":22,"campfire_rested":1,"playtime":871,"current_hp_per_floor":[59,59,59,52,41,41,35,35,35,35,10,8,8,8,27,24,56,33,33,33,33,0],"items_purged":["Strike_G"],"gold":62,"score":333,"play_id":"0bd3747a-3f4d-4131-a703-40f47a323de2","local_time":"20180415194727","is_prod":false,"is_daily":false,"chose_seed":false,"is_ascension_mode":true,"campfire_upgraded":3,"timestamp":1523810847,"path_taken":["M","$","?","?","?","R","E","R","T","R","E","?","M","?","R","BOSS","M","?","$","M","M"],"build_version":"2018-04-12","seed_source_timestamp":31155861375274,"purchased_purges":1,"victory":false,"master_deck":["Defend_G","Defend_G","Defend_G","Defend_G","Defend_G","Strike_G","Strike_G","Strike_G","Survivor","Neutralize+1","AscendersBane","Blur+1","Noxious Fumes+1","Deadly Poison","PiercingWail","Blur","Outmaneuver","Backflip","After Image","Backflip"],"max_hp_per_floor":[66,66,66,66,66,66,66,66,66,66,66,66,66,66,66,66,66,66,66,66,66,66],"relics":["Ring of the Snake","Question Card","Smiling Mask","Bottled Flame","Sozu","Pantograph"],"card_choices":[{"not_picked":["Poisoned Stab","Acrobatics"],"picked":"Blur","floor":1},{"not_picked":["Dagger Throw","Dodge and Roll"],"picked":"PiercingWail","floor":7},{"not_picked":["Dagger Throw","Eviscerate","Blade Dance"],"picked":"Blur","floor":11},{"not_picked":["Slice","Infinite Blades","Underhanded Strike"],"picked":"Outmaneuver","floor":13},{"not_picked":["Slice","Calculated Gamble","Quick Slash"],"picked":"Backflip","floor":18},{"not_picked":["Poisoned Stab","Underhanded Strike","Sucker Punch"],"picked":"Backflip","floor":21}],"player_experience":390233,"potions_floor_usage":[7,16,18,22],"damage_taken":[{"damage":0,"enemies":"Cultist","floor":1,"turns":4},{"damage":18,"enemies":"3 Sentries","floor":7,"turns":9},{"damage":25,"enemies":"Lagavulin","floor":11,"turns":8},{"damage":2,"enemies":"Small Slimes","floor":12,"turns":4},{"damage":0,"enemies":"Jaw Worm","floor":13,"turns":5},{"damage":3,"enemies":"The Guardian","floor":16,"turns":11},{"damage":23,"enemies":"Chosen","floor":18,"turns":7},{"damage":0,"enemies":"Spheric Guardian","floor":21,"turns":6},{"damage":33,"enemies":"Cultist and Chosen","floor":22,"turns":7}],"event_choices":[{"event_name":"The Lab","player_choice":"Got Potions","floor":3,"damage_taken":0},{"event_name":"Golden Wing","player_choice":"Card Removal","floor":4,"damage_taken":0},{"event_name":"World of Goop","player_choice":"Gather Gold","floor":5,"damage_taken":0},{"event_name":"Scrap Ooze","player_choice":"unsuccessful","floor":14,"damage_taken":0},{"event_name":"Addict","player_choice":"Obtained Relic","floor":19,"damage_taken":0}],"boss_relics":[{"not_picked":["Calling Bell","Lizard Tail"],"picked":"Sozu"}],"potions_floor_spawned":[11,12,16,18],"seed_played":"-792293368173212518","killed_by":"Cultist and Chosen","ascension_level":15,"is_trial":false}