{"path_per_floor":["M","$","?","M","M","R","E","R","T","?","R","M","M","M","R","B",null,"M","?","$","T","M","R","M","$","T","R","$","?","M","E","R"],"character_chosen":"THE_SILENT","items_purchased":["Caltrops","Deadly Poison","Footwork","Noxious Fumes","Art of War"],"gold_per_floor":[118,37,37,54,72,72,102,102,125,150,150,162,175,186,186,258,258,268,268,160,160,176,176,196,119,193,193,42,42,55,82,82,82],"floor_reached":33,"campfire_rested":2,"playtime":1313,"current_hp_per_floor":[59,59,59,59,55,55,26,26,26,23,23,23,14,14,33,16,54,34,34,34,34,28,28,23,23,23,23,23,23,34,12,31,0],"items_purged":["Strike_G"],"gold":82,"score":464,"play_id":"1d7a704c-fbf8-4737-82bd-59f693bddb6c","local_time":"20180415225625","is_prod":false,"is_daily":false,"chose_seed":false,"is_ascension_mode":true,"campfire_upgraded":5,"timestamp":1523822185,"path_taken":["M","$","?","M","M","R","E","R","T","?","R","M","M","M","R","BOSS","M","?","$","?","M","R","M","$","T","R","$","?","?","E","R","BOSS"],"build_version":"2018-04-12","seed_source_timestamp":42056938538823,"purchased_purges":2,"victory":false,"master_deck":["Defend_G","Defend_G","Defend_G","Defend_G","Defend_G","Strike_G","Strike_G","Strike_G","Survivor","Neutralize+1","AscendersBane","Die Die Die","Leg Sweep+1","Caltrops","Deadly Poison+1","Deadly Poison+1","Bane","PiercingWail","Blur","After Image+1","Cloak And Dagger","Footwork","Leg Sweep","Backstab","Noxious Fumes+1","Noxious Fumes","After Image"],"max_hp_per_floor":[66,66,66,66,66,66,66,66,66,66,66,66,66,66,66,66,66,66,66,66,66,66,66,66,66,66,66,66,66,66,66,66,66],"relics":["Ring of the Snake","Vajra","Orichalcum","Odd Mushroom","Philosopher\u0027s Stone","Pantograph","Bottled Flame","Art of War","Bag of Marbles"],"card_choices":[{"not_picked":["Outmaneuver","Sucker Punch"],"picked":"Leg Sweep","floor":1},{"not_picked":["Bane","Quick Slash"],"picked":"Deadly Poison","floor":4},{"not_picked":["Dodge and Roll","Sucker Punch"],"picked":"Bane","floor":5},{"not_picked":["Deflect","A Thousand Cuts"],"picked":"PiercingWail","floor":7},{"not_picked":["Escape Plan","Deadly Poison"],"picked":"Blur","floor":14},{"not_picked":["Storm of Steel","Phantasmal Killer"],"picked":"After Image","floor":16},{"not_picked":["Bane","Acrobatics"],"picked":"Cloak And Dagger","floor":18},{"not_picked":["Outmaneuver","Sucker Punch"],"picked":"Leg Sweep","floor":22},{"not_picked":["Sucker Punch","All Out Attack"],"picked":"Backstab","floor":24},{"not_picked":["Poisoned Stab","Storm of Steel"],"picked":"Noxious Fumes","floor":30},{"not_picked":["Outmaneuver","Slice"],"picked":"After Image","floor":31}],"player_experience":393206,"potions_floor_usage":[10,30,31],"damage_taken":[{"damage":0,"enemies":"Cultist","floor":1,"turns":4},{"damage":0,"enemies":"2 Louse","floor":4,"turns":1},{"damage":4,"enemies":"Jaw Worm","floor":5,"turns":4},{"damage":29,"enemies":"Gremlin Nob","floor":7,"turns":4},{"damage":3,"enemies":"The Mushroom Lair","floor":10,"turns":2},{"damage":0,"enemies":"Exordium Thugs","floor":12,"turns":3},{"damage":9,"enemies":"Gremlin Gang","floor":13,"turns":4},{"damage":0,"enemies":"2 Fungi Beasts","floor":14,"turns":4},{"damage":17,"enemies":"The Guardian","floor":16,"turns":10},{"damage":20,"enemies":"3 Byrds","floor":18,"turns":4},{"damage":6,"enemies":"Chosen","floor":22,"turns":6},{"damage":5,"enemies":"Snecko","floor":24,"turns":6},{"damage":1,"enemies":"Cultist and Chosen","floor":30,"turns":8},{"damage":22,"enemies":"Slavers","floor":31,"turns":7},{"damage":61,"enemies":"Collector","floor":33,"turns":10}],"event_choices":[{"event_name":"Living Wall","player_choice":"Grow","floor":3,"damage_taken":0},{"event_name":"Mushrooms","player_choice":"Fought Mushrooms","floor":10,"damage_taken":0},{"event_name":"N\u0027loth","player_choice":"Ignored","floor":19,"damage_taken":0},{"event_name":"Addict","player_choice":"Ignored","floor":29,"damage_taken":0}],"boss_relics":[{"not_picked":["White Beast Statue","Snecko Eye"],"picked":"Philosopher\u0027s Stone"}],"potions_floor_spawned":[1,5,7,16,22],"seed_played":"-5250561535013118308","killed_by":"Collector","ascension_level":15,"is_trial":false}