{"path_per_floor":["M","?","M","M","M","R","$","R","T","R","M","E","M","E","R","B",null,"M","?","$","?","?","R","M","R","T","$","M","M","E","M","R","B",null,"M","M","?","$","T","R","$","E","T","E","$","M","M","M","R","B"],"character_chosen":"THE_SILENT","items_purchased":["Ninja Scroll","Noxious Fumes","Malaise"],"gold_per_floor":[113,113,129,145,155,155,80,80,107,107,120,152,168,197,197,276,276,287,287,47,47,47,47,62,62,85,9,28,47,72,86,86,162,162,180,190,190,109,109,109,9,34,34,68,68,80,98,110,110,110],"floor_reached":51,"campfire_rested":2,"playtime":3086,"current_hp_per_floor":[58,13,13,12,6,6,6,6,6,27,27,17,15,8,29,22,60,60,60,60,60,60,60,68,68,68,68,72,72,43,54,54,60,69,72,71,71,71,71,71,69,69,69,82,82,82,78,73,73,31],"items_purged":["Strike_G","Parasite"],"gold":110,"score":1296,"play_id":"1f6a271e-a50c-47af-b402-c35ea38bcc78","local_time":"20180413142647","is_prod":false,"is_daily":false,"chose_seed":false,"is_ascension_mode":true,"campfire_upgraded":7,"timestamp":1523618807,"path_taken":["M","?","M","?","?","R","$","R","T","R","M","E","?","E","R","BOSS","M","?","$","?","?","R","M","R","T","$","M","?","E","M","R","BOSS","M","M","?","$","?","R","$","E","T","E","$","M","?","M","R","BOSS"],"build_version":"2018-04-12","seed_source_timestamp":73047921566423,"purchased_purges":2,"victory":true,"master_deck":["Defend_G","Defend_G","Defend_G","Defend_G","Survivor","Neutralize+1","AscendersBane","Dagger Spray","Predator+1","Backstab+1","Escape Plan+1","PiercingWail+1","Poisoned Stab","Blur","After Image+1","Backflip","Bite","Bite","Bite","Bite","Bite","Noxious Fumes","Footwork+1","Backflip+1","PiercingWail+1","Envenom","Skewer","Malaise+1","Well Laid Plans+1","Doubt","Bane+1","Catalyst+1","Outmaneuver+1","Dash"],"max_hp_per_floor":[72,72,72,72,72,72,72,72,72,72,72,72,72,72,72,72,72,72,72,72,72,72,72,72,72,72,72,72,72,72,72,72,72,72,72,72,72,72,72,72,69,69,69,83,83,83,83,83,83,83],"relics":["Ring of the Snake","Snake Skull","Ancient Tea Set","Shuriken","Sozu","Ninja Scroll","Oddly Smooth Stone","Prayer Wheel","Cursed Key","Mummified Hand","War Paint","Question Card","Mango"],"card_choices":[{"not_picked":["Setup","Sucker Punch"],"picked":"Dagger Spray","floor":1},{"not_picked":["Dagger Throw","PiercingWail"],"picked":"Predator","floor":3},{"not_picked":["Underhanded Strike","Flying Knee"],"picked":"Backstab","floor":4},{"not_picked":["Backflip","Deflect"],"picked":"Escape Plan","floor":5},{"not_picked":["Expertise","Quick Slash"],"picked":"PiercingWail","floor":11},{"not_picked":["Skewer","Corpse Explosion"],"picked":"Poisoned Stab","floor":12},{"not_picked":["Crippling Poison","Prepared"],"picked":"Slice","floor":13},{"not_picked":["Setup","Accuracy"],"picked":"Blur","floor":14},{"not_picked":["Doppelganger","A Thousand Cuts"],"picked":"After Image","floor":16},{"not_picked":["Sucker Punch","Quick Slash"],"picked":"Backflip","floor":18},{"not_picked":["Dodge and Roll","Sucker Punch"],"picked":"Footwork","floor":29},{"not_picked":["Night Terror","Corpse Explosion"],"picked":"Backflip","floor":30},{"not_picked":["Masterful Stab","Quick Slash"],"picked":"PiercingWail","floor":31},{"not_picked":["Doppelganger","Night Terror"],"picked":"Envenom","floor":33},{"not_picked":["PiercingWail","Bane"],"picked":"Skewer","floor":35},{"not_picked":["Finisher","Eviscerate"],"picked":"Well Laid Plans","floor":39},{"not_picked":["Cloak And Dagger","Underhanded Strike"],"picked":"Bane","floor":43},{"not_picked":["Prepared","Backflip","Poisoned Stab"],"picked":"Catalyst","floor":46},{"not_picked":["Slice","Accuracy","Crippling Poison"],"picked":"Outmaneuver","floor":47},{"not_picked":["Dagger Throw","Choke","Bouncing Flask"],"picked":"Dash","floor":48}],"player_experience":370880,"potions_floor_usage":[12,16,16,50],"damage_taken":[{"damage":7,"enemies":"Small Slimes","floor":1,"turns":4},{"damage":0,"enemies":"Jaw Worm","floor":3,"turns":5},{"damage":1,"enemies":"Cultist","floor":4,"turns":3},{"damage":6,"enemies":"Gremlin Gang","floor":5,"turns":7},{"damage":0,"enemies":"Blue Slaver","floor":11,"turns":2},{"damage":22,"enemies":"Lagavulin","floor":12,"turns":8},{"damage":2,"enemies":"3 Louse","floor":13,"turns":2},{"damage":7,"enemies":"3 Sentries","floor":14,"turns":8},{"damage":9,"enemies":"Slime Boss","floor":16,"turns":11},{"damage":2,"enemies":"Shell Parasite","floor":18,"turns":6},{"damage":0,"enemies":"Spheric Guardian","floor":24,"turns":3},{"damage":0,"enemies":"Snake Plant","floor":28,"turns":4},{"damage":0,"enemies":"Centurion and Healer","floor":29,"turns":5},{"damage":33,"enemies":"Gremlin Leader","floor":30,"turns":8},{"damage":1,"enemies":"Slaver and Parasite","floor":31,"turns":5},{"damage":20,"enemies":"Automaton","floor":33,"turns":10},{"damage":0,"enemies":"Orb Walker","floor":35,"turns":2},{"damage":10,"enemies":"3 Darklings","floor":36,"turns":8},{"damage":7,"enemies":"Giant Head","floor":42,"turns":9},{"damage":7,"enemies":"2 Orb Walkers","floor":44,"turns":5},{"damage":3,"enemies":"4 Shapes","floor":46,"turns":5},{"damage":11,"enemies":"Sphere and 2 Shapes","floor":47,"turns":6},{"damage":17,"enemies":"3 Darklings","floor":48,"turns":6},{"damage":54,"enemies":"Time Eater","floor":50,"turns":12}],"event_choices":[{"event_name":"Scrap Ooze","player_choice":"success","floor":2,"damage_taken":45},{"event_name":"Vampires","player_choice":"Became a vampire (Vial)","floor":19,"damage_taken":0},{"event_name":"Bonfire Elementals","player_choice":"BASIC","floor":21,"damage_taken":0},{"event_name":"Addict","player_choice":"Ignored","floor":22,"damage_taken":0}],"boss_relics":[{"not_picked":["Tiny House","Calling Bell"],"picked":"Sozu"},{"not_picked":["Velvet Choker","Black Star"],"picked":"Cursed Key"}],"potions_floor_spawned":[1,11,13,14,28,29,31,42,44,46],"seed_played":"3856334047064569007","ascension_level":15,"is_trial":false}