{"path_per_floor":["M","?","M","T","?","R","E","R","T","$","M","?","M","E","R","B",null,"M","M","$","?","M","R","E","R","T","M","M","$","R","M","R","B",null,"M","$","?","M"],"character_chosen":"THE_SILENT","items_purchased":["Noxious Fumes","Cloak And Dagger","Regal Pillow","Catalyst","Cloak And Dagger"],"gold_per_floor":[115,115,135,162,162,162,194,194,217,26,38,188,208,238,238,309,309,325,337,7,7,20,20,45,45,45,63,82,32,32,52,52,127,127,144,94,94,111,111],"floor_reached":39,"campfire_rested":4,"playtime":1898,"current_hp_per_floor":[59,33,33,33,33,33,33,52,52,52,52,52,33,30,30,11,52,42,34,34,34,11,45,26,60,60,39,36,36,66,60,60,2,50,50,50,40,6,0],"items_purged":["Strike_G","Doubt","Doubt","Strike_G"],"gold":111,"score":760,"play_id":"fdbc1aed-8e16-447e-8142-c39d052850fa","local_time":"20180411215906","is_prod":false,"is_daily":false,"is_ascension_mode":true,"campfire_upgraded":3,"timestamp":1523473146,"path_taken":["M","?","M","?","?","R","E","R","T","$","M","?","M","E","R","BOSS","M","M","$","?","M","R","E","R","T","M","M","$","R","M","R","BOSS","M","$","?","M","M"],"build_version":"2018-04-05v2","purchased_purges":4,"victory":false,"master_deck":["Defend_G","Defend_G","Defend_G","Defend_G","Defend_G","Strike_G","Strike_G","Strike_G","Survivor","Neutralize+1","AscendersBane","Bouncing Flask+1","Blur","Noxious Fumes+1","Cloak And Dagger","Slice","Noxious Fumes","Adrenaline","Escape Plan","Escape Plan","Catalyst+1","Cloak And Dagger","Backflip+1","Footwork+1","After Image","Endless Agony+1","Dark Shackles","Apotheosis","Finesse","Catalyst"],"max_hp_per_floor":[66,66,66,66,66,66,66,66,66,66,66,66,66,66,66,66,66,66,66,66,66,66,66,66,66,66,66,66,66,66,66,66,66,66,66,66,66,66,66],"relics":["Ring of the Snake","NeowsBlessing","Sundial","Juzu Bracelet","Shuriken","Orichalcum","Smiling Mask","Cursed Key","Regal Pillow","Prayer Wheel","Thread and Needle","Runic Dome"],"card_choices":[{"not_picked":["Well Laid Plans","Calculated Gamble"],"picked":"Bouncing Flask","floor":3.0},{"not_picked":["Poisoned Stab","Dodge and Roll"],"picked":"Blur","floor":7.0},{"not_picked":["Deadly Poison","Doppelganger"],"picked":"Slice","floor":11.0},{"not_picked":["Dagger Throw","Outmaneuver"],"picked":"Noxious Fumes","floor":13.0},{"not_picked":["Burst","Doppelganger"],"picked":"Adrenaline","floor":16.0},{"not_picked":["Deadly Poison","Caltrops"],"picked":"Escape Plan","floor":18.0},{"not_picked":["Deadly Poison","Heel Hook"],"picked":"Escape Plan","floor":19.0},{"not_picked":["Acrobatics","Predator"],"picked":"Backflip","floor":22.0},{"not_picked":["Distraction","Sucker Punch"],"picked":"Footwork","floor":31.0},{"not_picked":["Glass Knife","Corpse Explosion"],"picked":"After Image","floor":33},{"not_picked":["Sucker Punch","Finisher"],"picked":"Endless Agony","floor":35},{"not_picked":["Madness","Secret Weapon"],"picked":"Dark Shackles","floor":37},{"not_picked":["Good Instincts","Panache"],"picked":"Apotheosis","floor":37},{"not_picked":["Flash of Steel","Swift Strike"],"picked":"Finesse","floor":37},{"not_picked":["Deflect","Infinite Blades"],"picked":"Catalyst","floor":38}],"player_experience":353319,"potions_floor_usage":[],"damage_taken":[{"damage":0.0,"enemies":"2 Louse","floor":1.0,"turns":1.0},{"damage":0.0,"enemies":"Jaw Worm","floor":3.0,"turns":1.0},{"damage":0.0,"enemies":"Lagavulin","floor":7.0,"turns":1.0},{"damage":0.0,"enemies":"Cultist","floor":11.0,"turns":3.0},{"damage":19.0,"enemies":"3 Louse","floor":13.0,"turns":5.0},{"damage":3.0,"enemies":"3 Sentries","floor":14.0,"turns":6.0},{"damage":19.0,"enemies":"Hexaghost","floor":16.0,"turns":9.0},{"damage":10.0,"enemies":"Spheric Guardian","floor":18.0,"turns":5.0},{"damage":8.0,"enemies":"3 Byrds","floor":19.0,"turns":6.0},{"damage":23.0,"enemies":"Slaver and Parasite","floor":22.0,"turns":6.0},{"damage":19.0,"enemies":"Book of Stabbing","floor":24.0,"turns":6.0},{"damage":21.0,"enemies":"Sentry and Sphere","floor":27.0,"turns":4.0},{"damage":3.0,"enemies":"Centurion and Healer","floor":28.0,"turns":7.0},{"damage":6.0,"enemies":"Slaver and Parasite","floor":31.0,"turns":6.0},{"damage":58,"enemies":"Automaton","floor":33,"turns":12},{"damage":0,"enemies":"3 Shapes","floor":35,"turns":6},{"damage":34,"enemies":"3 Darklings","floor":38,"turns":5},{"damage":6,"enemies":"4 Shapes","floor":39,"turns":3}],"event_choices":[{"event_name":"Scrap Ooze","player_choice":"success","floor":2.0,"damage_taken":26.0},{"event_name":"Living Wall","player_choice":"Grow","floor":5.0,"damage_taken":0.0},{"event_name":"Liars Game","player_choice":"agreed","floor":12.0,"damage_taken":0.0},{"event_name":"Vampires","player_choice":"Ignored","floor":21.0,"damage_taken":0.0},{"event_name":"SensoryStone","player_choice":"Memory 3","floor":37,"damage_taken":0}],"boss_relics":[{"not_picked":["Astrolabe","Calling Bell"],"picked":"Runic Dome"}],"potions_floor_spawned":[1,3,7,14,18,19,24,27,33,35],"seed_played":"2182728781251628703","killed_by":"4 Shapes","ascension_level":15,"is_trial":false}