{"path_per_floor":["M","$","M","M","M","E","R","?","T","R","?","R","?","M","R","B",null,"M","M","?","?","?","R","E","?","T","M","$","M","M","M","R"],"character_chosen":"THE_SILENT","items_purchased":["Bottled Lightning"],"gold_per_floor":[110,110,129,143,161,192,192,192,222,222,222,222,297,312,312,389,389,404,417,417,417,417,417,446,446,446,462,203,218,230,244,244,244],"floor_reached":33,"campfire_rested":2,"playtime":2299,"current_hp_per_floor":[58,58,54,54,37,7,7,29,29,29,29,29,18,12,31,7,51,50,39,31,31,53,53,31,31,31,21,21,14,14,14,33,0],"items_purged":[],"gold":244,"score":454,"play_id":"c9875d7a-d786-4e6b-b808-4167bb57e3a7","local_time":"20180408131441","is_prod":false,"is_daily":false,"is_ascension_mode":true,"campfire_upgraded":4,"timestamp":1523182481,"path_taken":["M","$","M","M","M","E","R","?","T","R","?","R","?","M","R","BOSS","M","M","?","?","?","R","E","?","T","M","$","M","M","M","R","BOSS"],"build_version":"2018-04-05v2","purchased_purges":1,"victory":false,"master_deck":["Defend_G","Defend_G","Defend_G","Defend_G","Defend_G","Strike_G","Strike_G","Strike_G","Survivor","Neutralize+1","AscendersBane","Poisoned Stab","Endless Agony+1","Slice","Flying Knee","Infinite Blades+1","Dash","After Image","Well Laid Plans+1","Cloak And Dagger+1","Reflex","Envenom","Blur","Backflip"],"max_hp_per_floor":[66,66,66,66,66,66,66,66,66,66,66,66,66,66,66,66,66,66,66,66,66,66,66,66,66,66,66,66,66,66,66,66,66],"relics":["Ring of the Snake","Kunai","Tiny Chest","Sozu","Juzu Bracelet","Question Card","Thread and Needle","Bottled Lightning"],"card_choices":[{"not_picked":["Flying Knee","Prepared"],"picked":"Poisoned Stab","floor":1.0},{"not_picked":["Prepared","Expertise"],"picked":"Endless Agony","floor":3.0},{"not_picked":["Sucker Punch","Wraith Form"],"picked":"Slice","floor":4.0},{"not_picked":["Bane","Prepared"],"picked":"Flying Knee","floor":5.0},{"not_picked":["Prepared","Bane"],"picked":"Infinite Blades","floor":6.0},{"not_picked":["Leg Sweep","Distraction"],"picked":"Dash","floor":14.0},{"not_picked":["A Thousand Cuts","Night Terror"],"picked":"After Image","floor":16.0},{"not_picked":["Deadly Poison","Deflect"],"picked":"Well Laid Plans","floor":18.0},{"not_picked":["Flechettes","Dagger Throw"],"picked":"Cloak And Dagger","floor":19.0},{"not_picked":["Malaise","Masterful Stab","Deadly Poison"],"picked":"Envenom","floor":27},{"not_picked":["Sucker Punch","Flying Knee","Dagger Spray"],"picked":"Blur","floor":29},{"not_picked":["Quick Slash","Slice","Terror"],"picked":"Backflip","floor":31}],"player_experience":317520,"potions_floor_usage":[24],"damage_taken":[{"damage":1.0,"enemies":"Cultist","floor":1.0,"turns":4.0},{"damage":4.0,"enemies":"Jaw Worm","floor":3.0,"turns":4.0},{"damage":0.0,"enemies":"2 Louse","floor":4.0,"turns":3.0},{"damage":17.0,"enemies":"Lots of Slimes","floor":5.0,"turns":6.0},{"damage":30.0,"enemies":"Gremlin Nob","floor":6.0,"turns":5.0},{"damage":6.0,"enemies":"Exordium Wildlife","floor":14.0,"turns":4.0},{"damage":24.0,"enemies":"Slime Boss","floor":16.0,"turns":14.0},{"damage":1.0,"enemies":"Chosen","floor":18.0,"turns":6.0},{"damage":11.0,"enemies":"Spheric Guardian","floor":19.0,"turns":5.0},{"damage":22,"enemies":"Book of Stabbing","floor":24,"turns":7},{"damage":10,"enemies":"Snake Plant","floor":27,"turns":7},{"damage":7,"enemies":"Centurion and Healer","floor":29,"turns":8},{"damage":0,"enemies":"Chosen and Byrds","floor":30,"turns":8},{"damage":0,"enemies":"Cultist and Chosen","floor":31,"turns":8},{"damage":44,"enemies":"Champ","floor":33,"turns":13}],"event_choices":[{"event_name":"Big Fish","player_choice":"Banana","floor":8.0,"damage_taken":0.0},{"event_name":"Bonfire Elementals","player_choice":"BASIC","floor":11.0,"damage_taken":0.0},{"event_name":"World of Goop","player_choice":"Gather Gold","floor":13.0,"damage_taken":0.0},{"event_name":"Knowing Skull","player_choice":"","floor":20.0,"damage_taken":0.0},{"event_name":"Transmorgrifier","player_choice":"Transform","floor":21.0,"damage_taken":0.0},{"event_name":"The Library","player_choice":"Heal","floor":22.0,"damage_taken":0.0},{"event_name":"Accursed Blacksmith","player_choice":"Rummage","floor":25,"damage_taken":0}],"boss_relics":[],"potions_floor_spawned":[4,6,16,19,29,30,31],"seed_played":"-3961121570354428501","killed_by":"Champ","ascension_level":14,"is_trial":false}