{"path_per_floor":["M","?","M","$","?","R","E","R","T","E","M","M","E","M","R","B",null,"M","$","M","?","M","R","E","M","T","R","M"],"character_chosen":"THE_SILENT","items_purchased":["Caltrops"],"gold_per_floor":[117,117,130,48,48,48,77,77,77,109,120,132,167,183,183,254,254,194,119,132,132,146,146,175,189,216,216,228,228],"floor_reached":29,"campfire_rested":2,"playtime":1278,"current_hp_per_floor":[59,59,59,59,48,48,48,48,48,48,48,50,38,38,38,27,61,49,49,46,25,15,47,11,4,4,36,6,0],"items_purged":["Injury"],"gold":228,"score":529,"play_id":"02838e28-3cb5-41a4-ae01-32bf96da0631","local_time":"20180414094608","is_prod":false,"is_daily":false,"chose_seed":false,"is_ascension_mode":true,"campfire_upgraded":3,"timestamp":1523688368,"path_taken":["M","?","M","?","?","R","E","R","T","E","M","M","E","M","R","BOSS","M","$","M","?","?","R","E","M","T","R","M","M"],"build_version":"2018-04-12","seed_source_timestamp":144571495966608,"purchased_purges":1,"victory":false,"master_deck":["Defend_G","Defend_G","Defend_G","Defend_G","Defend_G","Strike_G","Strike_G","Strike_G","Strike_G","Strike_G+1","Survivor","Neutralize+1","AscendersBane","Dash+1","Flying Knee+1","Caltrops+1","Deadly Poison","PiercingWail","Deadly Poison","Bouncing Flask+1","Dash","After Image"],"max_hp_per_floor":[66,66,66,66,66,66,66,66,66,68,68,70,70,70,70,72,72,74,74,74,79,81,81,81,83,83,83,85,85],"relics":["Ring of the Snake","NeowsBlessing","Paper Crane","Whetstone","Singing Bowl","Ancient Tea Set","Happy Flower","Eternal Feather","Bird Faced Urn","Juzu Bracelet"],"card_choices":[{"not_picked":["Eviscerate","Acrobatics"],"picked":"Dash","floor":1},{"not_picked":["Quick Slash","Sucker Punch"],"picked":"Flying Knee","floor":3},{"not_picked":["Deflect","Blade Dance"],"picked":"Deadly Poison","floor":7},{"not_picked":["Backstab","Quick Slash"],"picked":"PiercingWail","floor":11},{"not_picked":["Phantasmal Killer","Bane"],"picked":"Deadly Poison","floor":13},{"not_picked":["Dodge and Roll","Backflip"],"picked":"Bouncing Flask","floor":14},{"not_picked":["Dagger Throw","Slice"],"picked":"Dash","floor":20},{"not_picked":["Quick Slash","Setup"],"picked":"After Image","floor":24}],"player_experience":373966,"potions_floor_usage":[13,24,25,28,28],"damage_taken":[{"damage":0,"enemies":"Small Slimes","floor":1,"turns":1},{"damage":0,"enemies":"Cultist","floor":3,"turns":1},{"damage":0,"enemies":"3 Sentries","floor":7,"turns":1},{"damage":2,"enemies":"Lagavulin","floor":10,"turns":8},{"damage":0,"enemies":"Jaw Worm","floor":11,"turns":3},{"damage":0,"enemies":"Exordium Thugs","floor":12,"turns":7},{"damage":12,"enemies":"Gremlin Nob","floor":13,"turns":4},{"damage":0,"enemies":"2 Fungi Beasts","floor":14,"turns":4},{"damage":13,"enemies":"Hexaghost","floor":16,"turns":8},{"damage":14,"enemies":"2 Thieves","floor":18,"turns":4},{"damage":3,"enemies":"3 Byrds","floor":20,"turns":4},{"damage":12,"enemies":"Snake Plant","floor":22,"turns":4},{"damage":36,"enemies":"Slavers","floor":24,"turns":8},{"damage":13,"enemies":"Centurion and Healer","floor":25,"turns":8},{"damage":48,"enemies":"3 Cultists","floor":28,"turns":8},{"damage":10,"enemies":"Sentry and Sphere","floor":29,"turns":2}],"event_choices":[{"event_name":"Accursed Blacksmith","player_choice":"Forge","floor":2,"damage_taken":0},{"event_name":"Scrap Ooze","player_choice":"success","floor":5,"damage_taken":11},{"event_name":"Forgotten Altar","player_choice":"Shed Blood","floor":21,"damage_taken":0}],"boss_relics":[{"not_picked":["Black Star","Snecko Eye"],"picked":"Eternal Feather"}],"potions_floor_spawned":[1,3,7,14,16,24,25],"seed_played":"4620224402466655396","killed_by":"Sentry and Sphere","ascension_level":15,"is_trial":false}