{"path_per_floor":["M","$","?","?","T","R","E","M","T","E","?","?","$","M","R","B",null,"M","M","M","$","?","$","R","T","T","R","M","?","M","?","R"],"character_chosen":"THE_SILENT","items_purchased":["Noxious Fumes","Lee\u0027s Waffle","Footwork"],"gold_per_floor":[112,74,74,149,149,149,182,200,200,234,307,307,26,50,50,143,143,157,82,102,28,28,28,28,52,76,76,97,97,115,115,115,115],"floor_reached":33,"campfire_rested":1,"playtime":1232,"current_hp_per_floor":[59,59,59,48,48,48,48,48,48,29,20,20,67,63,63,26,57,48,34,23,23,23,23,31,31,31,39,38,38,17,17,62,0],"items_purged":["Strike_G"],"gold":115,"score":480,"play_id":"f20521fc-d28d-4adf-93c8-926c46e8c753","local_time":"20180415232145","is_prod":false,"is_daily":false,"chose_seed":false,"is_ascension_mode":true,"campfire_upgraded":4,"timestamp":1523823705,"path_taken":["M","$","?","?","?","R","E","M","T","E","?","?","?","M","R","BOSS","M","M","M","$","?","$","R","?","T","R","M","?","M","?","R","BOSS"],"build_version":"2018-04-12","seed_source_timestamp":0,"purchased_purges":1,"victory":false,"master_deck":["Defend_G+1","Defend_G+1","Defend_G+1","Defend_G+1","Defend_G+1","Strike_G+1","Strike_G+1","Strike_G+1","Strike_G+1","Survivor","Neutralize+1","AscendersBane","Outmaneuver","Noxious Fumes+1","PiercingWail","Flying Knee","Calculated Gamble+1","Backflip","Caltrops","Envenom+1","Deflect","Dash","Acrobatics","Footwork","Infinite Blades+1"],"max_hp_per_floor":[66,66,60,60,60,60,60,60,60,60,60,60,67,67,67,67,67,67,67,67,67,67,67,67,67,67,67,67,67,67,67,67,67],"relics":["Ring of the Snake","NeowsBlessing","Golden Idol","Bottled Lightning","Snake Skull","Tough Bandages","Juzu Bracelet","Regal Pillow","Lee\u0027s Waffle","Eternal Feather","Blood Vial","Oddly Smooth Stone"],"card_choices":[{"not_picked":["Cloak And Dagger","Riddle With Holes"],"picked":"Outmaneuver","floor":1.0},{"not_picked":["A Thousand Cuts","Tactician"],"picked":"PiercingWail","floor":7.0},{"not_picked":["Expertise","Outmaneuver"],"picked":"Flying Knee","floor":8.0},{"not_picked":["Flying Knee","Crippling Poison"],"picked":"Calculated Gamble","floor":10.0},{"not_picked":["Flying Knee","Finisher"],"picked":"Backflip","floor":11.0},{"not_picked":["Setup","Sucker Punch"],"picked":"Caltrops","floor":14.0},{"not_picked":["Glass Knife","Unload"],"picked":"Envenom","floor":16.0},{"not_picked":["Finisher","Slice"],"picked":"Deflect","floor":18.0},{"not_picked":["Caltrops","Concentrate"],"picked":"Dash","floor":19.0},{"not_picked":["Cloak And Dagger","Bane"],"picked":"Acrobatics","floor":20.0},{"not_picked":["Cloak And Dagger","Underhanded Strike"],"picked":"Infinite Blades","floor":30.0}],"player_experience":394519,"potions_floor_usage":[33],"damage_taken":[{"damage":0.0,"enemies":"Cultist","floor":1.0,"turns":1.0},{"damage":0.0,"enemies":"3 Sentries","floor":7.0,"turns":1.0},{"damage":0.0,"enemies":"Jaw Worm","floor":8.0,"turns":1.0},{"damage":19.0,"enemies":"Lagavulin","floor":10.0,"turns":8.0},{"damage":9.0,"enemies":"3 Sentries","floor":11.0,"turns":7.0},{"damage":4.0,"enemies":"Small Slimes","floor":14.0,"turns":4.0},{"damage":37.0,"enemies":"The Guardian","floor":16.0,"turns":10.0},{"damage":9.0,"enemies":"3 Byrds","floor":18.0,"turns":3.0},{"damage":14.0,"enemies":"2 Thieves","floor":19.0,"turns":5.0},{"damage":11.0,"enemies":"Snake Plant","floor":20.0,"turns":6.0},{"damage":3.0,"enemies":"Centurion and Healer","floor":28.0,"turns":8.0},{"damage":23.0,"enemies":"Cultist and Chosen","floor":30.0,"turns":6.0},{"damage":71,"enemies":"Collector","floor":33,"turns":9}],"event_choices":[{"event_name":"Golden Idol","player_choice":"Lose Max HP","floor":3.0,"damage_taken":0.0},{"event_name":"World of Goop","player_choice":"Gather Gold","floor":4.0,"damage_taken":0.0},{"event_name":"Dead Adventurer","player_choice":"Searched \u00272\u0027 times","floor":11.0,"damage_taken":0.0},{"event_name":"Scrap Ooze","player_choice":"unsuccessful","floor":12.0,"damage_taken":0.0},{"event_name":"Back to Basics","player_choice":"Simplicity","floor":22.0,"damage_taken":0.0},{"event_name":"The Lab","player_choice":"Got Potions","floor":29.0,"damage_taken":0.0},{"event_name":"Drug Dealer","player_choice":"Ignored","floor":31.0,"damage_taken":0.0}],"boss_relics":[],"potions_floor_spawned":[7,8,16,20,28],"seed_played":"6692819485184830468","killed_by":"Collector","ascension_level":15,"is_trial":false}