{"path_per_floor":["M","M","M","M","?","R","M","E","T","E","$","?","M","M","R","B",null,"M","M","$","?","M","R","E","?","T","T","R","E","?","E","R","B",null,"M","M","?","M","?","R","E","R","T","M","?","$","$","M","R","B"],"character_chosen":"THE_SILENT","items_purchased":["Kunai","Noxious Fumes","Bouncing Flask","Weak Potion","Oddly Smooth Stone"],"gold_per_floor":[115,135,147,163,163,163,182,214,241,267,19,19,37,51,51,128,128,139,127,18,18,36,36,64,64,64,64,64,97,97,122,122,195,225,245,256,256,272,272,272,307,307,387,407,407,174,27,37,37,37],"floor_reached":51,"campfire_rested":1,"playtime":3272,"current_hp_per_floor":[54,51,47,46,46,46,46,24,24,22,22,22,22,16,16,7,56,56,53,53,53,39,60,47,47,47,47,47,36,36,26,26,28,66,68,70,60,62,62,62,59,59,59,61,76,76,76,73,73,33],"items_purged":["Masterful Stab","Writhe"],"gold":37,"score":1329,"play_id":"c8477a8b-4290-4352-a1c8-38f3a646d670","local_time":"20180420102948","is_prod":false,"is_daily":false,"chose_seed":false,"is_ascension_mode":true,"campfire_upgraded":7,"timestamp":1524209388,"path_taken":["M","M","M","M","?","R","?","E","T","E","$","?","?","M","R","BOSS","M","M","$","?","M","R","E","?","T","?","R","E","?","E","R","BOSS","M","M","?","M","?","R","E","R","T","M","?","?","$","M","R","BOSS"],"build_version":"2018-04-19","seed_source_timestamp":663008388229216,"purchased_purges":2,"victory":true,"master_deck":["Defend_G+1","Defend_G+1","Defend_G+1","Defend_G+1","Defend_G+1","Strike_G+1","Strike_G+1","Strike_G+1","Strike_G+1","Survivor","Neutralize+1","AscendersBane","Deadly Poison+1","Dash","Backflip","Dash+1","Noxious Fumes+1","PiercingWail+1","Backflip+1","Wraith Form v2+1","Caltrops+1","Noxious Fumes+1","Tools of the Trade+1","Footwork+1","Cloak And Dagger+1","Blur","Burst+1","Thinking Ahead","Thinking Ahead","Thinking Ahead","Malaise+1","Bouncing Flask"],"max_hp_per_floor":[72,72,72,72,72,72,72,72,72,72,72,72,72,72,72,72,72,72,72,72,72,72,72,72,72,72,72,72,72,72,72,72,72,77,77,77,77,77,77,77,77,77,77,77,77,77,77,77,77,77],"relics":["Ring of the Snake","Frozen Egg 2","Pen Nib","Happy Flower","Kunai","Velvet Choker","Blood Vial","Calipers","Gremlin Horn","Juzu Bracelet","Thread and Needle","Tiny House","Bag of Preparation","Matryoshka","Oddly Smooth Stone"],"card_choices":[{"not_picked":["Masterful Stab","Flechettes"],"picked":"Deadly Poison","floor":1.0},{"not_picked":["Quick Slash","Underhanded Strike"],"picked":"Dash","floor":2.0},{"not_picked":["Eviscerate","Quick Slash"],"picked":"Backflip","floor":3.0},{"not_picked":["Acrobatics","PiercingWail"],"picked":"Dash","floor":4.0},{"not_picked":["Dodge and Roll","Leg Sweep"],"picked":"Noxious Fumes","floor":7.0},{"not_picked":["Quick Slash","Blade Dance"],"picked":"PiercingWail","floor":8.0},{"not_picked":["Sucker Punch","Deadly Poison"],"picked":"Backflip","floor":14.0},{"not_picked":["Tools of the Trade","A Thousand Cuts"],"picked":"Wraith Form v2","floor":16.0},{"not_picked":["Cloak And Dagger","Dagger Spray"],"picked":"Caltrops","floor":19.0},{"not_picked":["Deadly Poison","Blade Dance"],"picked":"Footwork","floor":22.0},{"not_picked":["Prepared","Sucker Punch"],"picked":"Cloak And Dagger","floor":34},{"not_picked":["Backflip","Slice"],"picked":"Blur","floor":35},{"not_picked":["PiercingWail","Deadly Poison"],"picked":"Burst","floor":36},{"not_picked":["Trip","Bandage Up"],"picked":"Thinking Ahead","floor":37},{"not_picked":["Jack Of All Trades","Secret Weapon"],"picked":"Thinking Ahead","floor":37},{"not_picked":["Trip","Flash of Steel"],"picked":"Thinking Ahead","floor":37},{"not_picked":["Deadly Poison","Outmaneuver"],"picked":"Malaise","floor":44}],"player_experience":418111,"potions_floor_usage":[29,50,50],"damage_taken":[{"damage":11.0,"enemies":"Small Slimes","floor":1.0,"turns":6.0},{"damage":3.0,"enemies":"Cultist","floor":2.0,"turns":4.0},{"damage":4.0,"enemies":"Jaw Worm","floor":3.0,"turns":4.0},{"damage":1.0,"enemies":"Red Slaver","floor":4.0,"turns":5.0},{"damage":0.0,"enemies":"2 Fungi Beasts","floor":7.0,"turns":4.0},{"damage":22.0,"enemies":"Gremlin Nob","floor":8.0,"turns":6.0},{"damage":14.0,"enemies":"Lagavulin","floor":10.0,"turns":7.0},{"damage":0.0,"enemies":"Blue Slaver","floor":13.0,"turns":5.0},{"damage":6.0,"enemies":"Lots of Slimes","floor":14.0,"turns":5.0},{"damage":9.0,"enemies":"The Guardian","floor":16.0,"turns":11.0},{"damage":0.0,"enemies":"Shell Parasite","floor":18.0,"turns":7.0},{"damage":3.0,"enemies":"2 Thieves","floor":19.0,"turns":4.0},{"damage":14.0,"enemies":"Snake Plant","floor":22.0,"turns":4.0},{"damage":13,"enemies":"Book of Stabbing","floor":24,"turns":7},{"damage":13,"enemies":"Slavers","floor":29,"turns":5},{"damage":12,"enemies":"Gremlin Leader","floor":31,"turns":7},{"damage":0,"enemies":"Champ","floor":33,"turns":14},{"damage":0,"enemies":"3 Darklings","floor":35,"turns":5},{"damage":0,"enemies":"3 Shapes","floor":36,"turns":4},{"damage":0,"enemies":"Sphere and 2 Shapes","floor":38,"turns":6},{"damage":5,"enemies":"Nemesis","floor":41,"turns":9},{"damage":0,"enemies":"3 Darklings","floor":44,"turns":5},{"damage":4,"enemies":"Maw","floor":48,"turns":7},{"damage":42,"enemies":"Awakened One","floor":50,"turns":23}],"event_choices":[{"event_name":"Transmorgrifier","player_choice":"Transform","floor":5.0,"damage_taken":0.0},{"event_name":"Liars Game","player_choice":"disagreed","floor":12.0,"damage_taken":0.0},{"event_name":"The Library","player_choice":"Read","floor":21.0,"damage_taken":0.0},{"event_name":"Beggar","player_choice":"Ignored","floor":25,"damage_taken":0},{"event_name":"Back to Basics","player_choice":"Simplicity","floor":30,"damage_taken":0},{"event_name":"SensoryStone","player_choice":"Memory 3","floor":37,"damage_taken":0},{"event_name":"Tomb of Lord Red Mask","player_choice":"Ignored","floor":39,"damage_taken":0},{"event_name":"Winding Halls","player_choice":"Writhe","floor":45,"damage_taken":0}],"boss_relics":[{"not_picked":["Snecko Eye","Pandora\u0027s Box"],"picked":"Tiny House"}],"potions_floor_spawned":[1,4,7,8,14,19,29,38,48],"seed_played":"7578413368213782628","ascension_level":15,"is_trial":false}