{"path_per_floor":["M","M","$","M","M","E","R","?","T","M","R","M","?","M","R","B",null,"M","M","?","?","$","R","M","R","T","?","M","M","M","?","R","B",null,"M","$","M","M","M","R","$","R","T","R","M","M","$","?","R","B"],"character_chosen":"THE_SILENT","items_purchased":["Infinite Blades","Finisher"],"gold_per_floor":[112,132,21,35,50,83,83,83,83,96,96,116,116,127,127,232,232,250,263,178,103,3,3,16,16,16,16,30,46,65,65,65,165,165,179,104,115,133,150,150,25,25,25,25,42,58,58,0,0,0],"floor_reached":51,"campfire_rested":3,"playtime":2937,"current_hp_per_floor":[70,70,70,70,55,37,37,25,25,25,25,18,18,18,39,39,70,70,54,54,54,54,54,49,49,49,49,49,41,38,38,59,19,70,70,70,66,49,49,49,49,49,49,49,49,49,49,49,70,20],"items_purged":["Strike_G","Defend_G","Defend_G"],"gold":0,"score":628,"play_id":"4521acee-7505-46a6-83e3-f6e24e7c8357","local_time":"20180414200615","is_prod":false,"is_daily":false,"chose_seed":false,"is_ascension_mode":false,"campfire_upgraded":7,"timestamp":1523761575,"path_taken":["M","M","$","M","M","E","R","?","T","?","R","M","?","M","R","BOSS","M","M","?","?","$","R","M","R","T","?","M","M","M","?","R","BOSS","M","$","M","M","M","R","$","R","T","R","M","?","$","?","R","BOSS"],"build_version":"2018-04-12","seed_source_timestamp":259917165004143,"purchased_purges":5,"victory":true,"master_deck":["Defend_G","Defend_G","Survivor","Neutralize","Burst","Escape Plan","Infinite Blades+1","Dash+1","Accuracy+1","Cloak And Dagger+1","Acrobatics","Terror","Sucker Punch","Dagger Throw","Unload","Accuracy+1","Escape Plan","Underhanded Strike","Cloak And Dagger+1","Underhanded Strike","Cloak And Dagger+1","Reflex","Storm of Steel+1","Adrenaline+1","Leg Sweep+1","Masterful Stab+1","Infinite Blades+1","Finisher+1","Blade Dance+1","Calculated Gamble+1","Dagger Throw"],"max_hp_per_floor":[70,70,70,70,70,70,70,70,70,70,70,70,70,70,70,70,70,70,70,70,70,70,70,70,70,70,70,70,70,70,70,70,70,70,70,70,70,70,70,70,70,70,70,70,70,70,70,70,70,70],"relics":["Tough Bandages","Bag of Preparation","Tingsha","Sozu","Ninja Scroll","Pen Nib","Nloth\u0027s Gift","Astrolabe","Centennial Puzzle","Red Mask"],"card_choices":[{"not_picked":["Dodge and Roll","Quick Slash"],"picked":"Catalyst","floor":1},{"not_picked":["Outmaneuver","All Out Attack"],"picked":"Escape Plan","floor":2},{"not_picked":["Flying Knee","All Out Attack"],"picked":"Dash","floor":4},{"not_picked":["Calculated Gamble","Heel Hook"],"picked":"Accuracy","floor":5},{"not_picked":["Terror","Deadly Poison"],"picked":"Cloak And Dagger","floor":6},{"not_picked":["Leg Sweep","Blur"],"picked":"Acrobatics","floor":10},{"not_picked":["Backflip","After Image"],"picked":"Terror","floor":12},{"not_picked":["Sucker Punch","Malaise"],"picked":"Dagger Throw","floor":14},{"not_picked":["A Thousand Cuts","Corpse Explosion"],"picked":"Unload","floor":16},{"not_picked":["Well Laid Plans","Flechettes"],"picked":"Accuracy","floor":18},{"not_picked":["Quick Slash","Crippling Poison"],"picked":"Escape Plan","floor":19},{"not_picked":["Endless Agony","Sucker Punch"],"picked":"Underhanded Strike","floor":24},{"not_picked":["Underhanded Strike","Deflect"],"picked":"Cloak And Dagger","floor":28},{"not_picked":["Deflect","Footwork"],"picked":"Underhanded Strike","floor":29},{"not_picked":["Night Terror","Prepared"],"picked":"Cloak And Dagger","floor":30},{"not_picked":["Doppelganger","Die Die Die"],"picked":"Storm of Steel","floor":33},{"not_picked":["PiercingWail","Sucker Punch"],"picked":"Infinite Blades","floor":35},{"not_picked":["Flying Knee","Dodge and Roll"],"picked":"Blade Dance","floor":37},{"not_picked":["Blur","Flying Knee"],"picked":"Calculated Gamble","floor":38},{"not_picked":["Dagger Spray","Flying Knee"],"picked":"Dagger Throw","floor":46}],"player_experience":48169,"potions_floor_usage":[16,16,16],"damage_taken":[{"damage":0,"enemies":"Small Slimes","floor":1,"turns":4},{"damage":0,"enemies":"2 Louse","floor":2,"turns":3},{"damage":0,"enemies":"Cultist","floor":4,"turns":5},{"damage":15,"enemies":"Gremlin Gang","floor":5,"turns":7},{"damage":18,"enemies":"3 Sentries","floor":6,"turns":11},{"damage":0,"enemies":"Blue Slaver","floor":10,"turns":4},{"damage":7,"enemies":"Exordium Wildlife","floor":12,"turns":6},{"damage":0,"enemies":"Exordium Thugs","floor":14,"turns":5},{"damage":15,"enemies":"The Guardian","floor":16,"turns":10},{"damage":0,"enemies":"3 Byrds","floor":18,"turns":6},{"damage":16,"enemies":"Chosen","floor":19,"turns":4},{"damage":5,"enemies":"Snake Plant","floor":24,"turns":4},{"damage":0,"enemies":"Chosen and Byrds","floor":28,"turns":3},{"damage":8,"enemies":"Sentry and Sphere","floor":29,"turns":4},{"damage":3,"enemies":"Snake Plant","floor":30,"turns":3},{"damage":40,"enemies":"Automaton","floor":33,"turns":7},{"damage":0,"enemies":"3 Shapes","floor":35,"turns":2},{"damage":4,"enemies":"Orb Walker","floor":37,"turns":2},{"damage":17,"enemies":"4 Shapes","floor":38,"turns":4},{"damage":0,"enemies":"Maw","floor":39,"turns":4},{"damage":0,"enemies":"Sphere and 2 Shapes","floor":45,"turns":3},{"damage":0,"enemies":"4 Shapes","floor":46,"turns":5},{"damage":50,"enemies":"Donu and Deca","floor":50,"turns":9}],"event_choices":[{"event_name":"Scrap Ooze","player_choice":"success","floor":8,"damage_taken":12},{"event_name":"Living Wall","player_choice":"Change","floor":13,"damage_taken":0},{"event_name":"Addict","player_choice":"Obtained Relic","floor":20,"damage_taken":0},{"event_name":"Beggar","player_choice":"Gave Gold","floor":21,"damage_taken":0},{"event_name":"N\u0027loth","player_choice":"Traded a Ring of the Snake","floor":27,"damage_taken":0},{"event_name":"Transmorgrifier","player_choice":"Transform","floor":31,"damage_taken":0},{"event_name":"Tomb of Lord Red Mask","player_choice":"Paid","floor":48,"damage_taken":0}],"boss_relics":[{"not_picked":["Ectoplasm","Lizard Tail"],"picked":"Sozu"},{"not_picked":["Snecko Eye","Runic Pyramid"],"picked":"Astrolabe"}],"potions_floor_spawned":[5,10,14,18,19,33,35,37,39],"seed_played":"4826580767874273546","ascension_level":0,"is_trial":false}