{"path_per_floor":["M","$","M","?","?","R","M","R","T","R","M","?","T","M","R","B",null,"M","$","M","?","?","R","E"],"character_chosen":"THE_SILENT","items_purchased":["Acrobatics","Noxious Fumes","Outmaneuver","Flying Knee"],"gold_per_floor":[111,10,27,27,27,27,43,43,43,43,61,136,136,156,156,255,255,273,18,37,37,37,37,62,62],"floor_reached":25,"campfire_rested":0,"playtime":1403,"current_hp_per_floor":[70,70,70,70,70,70,65,65,65,65,63,52,52,40,40,22,70,70,70,58,51,49,49,18,0],"items_purged":["Defend_G","Regret"],"gold":62,"score":234,"play_id":"f4a83b8d-8ca2-4c82-be30-b6f3f3ae3810","local_time":"20180414104428","is_prod":false,"is_daily":false,"chose_seed":false,"is_ascension_mode":false,"campfire_upgraded":5,"timestamp":1523727868,"path_taken":["M","$","M","?","?","R","M","R","T","R","?","?","?","M","R","BOSS","M","$","M","?","?","R","E","M"],"build_version":"2018-04-12","seed_source_timestamp":227759742734330,"purchased_purges":2,"victory":false,"master_deck":["Defend_G","Defend_G","Defend_G","Survivor","Neutralize","Backflip","Acrobatics","Leg Sweep+1","Burst+1","Outmaneuver+1","Predator","Bouncing Flask+1","Night Terror+1","PiercingWail","Noxious Fumes","Outmaneuver","Flying Knee","Backstab","Bite","Bite","Bite","Bite","Bite","Deadly Poison+1"],"max_hp_per_floor":[70,70,70,70,70,70,70,70,70,70,70,70,70,70,70,70,70,70,70,70,70,49,49,49,49],"relics":["Ring of the Snake","Vajra","Snake Skull","Question Card","Black Star","Paper Crane","Toxic Egg 2"],"card_choices":[{"not_picked":["Calculated Gamble","Endless Agony"],"picked":"Backflip","floor":1},{"not_picked":["Sucker Punch","Deadly Poison"],"picked":"Leg Sweep","floor":3},{"not_picked":["Prepared","Masterful Stab"],"picked":"Outmaneuver","floor":7},{"not_picked":["Burst","Quick Slash"],"picked":"Predator","floor":11},{"not_picked":["Quick Slash","Acrobatics","Dagger Throw"],"picked":"Bouncing Flask","floor":14},{"not_picked":["Glass Knife","Die Die Die","Wraith Form v2"],"picked":"Night Terror","floor":16},{"not_picked":["Dodge and Roll","Flying Knee","Riddle With Holes"],"picked":"PiercingWail","floor":18},{"not_picked":["Sucker Punch","Dagger Spray","Footwork"],"picked":"Backstab","floor":20},{"not_picked":["Die Die Die","Outmaneuver","Backstab"],"picked":"Deadly Poison","floor":24}],"player_experience":33328,"potions_floor_usage":[16,16,24],"damage_taken":[{"damage":0,"enemies":"2 Louse","floor":1,"turns":3},{"damage":0,"enemies":"Small Slimes","floor":3,"turns":5},{"damage":5,"enemies":"Jaw Worm","floor":7,"turns":5},{"damage":2,"enemies":"Blue Slaver","floor":11,"turns":7},{"damage":12,"enemies":"Large Slime","floor":14,"turns":9},{"damage":18,"enemies":"Slime Boss","floor":16,"turns":9},{"damage":0,"enemies":"Spheric Guardian","floor":18,"turns":2},{"damage":12,"enemies":"Shell Parasite","floor":20,"turns":5},{"damage":41,"enemies":"Slavers","floor":24,"turns":6},{"damage":39,"enemies":"Chosen and Byrds","floor":25,"turns":4}],"event_choices":[{"event_name":"Big Fish","player_choice":"Box","floor":4,"damage_taken":0},{"event_name":"Living Wall","player_choice":"Change","floor":5,"damage_taken":0},{"event_name":"World of Goop","player_choice":"Gather Gold","floor":12,"damage_taken":0},{"event_name":"Wheel of Change","player_choice":"Damage","floor":21,"damage_taken":0},{"event_name":"Vampires","player_choice":"Became a vampire","floor":22,"damage_taken":0}],"boss_relics":[{"not_picked":["Runic Dome","Ectoplasm"],"picked":"Black Star"}],"potions_floor_spawned":[1,3,11,18,20,24],"seed_played":"3796316784515150414","killed_by":"Chosen and Byrds","ascension_level":0,"is_trial":false}