{"path_per_floor":["M","?","M","$","M","E","M","R","T","R","E","M","M","M","R","B",null,"M","$","?","M"],"character_chosen":"THE_SILENT","items_purchased":["Phantasmal Killer","Kunai"],"gold_per_floor":[119,69,84,8,26,60,72,72,72,72,104,119,135,153,153,254,254,264,23,23,31,31],"floor_reached":22,"campfire_rested":0,"playtime":1375,"current_hp_per_floor":[63,63,62,62,56,36,23,23,23,23,15,14,31,31,31,25,72,56,56,56,44,0],"items_purged":[],"gold":31,"score":198,"play_id":"f3381d22-ee13-4f2e-a891-b80cd6adee99","local_time":"20180415160323","is_prod":false,"is_daily":false,"chose_seed":false,"is_ascension_mode":false,"campfire_upgraded":3,"timestamp":1523833403,"path_taken":["M","?","M","$","M","E","M","R","T","R","E","?","M","M","R","BOSS","M","$","?","M","M"],"build_version":"2018-04-12","seed_source_timestamp":333324870532873,"purchased_purges":0,"victory":false,"master_deck":["Defend_G","Defend_G","Defend_G","Defend_G","Defend_G","Strike_G","Strike_G","Strike_G","Survivor","Neutralize","Dagger Throw","Flying Knee","Phantasmal Killer+1","Distraction+1","Wraith Form v2+1","Backstab","Venomology","Masterful Stab","Distraction","Night Terror","Slice"],"max_hp_per_floor":[70,70,70,70,70,70,70,70,70,70,70,70,72,72,72,72,72,74,74,74,74,74],"relics":["Philosopher\u0027s Stone","Blue Candle","Singing Bowl","Pantograph","Black Star","Kunai"],"card_choices":[{"not_picked":["Eviscerate","Quick Slash"],"picked":"Dagger Throw","floor":1},{"not_picked":["Deadly Poison","Malaise"],"picked":"Flying Knee","floor":3},{"not_picked":["Malaise","Poisoned Stab"],"picked":"Distraction","floor":5},{"not_picked":["Deflect","Slice"],"picked":"Wraith Form v2","floor":6},{"not_picked":["PiercingWail","Predator"],"picked":"Backstab","floor":7},{"not_picked":["Bouncing Flask","Riddle With Holes"],"picked":"Venomology","floor":11},{"not_picked":["Blade Dance","Dodge and Roll"],"picked":"Masterful Stab","floor":12},{"not_picked":["Bane","Accuracy"],"picked":"Distraction","floor":14},{"not_picked":["Bullet Time","Doppelganger"],"picked":"Night Terror","floor":16},{"not_picked":["Outmaneuver","Underhanded Strike"],"picked":"Slice","floor":21}],"player_experience":60124,"potions_floor_usage":[13,13,16,16,16,16,18,21,21,22,22],"damage_taken":[{"damage":7,"enemies":"Small Slimes","floor":1,"turns":5},{"damage":1,"enemies":"Jaw Worm","floor":3,"turns":5},{"damage":6,"enemies":"2 Louse","floor":5,"turns":3},{"damage":20,"enemies":"Gremlin Nob","floor":6,"turns":4},{"damage":13,"enemies":"Gremlin Gang","floor":7,"turns":6},{"damage":8,"enemies":"Lagavulin","floor":11,"turns":7},{"damage":1,"enemies":"Blue Slaver","floor":12,"turns":4},{"damage":0,"enemies":"Large Slime","floor":13,"turns":7},{"damage":0,"enemies":"2 Fungi Beasts","floor":14,"turns":4},{"damage":31,"enemies":"Slime Boss","floor":16,"turns":13},{"damage":18,"enemies":"Chosen","floor":18,"turns":10},{"damage":12,"enemies":"2 Thieves","floor":21,"turns":5},{"damage":45,"enemies":"Snake Plant","floor":22,"turns":5}],"event_choices":[{"event_name":"The Cleric","player_choice":"Card Removal","floor":2,"damage_taken":0},{"event_name":"Purifier","player_choice":"One Purge","floor":20,"damage_taken":0}],"boss_relics":[{"not_picked":["Ectoplasm","Runic Pyramid"],"picked":"Black Star"}],"potions_floor_spawned":[1,6,12,14,16,21],"seed_played":"-1836053985785433700","killed_by":"Snake Plant","ascension_level":0,"is_trial":false}