{"path_per_floor":["M","?","?","M","M","E","T","M","T","$","R","M","M","?","R","B",null,"M","?","?","M","$","E","R","$","T","E","?","R","M","M","R","B",null,"M","?","?","T","$","R","?","R","T","R","E","$","M","M","R"],"character_chosen":"THE_SILENT","items_purchased":["Bandage Up","Malaise","Outmaneuver","Prepared","Slice","Quick Slash","Matryoshka","Die Die Die","Jack Of All Trades","Blade Dance"],"gold_per_floor":[115,115,115,130,150,183,237,248,271,13,13,25,35,61,61,158,158,170,170,170,180,2,36,36,13,13,42,42,42,56,70,70,170,200,215,515,515,590,27,27,27,27,27,27,59,21,31,42,42,42],"floor_reached":50,"campfire_rested":2,"playtime":4565,"current_hp_per_floor":[70,70,52,51,51,27,27,27,27,27,48,49,53,55,55,54,70,70,70,70,67,67,57,57,57,57,28,28,28,38,49,49,32,75,75,75,75,75,75,75,65,65,72,72,59,59,65,53,77,0],"items_purged":["Defend_G","Defend_G","Defend_G"],"gold":42,"score":581,"play_id":"2d6229b2-631a-4982-aa8b-171bb135dbcc","local_time":"20180413023442","is_prod":false,"is_daily":false,"chose_seed":false,"is_ascension_mode":false,"campfire_upgraded":7,"timestamp":1523612082,"path_taken":["M","?","?","M","M","E","?","M","T","$","R","M","M","?","R","BOSS","M","?","?","M","$","E","R","?","T","E","?","R","M","?","R","BOSS","M","?","?","?","$","R","?","R","T","R","E","?","M","M","R","BOSS"],"build_version":"2018-04-12","seed_source_timestamp":108769489016673,"purchased_purges":4,"victory":false,"master_deck":["Defend_G","Defend_G","Strike_G","Strike_G","Strike_G","Strike_G","Strike_G","Survivor","Neutralize","Crippling Poison+1","Flying Knee","Backstab","Poisoned Stab","Infinite Blades+1","Bandage Up+1","Malaise","Outmaneuver+1","Heel Hook+1","Quick Slash","Sucker Punch","Unload","Backstab","Writhe","Slice","Prepared","Slice","Terror","Quick Slash","Backflip","Bandage Up+1","Finisher+1","Backstab","Night Terror+1","Backstab","Predator","Die Die Die","Jack Of All Trades+1","Sadistic Nature","Mind Blast+1","Flash of Steel","Sucker Punch+1","Blade Dance","Quick Slash+1","Backflip+1"],"max_hp_per_floor":[70,70,70,70,70,70,70,70,70,70,70,70,70,70,70,70,70,70,70,70,70,70,70,70,70,70,70,70,70,70,70,70,70,75,75,75,75,75,75,75,75,75,82,82,82,82,82,82,82,82],"relics":["Ring of the Snake","Kunai","Torii","Orichalcum","Snake Skull","Odd Mushroom","Sozu","Bag of Preparation","Lantern","Vajra","Mummified Hand","Tiny House","Centennial Puzzle","Matryoshka","Ancient Tea Set","Strawberry","Peace Pipe"],"card_choices":[{"not_picked":["PiercingWail","Blade Dance"],"picked":"Crippling Poison","floor":1},{"not_picked":["Well Laid Plans","Dagger Throw"],"picked":"Flying Knee","floor":4},{"not_picked":["Prepared","PiercingWail"],"picked":"Backstab","floor":5},{"not_picked":["Eviscerate","PiercingWail"],"picked":"Poisoned Stab","floor":6},{"not_picked":["Blade Dance","Footwork"],"picked":"Infinite Blades","floor":8},{"not_picked":["Quick Slash","Dagger Throw"],"picked":"Heel Hook","floor":12},{"not_picked":["Deflect","Slice"],"picked":"Quick Slash","floor":13},{"not_picked":["Dagger Throw","All Out Attack"],"picked":"Sucker Punch","floor":14},{"not_picked":["Wraith Form v2","Tools of the Trade"],"picked":"Unload","floor":16},{"not_picked":["Poisoned Stab","Infinite Blades"],"picked":"Backstab","floor":18},{"not_picked":["Malaise","Dodge and Roll"],"picked":"Slice","floor":21},{"not_picked":["Sucker Punch","Underhanded Strike"],"picked":"Terror","floor":23},{"not_picked":["Malaise","Sucker Punch"],"picked":"Backflip","floor":27},{"not_picked":["Outmaneuver","Underhanded Strike"],"picked":"Finisher","floor":30},{"not_picked":["Poisoned Stab","Tactician"],"picked":"Backstab","floor":31},{"not_picked":["After Image","A Thousand Cuts"],"picked":"Night Terror","floor":33},{"not_picked":["Underhanded Strike","Prepared"],"picked":"Backstab","floor":34},{"not_picked":["All Out Attack","Acrobatics"],"picked":"Predator","floor":35},{"not_picked":["Purity","Swift Strike"],"picked":"Sadistic Nature","floor":41},{"not_picked":["Enlightenment","Finesse"],"picked":"Mind Blast","floor":41},{"not_picked":["Dramatic Entrance","Thinking Ahead"],"picked":"Flash of Steel","floor":41},{"not_picked":["Escape Plan","Quick Slash"],"picked":"Sucker Punch","floor":45},{"not_picked":["Acrobatics","Endless Agony"],"picked":"Quick Slash","floor":47},{"not_picked":["Dagger Spray","Malaise"],"picked":"Backflip","floor":48}],"player_experience":5435,"potions_floor_usage":[],"damage_taken":[{"damage":0,"enemies":"Jaw Worm","floor":1,"turns":8},{"damage":1,"enemies":"2 Louse","floor":4,"turns":4},{"damage":0,"enemies":"Small Slimes","floor":5,"turns":3},{"damage":24,"enemies":"Lagavulin","floor":6,"turns":8},{"damage":0,"enemies":"Exordium Wildlife","floor":8,"turns":5},{"damage":3,"enemies":"Red Slaver","floor":12,"turns":5},{"damage":0,"enemies":"Large Slime","floor":13,"turns":4},{"damage":2,"enemies":"The Mushroom Lair","floor":14,"turns":4},{"damage":7,"enemies":"Hexaghost","floor":16,"turns":10},{"damage":1,"enemies":"Chosen","floor":18,"turns":5},{"damage":9,"enemies":"2 Thieves","floor":21,"turns":4},{"damage":10,"enemies":"Book of Stabbing","floor":23,"turns":5},{"damage":35,"enemies":"Gremlin Leader","floor":27,"turns":10},{"damage":2,"enemies":"Centurion and Healer","floor":30,"turns":4},{"damage":1,"enemies":"Chosen and Byrds","floor":31,"turns":5},{"damage":29,"enemies":"Champ","floor":33,"turns":11},{"damage":0,"enemies":"Orb Walker","floor":35,"turns":1},{"damage":19,"enemies":"2 Orb Walkers","floor":45,"turns":3},{"damage":0,"enemies":"3 Darklings","floor":47,"turns":5},{"damage":12,"enemies":"Sphere and 2 Shapes","floor":48,"turns":1},{"damage":98,"enemies":"Awakened One","floor":50,"turns":10}],"event_choices":[{"event_name":"Living Wall","player_choice":"Grow","floor":2,"damage_taken":0},{"event_name":"Scrap Ooze","player_choice":"success","floor":3,"damage_taken":18},{"event_name":"Mushrooms","player_choice":"Fought Mushrooms","floor":14,"damage_taken":0},{"event_name":"The Mausoleum","player_choice":"Yes","floor":19,"damage_taken":0},{"event_name":"Drug Dealer","player_choice":"Ignored","floor":20,"damage_taken":0},{"event_name":"Duplicator","player_choice":"One dupe","floor":28,"damage_taken":0},{"event_name":"Wheel of Change","player_choice":"Gold","floor":36,"damage_taken":0},{"event_name":"Tomb of Lord Red Mask","player_choice":"Ignored","floor":37,"damage_taken":0},{"event_name":"SensoryStone","player_choice":"Memory 3","floor":41,"damage_taken":0}],"boss_relics":[{"not_picked":["Orrery","Eternal Feather"],"picked":"Sozu"},{"not_picked":["Cursed Key","Snecko Eye"],"picked":"Tiny House"}],"potions_floor_spawned":[4,6,13,16,18,23,27,45,47,48],"seed_played":"-5601985815825464235","killed_by":"Awakened One","ascension_level":0,"is_trial":false}