{"path_per_floor":["M","$","?","M","$","R","E","R","T","M","R","E","M","M","R","B",null,"M","?","?","M","M"],"character_chosen":"THE_SILENT","items_purchased":["Sadistic Nature"],"gold_per_floor":[362,287,287,303,97,97,128,128,152,165,165,208,222,246,246,369,369,387,387,387,400,416,416],"floor_reached":23,"campfire_rested":0,"playtime":1033,"current_hp_per_floor":[68,68,51,51,51,51,37,37,37,37,37,37,37,25,25,20,70,66,59,59,43,43,0],"items_purged":["Strike_G"],"gold":416,"score":226,"play_id":"25cfee3a-4992-4008-a0cd-b41b4490c82b","local_time":"20180416111942","is_prod":false,"is_daily":false,"chose_seed":false,"is_ascension_mode":false,"campfire_upgraded":3,"timestamp":1523902782,"path_taken":["M","$","?","M","$","R","E","R","T","?","R","E","M","M","R","BOSS","M","?","?","M","M","E"],"build_version":"2018-04-12","seed_source_timestamp":403045742335805,"purchased_purges":2,"victory":false,"master_deck":["Defend_G","Defend_G","Defend_G","Defend_G","Defend_G","Strike_G","Strike_G","Strike_G","Strike_G","Survivor","Neutralize","Clumsy","Noxious Fumes+1","Sadistic Nature+1","Leg Sweep","Prepared+1","Adrenaline","Dodge and Roll+1","Bane"],"max_hp_per_floor":[70,70,70,70,70,70,70,70,70,70,70,70,70,70,70,70,70,70,70,70,70,70,70],"relics":["Ring of the Snake","Golden Idol","Bottled Lightning","Bag of Preparation","Shovel","Omamori","Sozu"],"card_choices":[{"not_picked":["Footwork","Backflip"],"picked":"Noxious Fumes","floor":1},{"not_picked":["Accuracy","Underhanded Strike"],"picked":"Leg Sweep","floor":7},{"not_picked":["Cloak And Dagger","Envenom"],"picked":"Prepared","floor":10},{"not_picked":["After Image","A Thousand Cuts"],"picked":"Adrenaline","floor":16},{"not_picked":["Outmaneuver","Deadly Poison"],"picked":"Dodge and Roll","floor":18},{"not_picked":["Bouncing Flask","Cloak And Dagger"],"picked":"Bane","floor":21}],"player_experience":66576,"potions_floor_usage":[7,12,16],"damage_taken":[{"damage":2,"enemies":"2 Louse","floor":1,"turns":3},{"damage":0,"enemies":"Jaw Worm","floor":4,"turns":6},{"damage":14,"enemies":"Lagavulin","floor":7,"turns":8},{"damage":0,"enemies":"Cultist","floor":10,"turns":3},{"damage":0,"enemies":"3 Sentries","floor":12,"turns":6},{"damage":0,"enemies":"Large Slime","floor":13,"turns":5},{"damage":12,"enemies":"Lots of Slimes","floor":14,"turns":3},{"damage":20,"enemies":"Hexaghost","floor":16,"turns":12},{"damage":4,"enemies":"Shell Parasite","floor":18,"turns":7},{"damage":16,"enemies":"3 Byrds","floor":21,"turns":5},{"damage":0,"enemies":"Centurion and Healer","floor":22,"turns":8},{"damage":43,"enemies":"Slavers","floor":23,"turns":4}],"event_choices":[{"event_name":"Golden Idol","player_choice":"Take Damage","floor":3,"damage_taken":0},{"event_name":"Wheel of Change","player_choice":"Damage","floor":19,"damage_taken":0},{"event_name":"Vampires","player_choice":"Ignored","floor":20,"damage_taken":0}],"boss_relics":[{"not_picked":["Orrery","Runic Dome"],"picked":"Sozu"}],"potions_floor_spawned":[1,10,14,18,21,22],"seed_played":"-4020766406307656241","killed_by":"Slavers","ascension_level":0,"is_trial":false}