{"path_per_floor":["M","$","?","?","M","E","R","M","T","R","M","?","M","E","R","B"],"character_chosen":"THE_SILENT","items_purchased":[],"gold_per_floor":[118,43,118,68,87,121,121,141,168,168,188,188,198,533,533,633,633],"floor_reached":17,"campfire_rested":0,"playtime":707,"current_hp_per_floor":[70,70,59,59,54,49,49,49,49,49,48,48,48,38,38,22,70],"items_purged":["Strike_G"],"gold":633,"score":165,"play_id":"92c182b1-ea42-4077-911f-4f345137d3a7","local_time":"20180416123743","is_prod":false,"is_daily":false,"chose_seed":false,"is_ascension_mode":false,"campfire_upgraded":3,"timestamp":1523907463,"path_taken":["M","$","?","?","?","E","R","M","T","R","M","?","M","E","R","BOSS"],"build_version":"2018-04-12","seed_source_timestamp":2996645076948,"purchased_purges":1,"victory":false,"master_deck":["Defend_G","Defend_G","Defend_G","Defend_G","Strike_G","Survivor","Neutralize+1","Riddle With Holes+1","Tools of the Trade+1","Wraith Form v2+1","Calculated Gamble+1","Prepared","Slice","Poisoned Stab","Unload","Accuracy","Adrenaline+1","Escape Plan","Adrenaline"],"max_hp_per_floor":[70,70,70,70,70,70,70,70,70,70,70,70,70,70,70,70,70],"relics":["Astrolabe","Bag of Marbles","Juzu Bracelet","Old Coin","Philosopher\u0027s Stone"],"card_choices":[{"not_picked":["Backstab","Bane"],"picked":"Calculated Gamble","floor":1},{"not_picked":["Acrobatics","Poisoned Stab"],"picked":"Prepared","floor":8},{"not_picked":["Outmaneuver","Dagger Throw"],"picked":"Slice","floor":11},{"not_picked":["Reflex","Terror"],"picked":"Adrenaline","floor":13},{"not_picked":["Cloak And Dagger","Heel Hook"],"picked":"Escape Plan","floor":14},{"not_picked":["After Image","Tactician"],"picked":"Adrenaline","floor":16}],"player_experience":68617,"potions_floor_usage":[16,16,16],"damage_taken":[{"damage":0,"enemies":"Cultist","floor":1,"turns":4},{"damage":5,"enemies":"Small Slimes","floor":5,"turns":4},{"damage":5,"enemies":"Lagavulin","floor":6,"turns":8},{"damage":0,"enemies":"2 Louse","floor":8,"turns":4},{"damage":1,"enemies":"2 Fungi Beasts","floor":11,"turns":3},{"damage":0,"enemies":"Large Slime","floor":13,"turns":5},{"damage":10,"enemies":"3 Sentries","floor":14,"turns":7},{"damage":16,"enemies":"Slime Boss","floor":16,"turns":12}],"event_choices":[{"event_name":"World of Goop","player_choice":"Gather Gold","floor":3,"damage_taken":0},{"event_name":"The Cleric","player_choice":"Card Removal","floor":4,"damage_taken":0},{"event_name":"Match and Keep!","player_choice":"3 cards matched","floor":12,"damage_taken":0}],"boss_relics":[{"not_picked":["Runic Dome","White Beast Statue"],"picked":"Philosopher\u0027s Stone"}],"potions_floor_spawned":[1,5,11,16],"seed_played":"6010724201544766408","ascension_level":0,"is_trial":false}