{"path_per_floor":["M","?","?","M","?","E","R","?","T","?","R","M","?","?","R"],"character_chosen":"THE_SILENT","items_purchased":[],"gold_per_floor":[116,116,291,301,251,286,286,286,286,286,286,301,301,301,301,301],"floor_reached":16,"campfire_rested":0,"playtime":536,"current_hp_per_floor":[70,68,68,68,68,47,47,47,47,31,31,29,29,49,49,0],"items_purged":[],"gold":301,"score":120,"play_id":"cd42ca31-bcae-472c-9d73-cf3a90607587","local_time":"20180419222350","is_prod":false,"is_daily":false,"chose_seed":false,"is_ascension_mode":true,"campfire_upgraded":0,"timestamp":1524201830,"path_taken":["M","?","?","M","?","E","R","?","T","?","R","M","?","?","R","BOSS"],"build_version":"2018-04-19","seed_source_timestamp":297538536031999,"purchased_purges":0,"victory":false,"master_deck":["Defend_G","Defend_G","Defend_G+1","Defend_G","Defend_G","Strike_G+1","Strike_G+1","Strike_G","Strike_G","Survivor","Neutralize+1","Backflip","Leg Sweep","Outmaneuver"],"max_hp_per_floor":[70,80,80,80,80,80,80,80,80,80,80,80,80,80,80,80],"relics":["Velvet Choker","Pear","Shovel","Omamori","Juzu Bracelet","Lantern","Whetstone"],"card_choices":[{"not_picked":["Leg Sweep","Deflect"],"picked":"Backflip","floor":4},{"not_picked":["Escape Plan","Endless Agony"],"picked":"Leg Sweep","floor":6},{"not_picked":["Deadly Poison","Bouncing Flask"],"picked":"Outmaneuver","floor":12}],"player_experience":118224,"potions_floor_usage":[16],"damage_taken":[{"damage":0,"enemies":"2 Louse","floor":1,"turns":4},{"damage":0,"enemies":"Small Slimes","floor":4,"turns":7},{"damage":21,"enemies":"3 Sentries","floor":6,"turns":15},{"damage":2,"enemies":"Cultist","floor":12,"turns":4},{"damage":50,"enemies":"The Guardian","floor":16,"turns":19}],"event_choices":[{"event_name":"Scrap Ooze","player_choice":"success","floor":2,"damage_taken":12},{"event_name":"Liars Game","player_choice":"agreed","floor":3,"damage_taken":0},{"event_name":"The Cleric","player_choice":"Card Removal","floor":5,"damage_taken":0},{"event_name":"Living Wall","player_choice":"Forget","floor":8,"damage_taken":0},{"event_name":"Shining Light","player_choice":"Entered Light","floor":10,"damage_taken":0},{"event_name":"The Woman in Blue","player_choice":"Bought 0 Potions","floor":13,"damage_taken":0},{"event_name":"Mushrooms","player_choice":"Healed and dodged fight","floor":14,"damage_taken":0}],"boss_relics":[],"potions_floor_spawned":[4,6],"seed_played":"-5285519015229660800","killed_by":"The Guardian","ascension_level":5,"is_trial":false}