{"path_per_floor":["M","?","?","?","M","R","M","M","T","M","E","?","$","$","R","B",null,"M","?","$","?","?","R","$","?","T","M","?","M","R","E","R","B",null,"M","$","M","M"],"character_chosen":"THE_SILENT","items_purchased":["Finesse","Cloak And Dagger","Infinite Blades","Cloak And Dagger"],"gold_per_floor":[112,62,62,237,256,256,269,286,286,297,326,326,172,77,77,173,173,186,186,49,49,49,49,49,49,98,112,112,122,122,155,155,255,255,267,217,235,255,255],"floor_reached":39,"campfire_rested":2,"playtime":1828,"current_hp_per_floor":[66,66,66,66,59,59,59,55,55,39,5,5,5,5,26,6,54,52,36,36,36,36,36,36,80,80,70,70,54,54,12,36,13,63,37,37,12,27,0],"items_purged":["Doubt","Strike_G","Strike_G","Defend_G"],"gold":255,"score":496,"play_id":"0abd692d-db29-48c0-ace8-5c559bbf7453","local_time":"20180420113913","is_prod":false,"is_daily":false,"chose_seed":false,"is_ascension_mode":true,"campfire_upgraded":3,"timestamp":1524249553,"path_taken":["M","?","?","?","M","R","M","M","T","?","E","?","?","$","R","BOSS","M","?","$","?","?","R","$","?","T","?","?","M","R","E","R","BOSS","M","?","?","M","M"],"build_version":"2018-04-19","seed_source_timestamp":343971094164359,"purchased_purges":4,"victory":false,"master_deck":["Defend_G","Defend_G","Defend_G","Defend_G","Survivor","Neutralize+1","Quick Slash","Accuracy+1","Cloak And Dagger","Footwork+1","Finesse","Cloak And Dagger","Tools of the Trade+1","Infinite Blades","Cloak And Dagger","All Out Attack","Acrobatics","Infinite Blades+1","Envenom","Prepared"],"max_hp_per_floor":[70,70,70,70,70,70,70,70,70,70,70,70,70,70,70,70,70,70,70,70,70,70,70,70,80,80,80,80,80,80,80,80,80,80,80,80,80,80,80],"relics":["Runic Pyramid","Smiling Mask","Mercury Hourglass","Runic Dome","Nloth\u0027s Gift","Bag of Marbles","Kunai","Lizard Tail"],"card_choices":[{"not_picked":["Slice","Heel Hook"],"picked":"Night Terror","floor":7},{"not_picked":["Poisoned Stab","Cloak And Dagger"],"picked":"Accuracy","floor":8},{"not_picked":["Flying Knee","Flechettes"],"picked":"Cloak And Dagger","floor":10},{"not_picked":["Riddle With Holes","Die Die Die"],"picked":"Footwork","floor":11},{"not_picked":["Unload","Storm of Steel"],"picked":"Tools of the Trade","floor":16},{"not_picked":["Sucker Punch","Noxious Fumes"],"picked":"Acrobatics","floor":29},{"not_picked":["Glass Knife","Night Terror"],"picked":"Infinite Blades","floor":31},{"not_picked":["Wraith Form v2","Unload"],"picked":"Envenom","floor":33},{"not_picked":["Deadly Poison","Crippling Poison"],"picked":"Prepared","floor":37}],"player_experience":123603,"potions_floor_usage":[10,11,37,38,39],"damage_taken":[{"damage":4,"enemies":"Small Slimes","floor":1,"turns":4},{"damage":7,"enemies":"2 Louse","floor":5,"turns":3},{"damage":0,"enemies":"Jaw Worm","floor":7,"turns":4},{"damage":4,"enemies":"3 Louse","floor":8,"turns":6},{"damage":16,"enemies":"Gremlin Gang","floor":10,"turns":8},{"damage":49,"enemies":"3 Sentries","floor":11,"turns":19},{"damage":20,"enemies":"Hexaghost","floor":16,"turns":15},{"damage":2,"enemies":"Shell Parasite","floor":18,"turns":8},{"damage":10,"enemies":"2 Thieves","floor":27,"turns":5},{"damage":16,"enemies":"Slaver and Parasite","floor":29,"turns":8},{"damage":42,"enemies":"Slavers","floor":31,"turns":6},{"damage":23,"enemies":"Automaton","floor":33,"turns":11},{"damage":26,"enemies":"3 Shapes","floor":35,"turns":4},{"damage":40,"enemies":"3 Darklings","floor":37,"turns":6},{"damage":26,"enemies":"4 Shapes","floor":38,"turns":7},{"damage":29,"enemies":"Maw","floor":39,"turns":4}],"event_choices":[{"event_name":"The Cleric","player_choice":"Card Removal","floor":2,"damage_taken":0},{"event_name":"Living Wall","player_choice":"Change","floor":3,"damage_taken":0},{"event_name":"Liars Game","player_choice":"agreed","floor":4,"damage_taken":0},{"event_name":"Golden Wing","player_choice":"Ignored","floor":12,"damage_taken":0},{"event_name":"Cursed Tome","player_choice":"Obtained Book","floor":19,"damage_taken":0},{"event_name":"Transmorgrifier","player_choice":"Transform","floor":21,"damage_taken":0},{"event_name":"N\u0027loth","player_choice":"Traded a Necronomicon","floor":22,"damage_taken":0},{"event_name":"Bonfire Elementals","player_choice":"RARE","floor":25,"damage_taken":0},{"event_name":"Upgrade Shrine","player_choice":"Upgraded","floor":28,"damage_taken":0}],"boss_relics":[{"not_picked":["Eternal Feather","Calling Bell"],"picked":"Runic Dome"},{"not_picked":["Velvet Choker","Pandora\u0027s Box"],"picked":"Lizard Tail"}],"potions_floor_spawned":[7,8,16,31,33,35],"seed_played":"3860999064289418587","killed_by":"Maw","ascension_level":5,"is_trial":false}