{"path_per_floor":["M","T","?","M","?","R","E","M","T","R","?","R","M","?","R","B",null,"M","?","M","?","?","R","E","M","T","R","M","M","E","M","R","B",null,"M","$","?","?","?","E","M","E","T","E","$","M","R","M","R","B"],"character_chosen":"THE_SILENT","items_purchased":["Bag of Preparation"],"gold_per_floor":[116,165,115,126,126,126,165,185,185,185,185,185,206,206,206,329,329,350,350,361,361,361,361,392,412,436,436,448,464,498,516,516,617,617,630,508,508,508,508,542,558,585,585,614,554,574,574,593,593,593],"floor_reached":51,"campfire_rested":5,"playtime":2386,"current_hp_per_floor":[68,68,68,68,51,51,11,11,11,32,20,41,41,41,41,41,70,43,43,36,36,36,36,41,45,50,50,57,64,51,54,70,70,70,70,70,70,70,61,49,56,50,50,29,29,26,47,38,59,36],"items_purged":["Blind"],"gold":593,"score":968,"play_id":"977e1b36-30e9-48e0-8981-227b6829edf5","local_time":"20180419122847","is_prod":false,"is_daily":false,"chose_seed":false,"is_ascension_mode":true,"campfire_upgraded":4,"timestamp":1524166127,"path_taken":["M","?","?","?","?","R","E","M","T","R","?","R","M","?","R","BOSS","M","?","M","?","?","R","E","M","T","R","M","M","E","M","R","BOSS","M","$","?","?","?","E","M","E","T","E","$","M","R","M","R","BOSS"],"build_version":"2018-04-12","seed_source_timestamp":259976076435743,"purchased_purges":2,"victory":true,"master_deck":["Defend_G+1","Defend_G+1","Defend_G+1","Defend_G+1","Defend_G+1","Strike_G+1","Strike_G+1","Strike_G+1","Survivor+1","Neutralize+1","Footwork+1","Prepared+1","Infinite Blades+1","Adrenaline+1","Cloak And Dagger+1","Blade Dance+1","Backstab+1","Envenom+1","Prepared","Neutralize","Madness","Madness","Escape Plan+1","Cloak And Dagger+1"],"max_hp_per_floor":[70,70,70,70,70,70,70,70,70,70,70,70,70,70,70,70,70,70,70,70,70,70,70,70,70,70,70,70,70,70,70,70,70,70,70,70,70,70,70,70,70,70,70,70,70,70,70,70,70,70],"relics":["Ring of the Snake","Anchor","Bloody Idol","Whetstone","War Paint","Shuriken","Black Star","Matryoshka","Gremlin Horn","Frozen Egg 2","Blood Vial","The Courier","Kunai","Sozu","Bag of Preparation","Ornamental Fan","Mummified Hand","Ancient Tea Set","Bronze Scales","Snake Skull","Question Card","Darkstone Periapt","Pantograph"],"card_choices":[{"not_picked":["Slice","Expertise"],"picked":"Footwork","floor":1},{"not_picked":["Poisoned Stab","Dodge and Roll"],"picked":"Prepared","floor":4},{"not_picked":["Acrobatics","Terror"],"picked":"Infinite Blades","floor":13},{"not_picked":["Doppelganger","Unload"],"picked":"Adrenaline","floor":16},{"not_picked":["Deflect","Slice"],"picked":"Cloak And Dagger","floor":20},{"not_picked":["Outmaneuver","Quick Slash"],"picked":"Blade Dance","floor":28},{"not_picked":["Flying Knee","Underhanded Strike"],"picked":"Backstab","floor":30},{"not_picked":["Die Die Die","Wraith Form v2"],"picked":"Envenom","floor":33},{"not_picked":["Poisoned Stab","Bouncing Flask"],"picked":"Prepared","floor":35},{"not_picked":["Setup","Deadly Poison","Endless Agony"],"picked":"Escape Plan","floor":46},{"not_picked":["Sucker Punch","Endless Agony","Backflip"],"picked":"Cloak And Dagger","floor":48}],"player_experience":110329,"potions_floor_usage":[24,24,30,40],"damage_taken":[{"damage":2,"enemies":"Cultist","floor":1,"turns":5},{"damage":0,"enemies":"2 Louse","floor":4,"turns":4},{"damage":40,"enemies":"3 Sentries","floor":7,"turns":17},{"damage":0,"enemies":"Jaw Worm","floor":8,"turns":6},{"damage":0,"enemies":"3 Louse","floor":13,"turns":4},{"damage":0,"enemies":"The Guardian","floor":16,"turns":14},{"damage":27,"enemies":"Spheric Guardian","floor":18,"turns":6},{"damage":12,"enemies":"Chosen","floor":20,"turns":8},{"damage":0,"enemies":"Book of Stabbing","floor":24,"turns":6},{"damage":1,"enemies":"Centurion and Healer","floor":25,"turns":6},{"damage":0,"enemies":"Snake Plant","floor":28,"turns":7},{"damage":0,"enemies":"Cultist and Chosen","floor":29,"turns":6},{"damage":20,"enemies":"Gremlin Leader","floor":30,"turns":6},{"damage":4,"enemies":"Centurion and Healer","floor":31,"turns":6},{"damage":5,"enemies":"Champ","floor":33,"turns":10},{"damage":0,"enemies":"3 Darklings","floor":35,"turns":6},{"damage":19,"enemies":"2 Orb Walkers","floor":40,"turns":6},{"damage":0,"enemies":"Orb Walker","floor":41,"turns":3},{"damage":13,"enemies":"Nemesis","floor":42,"turns":7},{"damage":28,"enemies":"2 Orb Walkers","floor":44,"turns":6},{"damage":10,"enemies":"4 Shapes","floor":46,"turns":6},{"damage":16,"enemies":"Sphere and 2 Shapes","floor":48,"turns":5},{"damage":34,"enemies":"Donu and Deca","floor":50,"turns":10}],"event_choices":[{"event_name":"The Cleric","player_choice":"Card Removal","floor":3,"damage_taken":0},{"event_name":"Golden Idol","player_choice":"Take Damage","floor":5,"damage_taken":0},{"event_name":"Scrap Ooze","player_choice":"success","floor":11,"damage_taken":12},{"event_name":"Dead Adventurer","player_choice":"Searched \u00271\u0027 times","floor":14,"damage_taken":0},{"event_name":"Forgotten Altar","player_choice":"Gave Idol","floor":19,"damage_taken":0},{"event_name":"Ghosts","player_choice":"Ignored","floor":21,"damage_taken":0},{"event_name":"Back to Basics","player_choice":"Simplicity","floor":22,"damage_taken":0},{"event_name":"Match and Keep!","player_choice":"2 cards matched","floor":37,"damage_taken":0},{"event_name":"Winding Halls","player_choice":"Embrace Madness","floor":39,"damage_taken":0}],"boss_relics":[{"not_picked":["Pandora\u0027s Box","Tiny House"],"picked":"Black Star"},{"not_picked":["Philosopher\u0027s Stone","Cursed Key"],"picked":"Sozu"}],"potions_floor_spawned":[4,8,24,25,29,30,31,35,42,44],"seed_played":"-6886594347880155568","ascension_level":3,"is_trial":false}