{"path_per_floor":["M","?","M","$","M","R","$","R","T","R","$","M","?","M","R","B",null,"M","M","M","M","$","R","?","$","T","?"],"character_chosen":"THE_SILENT","items_purchased":["Escape Plan","Juzu Bracelet","Flash of Steel"],"gold_per_floor":[117,367,381,78,92,92,0,0,0,0,0,12,12,31,31,151,151,169,189,203,224,124,124,39,39,108,208,208],"floor_reached":28,"campfire_rested":0,"playtime":1061,"current_hp_per_floor":[65,65,54,54,54,54,54,54,54,54,54,54,37,37,37,14,70,55,55,40,11,11,11,11,11,11,11,0],"items_purged":["Regret","Strike_G"],"gold":208,"score":218,"play_id":"fec8303a-6243-443d-9953-58a3cbffcb1c","local_time":"20180418130642","is_prod":false,"is_daily":false,"chose_seed":false,"is_ascension_mode":true,"campfire_upgraded":2,"timestamp":1524082002,"path_taken":["M","?","?","$","M","R","?","R","T","R","?","M","?","M","R","BOSS","M","M","M","M","$","R","?","$","T","?","M"],"build_version":"2018-04-12","seed_source_timestamp":177183205696640,"purchased_purges":2,"victory":false,"master_deck":["Defend_G","Defend_G","Defend_G","Defend_G","Defend_G","Strike_G","Strike_G","Strike_G","Strike_G","Survivor","Neutralize","A Thousand Cuts+1","Prepared","Escape Plan","Cloak And Dagger+1","Flash of Steel","Distraction","Slice","Storm of Steel","Masterful Stab+1","Deflect","Prepared"],"max_hp_per_floor":[70,70,70,70,70,70,70,70,70,70,70,70,70,70,70,70,70,70,70,70,70,70,70,70,70,70,70,70],"relics":["Ring of the Snake","Juzu Bracelet","Girya","Golden Idol","Sozu","Ginger","Tough Bandages"],"card_choices":[{"not_picked":["Underhanded Strike","Caltrops"],"picked":"Prepared","floor":1},{"not_picked":["Poisoned Stab","Dagger Spray"],"picked":"Cloak And Dagger","floor":5},{"not_picked":["Bane","Slice"],"picked":"Distraction","floor":12},{"not_picked":["Sucker Punch","Choke"],"picked":"Slice","floor":14},{"not_picked":["Wraith Form v2","Phantasmal Killer"],"picked":"Storm of Steel","floor":16},{"not_picked":["Sucker Punch","Quick Slash"],"picked":"Masterful Stab","floor":19},{"not_picked":["Catalyst","Eviscerate"],"picked":"Deflect","floor":20},{"not_picked":["Accuracy","Backflip"],"picked":"Prepared","floor":21}],"player_experience":95655,"potions_floor_usage":[28,28],"damage_taken":[{"damage":5,"enemies":"Jaw Worm","floor":1,"turns":4},{"damage":11,"enemies":"Cultist","floor":3,"turns":6},{"damage":0,"enemies":"2 Louse","floor":5,"turns":4},{"damage":0,"enemies":"Blue Slaver","floor":12,"turns":4},{"damage":0,"enemies":"3 Louse","floor":14,"turns":2},{"damage":23,"enemies":"The Guardian","floor":16,"turns":13},{"damage":15,"enemies":"Shell Parasite","floor":18,"turns":5},{"damage":0,"enemies":"Chosen","floor":19,"turns":6},{"damage":15,"enemies":"Snake Plant","floor":20,"turns":4},{"damage":29,"enemies":"Sentry and Sphere","floor":21,"turns":6},{"damage":39,"enemies":"Snecko","floor":28,"turns":6}],"event_choices":[{"event_name":"Golden Shrine","player_choice":"Desecrate","floor":2,"damage_taken":0},{"event_name":"Golden Idol","player_choice":"Take Damage","floor":13,"damage_taken":0},{"event_name":"Addict","player_choice":"Obtained Relic","floor":24,"damage_taken":0},{"event_name":"Golden Shrine","player_choice":"Pray","floor":27,"damage_taken":0}],"boss_relics":[{"not_picked":["Velvet Choker","White Beast Statue"],"picked":"Sozu"}],"potions_floor_spawned":[12,14,16,18,21],"seed_played":"-2181792328957585176","killed_by":"Snecko","ascension_level":1,"is_trial":false}