{"path_per_floor":["M","$","M","M","M","R","?","E","T","M","$","R","?","?","R","B",null,"M","M","?","$","M"],"character_chosen":"THE_SILENT","items_purchased":["Eviscerate"],"gold_per_floor":[119,44,44,59,71,71,321,351,351,363,263,263,263,263,263,365,365,381,392,392,197,210,210],"floor_reached":23,"campfire_rested":1,"playtime":1093,"current_hp_per_floor":[68,68,66,65,65,65,65,41,41,38,38,38,5,5,26,10,70,63,52,52,52,3,3],"items_purged":["Strike_G","Regret","Regret"],"gold":210,"score":201,"play_id":"76ed62f0-3208-47a2-95f6-a4e607944279","local_time":"20180418205959","is_prod":false,"is_daily":false,"chose_seed":false,"is_ascension_mode":true,"campfire_upgraded":3,"timestamp":1524110399,"path_taken":["M","$","?","M","M","R","?","E","T","M","$","R","?","?","R","BOSS","M","M","?","$","M","R"],"build_version":"2018-04-12","seed_source_timestamp":205546019670506,"purchased_purges":5,"victory":false,"master_deck":["Defend_G","Defend_G","Defend_G","Defend_G","Defend_G","Strike_G","Strike_G","Strike_G","Strike_G","Survivor","Neutralize","Slice","Dagger Spray","Footwork","Dash+1","All Out Attack","Distraction+1","Wraith Form v2+1","All Out Attack+1","Eviscerate","Backflip"],"max_hp_per_floor":[70,70,70,70,70,70,70,70,70,70,70,70,70,70,70,70,70,70,70,70,70,70,70],"relics":["Ring of the Snake","Bottled Lightning","Anchor","Oddly Smooth Stone","Runic Pyramid"],"card_choices":[{"not_picked":["Flying Knee","PiercingWail"],"picked":"Slice","floor":1},{"not_picked":["PiercingWail","Quick Slash"],"picked":"Dagger Spray","floor":3},{"not_picked":["Deadly Poison","PiercingWail"],"picked":"Footwork","floor":4},{"not_picked":["Flying Knee","Bane"],"picked":"Dash","floor":5},{"not_picked":["Doppelganger","Predator"],"picked":"All Out Attack","floor":8},{"not_picked":["Predator","Well Laid Plans"],"picked":"Distraction","floor":10},{"not_picked":["After Image","Die Die Die"],"picked":"Wraith Form v2","floor":16},{"not_picked":["Catalyst","Quick Slash"],"picked":"All Out Attack","floor":18},{"not_picked":["Dagger Throw","Dagger Spray"],"picked":"Backflip","floor":22}],"player_experience":99748,"potions_floor_usage":[16,16,19,22],"damage_taken":[{"damage":2,"enemies":"Cultist","floor":1,"turns":5},{"damage":2,"enemies":"Jaw Worm","floor":3,"turns":5},{"damage":1,"enemies":"Small Slimes","floor":4,"turns":3},{"damage":0,"enemies":"Looter","floor":5,"turns":4},{"damage":24,"enemies":"3 Sentries","floor":8,"turns":8},{"damage":3,"enemies":"Exordium Wildlife","floor":10,"turns":3},{"damage":16,"enemies":"The Guardian","floor":16,"turns":12},{"damage":7,"enemies":"Shell Parasite","floor":18,"turns":13},{"damage":11,"enemies":"Spheric Guardian","floor":19,"turns":7},{"damage":49,"enemies":"Chosen and Byrds","floor":22,"turns":11}],"event_choices":[{"event_name":"Golden Shrine","player_choice":"Desecrate","floor":7,"damage_taken":0},{"event_name":"Scrap Ooze","player_choice":"unsuccessful","floor":13,"damage_taken":33},{"event_name":"Big Fish","player_choice":"Box","floor":14,"damage_taken":0},{"event_name":"Drug Dealer","player_choice":"Ignored","floor":20,"damage_taken":0}],"boss_relics":[{"not_picked":["Eternal Feather","Calling Bell"],"picked":"Runic Pyramid"}],"potions_floor_spawned":[1,4,16,19,22],"seed_played":"-6421124219414233396","ascension_level":1,"is_trial":false}