{"path_per_floor":["M","M","?","M","?","E","M","R","T","M","M","R","M","M","R","B",null,"M","M","?","T","M","R"],"character_chosen":"THE_SILENT","items_purchased":[],"gold_per_floor":[112,131,131,141,91,120,140,140,140,160,174,174,194,212,212,310,310,323,337,337,337,352,352,352],"floor_reached":24,"campfire_rested":1,"playtime":989,"current_hp_per_floor":[70,70,58,58,58,36,36,36,36,19,19,40,33,32,32,21,58,39,39,39,53,25,25,0],"items_purged":[],"gold":352,"score":253,"play_id":"cf09ef29-2a16-48e3-b1ab-1066354f0e64","local_time":"20180420104734","is_prod":false,"is_daily":false,"chose_seed":false,"is_ascension_mode":true,"campfire_upgraded":3,"timestamp":1524246454,"path_taken":["M","M","?","?","?","E","M","R","T","M","M","R","M","M","R","BOSS","M","?","?","?","M","R","M"],"build_version":"2018-04-19","seed_source_timestamp":341707443796333,"purchased_purges":0,"victory":false,"master_deck":["Defend_G","Defend_G","Defend_G","Defend_G","Defend_G","Strike_G","Strike_G","Strike_G","Strike_G","Survivor","Neutralize","Glass Knife+1","Noxious Fumes","Prepared","Prepared","Noxious Fumes+1","Glass Knife+1","Prepared","Adrenaline","Footwork","Noxious Fumes","Regret"],"max_hp_per_floor":[70,70,70,70,70,70,70,70,70,70,70,70,70,70,70,70,70,70,70,70,84,84,84,84],"relics":["Ring of the Snake","Dream Catcher","Du-Vu Doll","Bottled Lightning","Cursed Key","Mango"],"card_choices":[{"not_picked":["Backflip","Flechettes"],"picked":"Noxious Fumes","floor":1},{"not_picked":["Backflip","Dash"],"picked":"Prepared","floor":6},{"not_picked":["Slice","Sucker Punch"],"picked":"Prepared","floor":7},{"not_picked":["Accuracy","Dagger Spray"],"picked":"Noxious Fumes","floor":11},{"not_picked":["Footwork","Backflip"],"picked":"Glass Knife","floor":12},{"not_picked":["Outmaneuver","Expertise"],"picked":"Prepared","floor":14},{"not_picked":["Unload","Grand Finale"],"picked":"Adrenaline","floor":16},{"not_picked":["Underhanded Strike","Deadly Poison"],"picked":"Footwork","floor":18},{"not_picked":["Flying Knee","Dagger Spray"],"picked":"Noxious Fumes","floor":19}],"player_experience":122614,"potions_floor_usage":[7,10,13,16],"damage_taken":[{"damage":0,"enemies":"2 Louse","floor":1,"turns":2},{"damage":0,"enemies":"Jaw Worm","floor":2,"turns":4},{"damage":0,"enemies":"Cultist","floor":4,"turns":3},{"damage":22,"enemies":"3 Sentries","floor":6,"turns":13},{"damage":0,"enemies":"Gremlin Gang","floor":7,"turns":6},{"damage":17,"enemies":"Exordium Thugs","floor":10,"turns":5},{"damage":0,"enemies":"Blue Slaver","floor":11,"turns":5},{"damage":7,"enemies":"Gremlin Gang","floor":13,"turns":5},{"damage":1,"enemies":"2 Fungi Beasts","floor":14,"turns":3},{"damage":11,"enemies":"Slime Boss","floor":16,"turns":8},{"damage":19,"enemies":"Shell Parasite","floor":18,"turns":7},{"damage":0,"enemies":"Chosen","floor":19,"turns":5},{"damage":28,"enemies":"Centurion and Healer","floor":22,"turns":6},{"damage":27,"enemies":"Sentry and Sphere","floor":24,"turns":5}],"event_choices":[{"event_name":"Scrap Ooze","player_choice":"success","floor":3,"damage_taken":12},{"event_name":"The Cleric","player_choice":"Card Removal","floor":5,"damage_taken":0},{"event_name":"Drug Dealer","player_choice":"Ignored","floor":20,"damage_taken":0}],"boss_relics":[{"not_picked":["Tiny House","Calling Bell"],"picked":"Cursed Key"}],"potions_floor_spawned":[1,6,10,14,19,22],"seed_played":"1379064607723484409","killed_by":"Sentry and Sphere","ascension_level":5,"is_trial":false}