{"path_per_floor":["M","?","$","?","?","R","M","M","T","$","?","R","M","M","R","B",null,"M","?","$","?","T","R","E","R","T","E","$","E","?","M","R","B",null,"M","?","?","M","?","R","$","E","T","M","E","R","E","M","R","B"],"character_chosen":"THE_SILENT","items_purchased":["Night Terror","Juzu Bracelet","Orichalcum","Prepared"],"gold_per_floor":[110,360,285,285,285,285,308,331,331,83,83,83,102,121,121,241,241,235,235,88,88,88,88,127,127,154,194,48,89,89,108,108,207,237,252,252,306,316,316,316,141,175,175,189,214,214,242,256,256,256],"floor_reached":51,"campfire_rested":0,"playtime":2179,"current_hp_per_floor":[68,68,68,51,51,51,49,49,49,49,49,49,48,48,48,5,70,64,64,64,49,59,59,42,42,49,36,36,30,30,57,57,66,71,71,71,85,63,63,63,63,74,74,43,85,85,85,85,85,64],"items_purged":["Regret","Strike_G","Survivor"],"gold":256,"score":1057,"play_id":"04bef936-fa62-4956-947b-240bb8d37cf8","local_time":"20180419131412","is_prod":false,"is_daily":false,"chose_seed":false,"is_ascension_mode":true,"campfire_upgraded":9,"timestamp":1524168852,"path_taken":["M","?","$","?","?","R","?","M","T","$","?","R","?","M","R","BOSS","M","?","$","?","?","R","E","R","T","E","?","E","?","M","R","BOSS","M","?","?","M","?","R","$","E","T","M","E","R","E","M","R","BOSS"],"build_version":"2018-04-12","seed_source_timestamp":262909545847311,"purchased_purges":4,"victory":true,"master_deck":["Defend_G+1","Defend_G+1","Defend_G+1","Defend_G+1","Defend_G+1","Neutralize+1","Wraith Form v2+1","Noxious Fumes+1","Night Terror+1","Noxious Fumes+1","Tools of the Trade+1","Bite+1","Bite+1","Bite+1","Bite+1","Night Terror","Acrobatics+1","Prepared+1","Prepared+1","Noxious Fumes+1","Acrobatics","Adrenaline+1"],"max_hp_per_floor":[70,70,70,70,70,70,70,70,70,70,70,70,70,70,70,70,70,70,70,70,49,59,59,59,59,66,66,66,66,66,66,66,66,71,71,71,85,85,85,85,85,85,85,85,85,85,85,85,85,85],"relics":["Ring of the Snake","Bloody Idol","Frozen Egg 2","Sozu","Juzu Bracelet","Pear","Prayer Wheel","Strawberry","Centennial Puzzle","Orichalcum","Ice Cream","Tiny House","Mango","Paper Crane","The Specimen","Whetstone","Tough Bandages"],"card_choices":[{"not_picked":["Bouncing Flask","Backstab"],"picked":"Noxious Fumes","floor":1},{"not_picked":["Heel Hook","Backflip"],"picked":"Noxious Fumes","floor":13},{"not_picked":["Glass Knife","Envenom"],"picked":"Tools of the Trade","floor":16},{"not_picked":["Glass Knife","Tools of the Trade"],"picked":"Night Terror","floor":33},{"not_picked":["Poisoned Stab","Cloak And Dagger"],"picked":"Acrobatics","floor":34},{"not_picked":["Deflect","Blade Dance"],"picked":"Prepared","floor":37},{"not_picked":["Poisoned Stab","Riddle With Holes"],"picked":"Noxious Fumes","floor":42},{"not_picked":["Cloak And Dagger","Dash"],"picked":"Acrobatics","floor":43},{"not_picked":["Finisher","Grand Finale"],"picked":"Adrenaline","floor":45}],"player_experience":112715,"potions_floor_usage":[14],"damage_taken":[{"damage":2,"enemies":"Jaw Worm","floor":1,"turns":7},{"damage":2,"enemies":"Cultist","floor":7,"turns":4},{"damage":0,"enemies":"2 Louse","floor":8,"turns":2},{"damage":1,"enemies":"Large Slime","floor":13,"turns":7},{"damage":0,"enemies":"Looter","floor":14,"turns":4},{"damage":43,"enemies":"Slime Boss","floor":16,"turns":11},{"damage":6,"enemies":"2 Thieves","floor":18,"turns":5},{"damage":40,"enemies":"Gremlin Leader","floor":24,"turns":7},{"damage":29,"enemies":"Book of Stabbing","floor":27,"turns":6},{"damage":14,"enemies":"Slavers","floor":29,"turns":6},{"damage":0,"enemies":"Chosen","floor":31,"turns":5},{"damage":34,"enemies":"Automaton","floor":33,"turns":8},{"damage":4,"enemies":"Orb Walker","floor":35,"turns":6},{"damage":2,"enemies":"Mysterious Sphere","floor":37,"turns":6},{"damage":35,"enemies":"3 Shapes","floor":38,"turns":7},{"damage":16,"enemies":"2 Orb Walkers","floor":42,"turns":10},{"damage":47,"enemies":"Sphere and 2 Shapes","floor":44,"turns":6},{"damage":0,"enemies":"Giant Head","floor":45,"turns":10},{"damage":8,"enemies":"2 Orb Walkers","floor":47,"turns":7},{"damage":0,"enemies":"4 Shapes","floor":48,"turns":5},{"damage":36,"enemies":"Donu and Deca","floor":50,"turns":10}],"event_choices":[{"event_name":"Golden Shrine","player_choice":"Desecrate","floor":2,"damage_taken":0},{"event_name":"Golden Idol","player_choice":"Take Damage","floor":4,"damage_taken":0},{"event_name":"Upgrade Shrine","player_choice":"Upgraded","floor":5,"damage_taken":0},{"event_name":"The Woman in Blue","player_choice":"Bought 0 Potions","floor":11,"damage_taken":0},{"event_name":"Back to Basics","player_choice":"Simplicity","floor":19,"damage_taken":0},{"event_name":"Vampires","player_choice":"Became a vampire","floor":21,"damage_taken":0},{"event_name":"Forgotten Altar","player_choice":"Gave Idol","floor":30,"damage_taken":0},{"event_name":"Mysterious Sphere","player_choice":"Fight","floor":37,"damage_taken":0},{"event_name":"Tomb of Lord Red Mask","player_choice":"Ignored","floor":39,"damage_taken":0}],"boss_relics":[{"not_picked":["Runic Pyramid","Lizard Tail"],"picked":"Sozu"},{"not_picked":["Astrolabe","Eternal Feather"],"picked":"Tiny House"}],"potions_floor_spawned":[1,16,24,27,31,37,42,47,48],"seed_played":"3488447748590651526","ascension_level":4,"is_trial":false}