{"path_per_floor":["M","M","?","$","?","R","E","R","T","?","?","?","$","M","R","B",null,"M","$","?","?","?","R","M","R","T","?","?","$","?","$","R","B",null,"M","T","?","?","M","R","E","M","T","?","M","M","?","M","R","B"],"character_chosen":"THE_SILENT","items_purchased":["Accuracy","Accuracy"],"gold_per_floor":[112,130,130,55,55,55,83,83,107,182,132,132,96,107,107,205,205,221,121,121,36,306,306,321,321,321,321,321,124,124,124,124,225,225,242,242,242,293,308,308,335,355,355,355,369,385,385,403,403,403],"floor_reached":51,"campfire_rested":1,"playtime":2076,"current_hp_per_floor":[69,69,69,69,69,69,45,45,45,34,34,20,20,20,20,24,70,70,70,70,70,38,38,38,38,38,25,25,25,25,25,25,40,75,72,72,72,52,52,52,42,37,37,37,28,25,16,10,32,16],"items_purged":["Strike_G","Defend_G","Regret"],"gold":403,"score":775,"play_id":"237639e1-0b11-41dd-b161-093939ea5dc2","local_time":"20180418214817","is_prod":false,"is_daily":false,"chose_seed":false,"is_ascension_mode":true,"campfire_upgraded":5,"timestamp":1524113297,"path_taken":["M","M","?","$","?","R","E","R","T","?","?","?","$","M","R","BOSS","M","$","?","?","?","R","M","R","T","?","?","$","?","$","R","BOSS","M","?","?","?","M","R","E","M","T","?","M","M","?","M","R","BOSS"],"build_version":"2018-04-12","seed_source_timestamp":207452738962135,"purchased_purges":3,"victory":true,"master_deck":["Defend_G+1","Defend_G","Defend_G","Survivor","Neutralize+1","Blade Dance+1","Quick Slash+1","Outmaneuver+1","Cloak And Dagger+1","Dodge and Roll+1","Neutralize+1","Accuracy+1","Dodge and Roll+1","Accuracy","Adrenaline","Backflip+1","Decay","Writhe","Cloak And Dagger+1","Madness","Madness"],"max_hp_per_floor":[70,70,70,70,70,70,70,70,70,70,70,70,70,70,70,70,70,70,70,70,70,70,70,70,70,70,75,75,75,75,75,75,75,75,75,75,75,75,75,75,75,75,75,75,75,75,75,75,75,75],"relics":["Astrolabe","Kunai","Juzu Bracelet","Cursed Key","Dream Catcher","Blue Candle","Shovel","Toolbox","Lizard Tail","Bottled Tornado","Du-Vu Doll","Happy Flower","Snake Skull","Tough Bandages"],"card_choices":[{"not_picked":["Backflip","Poisoned Stab"],"picked":"Cloak And Dagger","floor":1},{"not_picked":["Blur","Terror"],"picked":"Dodge and Roll","floor":2},{"not_picked":["All Out Attack","Deadly Poison"],"picked":"Dodge and Roll","floor":18},{"not_picked":["Phantasmal Killer","Tools of the Trade"],"picked":"Adrenaline","floor":33},{"not_picked":["Dodge and Roll","Dagger Throw"],"picked":"Backflip","floor":35},{"not_picked":["Deadly Poison","Eviscerate"],"picked":"Masterful Stab","floor":42},{"not_picked":["Prepared","Sucker Punch"],"picked":"Cloak And Dagger","floor":45}],"player_experience":101633,"potions_floor_usage":[16,33,50,50],"damage_taken":[{"damage":1,"enemies":"Jaw Worm","floor":1,"turns":3},{"damage":0,"enemies":"Cultist","floor":2,"turns":4},{"damage":24,"enemies":"Gremlin Nob","floor":7,"turns":6},{"damage":0,"enemies":"2 Louse","floor":14,"turns":2},{"damage":11,"enemies":"Slime Boss","floor":16,"turns":11},{"damage":0,"enemies":"Spheric Guardian","floor":18,"turns":3},{"damage":0,"enemies":"Shell Parasite","floor":24,"turns":5},{"damage":0,"enemies":"Collector","floor":33,"turns":13},{"damage":3,"enemies":"3 Shapes","floor":35,"turns":6},{"damage":20,"enemies":"Mysterious Sphere","floor":38,"turns":7},{"damage":0,"enemies":"Orb Walker","floor":39,"turns":4},{"damage":10,"enemies":"Nemesis","floor":41,"turns":9},{"damage":5,"enemies":"4 Shapes","floor":42,"turns":9},{"damage":9,"enemies":"3 Darklings","floor":45,"turns":8},{"damage":3,"enemies":"Maw","floor":46,"turns":9},{"damage":6,"enemies":"4 Shapes","floor":48,"turns":8},{"damage":31,"enemies":"Awakened One","floor":50,"turns":18}],"event_choices":[{"event_name":"The Lab","player_choice":"Got Potions","floor":3,"damage_taken":0},{"event_name":"Match and Keep!","player_choice":"1 cards matched","floor":5,"damage_taken":0},{"event_name":"World of Goop","player_choice":"Gather Gold","floor":10,"damage_taken":0},{"event_name":"The Cleric","player_choice":"Card Removal","floor":11,"damage_taken":0},{"event_name":"Shining Light","player_choice":"Entered Light","floor":12,"damage_taken":0},{"event_name":"Back to Basics","player_choice":"Elegance","floor":20,"damage_taken":0},{"event_name":"Addict","player_choice":"Obtained Relic","floor":21,"damage_taken":0},{"event_name":"Knowing Skull","player_choice":"GOLD GOLD GOLD ","floor":22,"damage_taken":0},{"event_name":"Forgotten Altar","player_choice":"Shed Blood","floor":27,"damage_taken":0},{"event_name":"Ghosts","player_choice":"Ignored","floor":28,"damage_taken":0},{"event_name":"The Mausoleum","player_choice":"Yes","floor":30,"damage_taken":0},{"event_name":"Tomb of Lord Red Mask","player_choice":"Ignored","floor":37,"damage_taken":0},{"event_name":"Mysterious Sphere","player_choice":"Fight","floor":38,"damage_taken":0},{"event_name":"Winding Halls","player_choice":"Embrace Madness","floor":47,"damage_taken":0}],"boss_relics":[{"not_picked":["Velvet Choker","Philosopher\u0027s Stone"],"picked":"Cursed Key"},{"not_picked":["Runic Pyramid","Calling Bell"],"picked":"Lizard Tail"}],"potions_floor_spawned":[1,7,14,16,35,41,45,46,48],"seed_played":"8138551295966035260","ascension_level":1,"is_trial":false}