{"path_per_floor":["M","?","M","M","M","R","$","R","T","R","M","R","E","$","R","B",null,"M","$","M","?","$","E","R","?","T","M","M","$","R","?","R","B",null,"M","$","M"],"character_chosen":"THE_SILENT","items_purchased":["Reflex"],"gold_per_floor":[19,19,32,50,61,61,61,61,61,61,79,79,108,33,33,137,137,155,55,75,75,75,105,105,105,105,124,142,17,17,17,17,122,122,137,70,90,90],"floor_reached":38,"campfire_rested":0,"playtime":2174,"current_hp_per_floor":[70,70,70,70,70,70,70,70,70,70,65,65,47,47,47,44,70,63,63,56,56,56,52,52,52,52,52,52,52,52,36,36,26,70,39,39,14,0],"items_purged":["Defend_G","Bane","Choke"],"gold":90,"score":412,"play_id":"5fe02773-5c02-4280-a56d-163f4472d680","local_time":"20180418113920","is_prod":false,"is_daily":false,"chose_seed":false,"is_ascension_mode":true,"campfire_upgraded":8,"timestamp":1524076760,"path_taken":["M","?","M","M","?","R","$","R","T","R","M","R","E","$","R","BOSS","M","$","M","?","$","E","R","?","T","M","M","$","R","?","R","BOSS","M","$","M","M"],"build_version":"2018-04-12","seed_source_timestamp":170825199153392,"purchased_purges":3,"victory":false,"master_deck":["Survivor+1","Neutralize+1","Heel Hook+1","Phantasmal Killer+1","Finisher+1","Well Laid Plans+1","Sucker Punch+1","Calculated Gamble","PiercingWail","Backflip+1","PiercingWail","Outmaneuver+1","Prepared+1","Adrenaline","Reflex","Flying Knee+1"],"max_hp_per_floor":[70,70,70,70,70,70,70,70,70,70,70,70,70,70,70,70,70,70,70,70,70,70,70,70,70,70,70,70,70,70,70,70,70,70,70,70,70,70],"relics":["Ring of the Snake","Molten Egg 2","Mercury Hourglass","Pandora\u0027s Box","Ancient Tea Set","Frozen Egg 2","Nilry\u0027s Codex","Runic Dome"],"card_choices":[{"not_picked":["Catalyst","Predator"],"picked":"Finisher","floor":3},{"not_picked":["Dagger Spray","Leg Sweep"],"picked":"Well Laid Plans","floor":4},{"not_picked":["Choke","Dagger Spray"],"picked":"Outmaneuver","floor":23},{"not_picked":["PiercingWail","Night Terror"],"picked":"Prepared","floor":28},{"not_picked":["Storm of Steel","Doppelganger"],"picked":"Adrenaline","floor":33},{"not_picked":["Sucker Punch","Dagger Spray"],"picked":"Flying Knee","floor":37}],"player_experience":91336,"potions_floor_usage":[13,16,23,23,33,33],"damage_taken":[{"damage":0,"enemies":"Small Slimes","floor":1,"turns":6},{"damage":0,"enemies":"Jaw Worm","floor":3,"turns":4},{"damage":0,"enemies":"Cultist","floor":4,"turns":3},{"damage":0,"enemies":"Blue Slaver","floor":5,"turns":2},{"damage":5,"enemies":"Large Slime","floor":11,"turns":9},{"damage":18,"enemies":"Lagavulin","floor":13,"turns":4},{"damage":3,"enemies":"Slime Boss","floor":16,"turns":9},{"damage":7,"enemies":"Chosen","floor":18,"turns":3},{"damage":7,"enemies":"2 Thieves","floor":20,"turns":3},{"damage":10,"enemies":"Gremlin Leader","floor":23,"turns":4},{"damage":0,"enemies":"Snake Plant","floor":27,"turns":3},{"damage":0,"enemies":"Snecko","floor":28,"turns":3},{"damage":10,"enemies":"Collector","floor":33,"turns":5},{"damage":31,"enemies":"3 Shapes","floor":35,"turns":4},{"damage":25,"enemies":"3 Darklings","floor":37,"turns":4},{"damage":31,"enemies":"4 Shapes","floor":38,"turns":3}],"event_choices":[{"event_name":"The Cleric","player_choice":"Leave","floor":2,"damage_taken":0},{"event_name":"Addict","player_choice":"Ignored","floor":21,"damage_taken":0},{"event_name":"Ghosts","player_choice":"Ignored","floor":25,"damage_taken":0},{"event_name":"Cursed Tome","player_choice":"Obtained Book","floor":31,"damage_taken":0}],"boss_relics":[{"not_picked":["Black Star","Velvet Choker"],"picked":"Pandora\u0027s Box"},{"not_picked":["Philosopher\u0027s Stone","White Beast Statue"],"picked":"Runic Dome"}],"potions_floor_spawned":[4,13,16,18,27,28],"seed_played":"2736520996288810825","killed_by":"4 Shapes","ascension_level":1,"is_trial":false}