{"path_per_floor":["M","M","M","M","M","E","M","$","T","E","R","?","R","M","R","B",null,"M","?","$","M","M","E","M"],"character_chosen":"THE_SILENT","items_purchased":["Footwork","Bandage Up","Escape Plan"],"gold_per_floor":[213,225,245,256,272,303,322,70,97,124,124,124,124,142,142,242,242,182,182,6,22,39,71,82,82],"floor_reached":25,"campfire_rested":1,"playtime":1537,"current_hp_per_floor":[70,70,68,65,60,44,39,39,39,37,37,23,59,63,63,49,70,58,45,45,32,53,23,29,0],"items_purged":["Strike_G","Strike_G"],"gold":82,"score":235,"play_id":"e7122abd-b56a-4ded-800e-f8154d694b57","local_time":"20180403214308","is_prod":false,"is_daily":false,"is_ascension_mode":false,"campfire_upgraded":2,"timestamp":1522784588,"path_taken":["M","M","M","M","M","E","M","$","T","E","R","?","R","M","R","BOSS","M","?","$","M","M","E","M","?"],"build_version":"2018-03-29","purchased_purges":2,"victory":false,"master_deck":["Defend_G","Defend_G","Defend_G","Defend_G","Defend_G","Strike_G","Strike_G","Strike_G","Survivor","Neutralize","Terror","Noxious Fumes+1","Noxious Fumes+1","Footwork+1","Bandage Up+1","Escape Plan","Catalyst","Backflip","Prepared+1"],"max_hp_per_floor":[70,70,70,70,70,70,70,70,70,70,70,70,70,70,70,70,70,70,75,75,75,75,75,75,75],"relics":["Ring of the Snake","Regal Pillow","Snake Skull","Anchor","Sozu","Bronze Scales"],"card_choices":[{"not_picked":["Calculated Gamble","Slice"],"picked":"Terror","floor":2},{"not_picked":["Dodge and Roll","Backflip"],"picked":"Noxious Fumes","floor":3},{"not_picked":["Terror","Dagger Spray"],"picked":"Noxious Fumes","floor":5},{"not_picked":["Outmaneuver","Leg Sweep"],"picked":"Catalyst","floor":22},{"not_picked":["Deflect","Calculated Gamble"],"picked":"Backflip","floor":23},{"not_picked":["Underhanded Strike","Sucker Punch"],"picked":"Prepared","floor":24}],"player_experience":40703,"potions_floor_usage":[6,16,22,22],"damage_taken":[{"damage":0,"enemies":"2 Louse","floor":1,"turns":3},{"damage":0,"enemies":"Jaw Worm","floor":2,"turns":5},{"damage":2,"enemies":"Small Slimes","floor":3,"turns":6},{"damage":3,"enemies":"Blue Slaver","floor":4,"turns":4},{"damage":5,"enemies":"3 Louse","floor":5,"turns":5},{"damage":16,"enemies":"3 Sentries","floor":6,"turns":7},{"damage":5,"enemies":"Red Slaver","floor":7,"turns":4},{"damage":6,"enemies":"Lagavulin","floor":10,"turns":6},{"damage":2,"enemies":"Large Slime","floor":14,"turns":5},{"damage":20,"enemies":"The Guardian","floor":16,"turns":9},{"damage":12,"enemies":"2 Thieves","floor":18,"turns":4},{"damage":19,"enemies":"3 Byrds","floor":21,"turns":4},{"damage":0,"enemies":"Snecko","floor":22,"turns":6},{"damage":36,"enemies":"Gremlin Leader","floor":23,"turns":6},{"damage":0,"enemies":"Snake Plant","floor":24,"turns":5},{"damage":40,"enemies":"Cultist and Chosen","floor":25,"turns":3}],"event_choices":[{"event_name":"Shining Light","player_choice":"Entered Light","floor":12,"damage_taken":0},{"event_name":"Forgotten Altar","player_choice":"Shed Blood","floor":19,"damage_taken":0}],"boss_relics":[{"not_picked":["Philosopher\u0027s Stone","The Specimen"],"picked":"Sozu"}],"potions_floor_spawned":[1,5,6,7,10,21,23],"seed_played":"-8392567195211336976","killed_by":"Cultist and Chosen","ascension_level":0,"is_trial":false}