{"path_per_floor":["M","M","?","?","$","E","R","E","T","M","M","R","M","?","R","B",null,"M","M","$","M","M","R","$","?","T","?","R","E","R","M","R","B",null,"M","?","?","?","M"],"character_chosen":"THE_SILENT","items_purchased":["Flying Knee","Leg Sweep","Footwork"],"gold_per_floor":[115,132,207,207,14,55,55,89,89,109,133,133,154,154,154,285,285,308,326,226,249,263,263,57,57,109,109,109,152,152,166,166,286,286,310,310,410,410,428,428],"floor_reached":40,"campfire_rested":3,"playtime":4423,"current_hp_per_floor":[69,65,54,54,54,31,31,18,18,18,17,38,38,35,35,17,70,70,70,70,46,19,40,40,40,40,40,40,28,49,43,43,4,70,68,68,68,68,48,0],"items_purged":["Injury","Strike_G","Strike_G"],"gold":428,"score":414,"play_id":"729bb5f8-9d18-40ad-bf9a-c658fe9865b0","local_time":"20180403211644","is_prod":false,"is_daily":false,"is_ascension_mode":false,"campfire_upgraded":4,"timestamp":1522783004,"path_taken":["M","M","?","?","$","E","R","E","T","M","M","R","M","?","R","BOSS","M","M","$","M","M","R","$","?","T","?","R","E","R","?","R","BOSS","M","?","?","?","M","E"],"build_version":"2018-03-29","purchased_purges":4,"victory":false,"master_deck":["Defend_G","Defend_G","Defend_G","Defend_G","Defend_G","Strike_G","Strike_G+1","Survivor","Neutralize","Backflip","Dagger Throw","Flying Knee","Leg Sweep+1","Venomology","Calculated Gamble","Escape Plan","Caltrops+1","Adrenaline+1","Malaise","Malaise","Flying Knee","Backflip","Skewer+1","Prepared+1","Predator+1","Well Laid Plans+1","Footwork+1","Bullet Time","Caltrops+1","PiercingWail+1"],"max_hp_per_floor":[70,70,70,70,70,70,70,70,70,70,70,70,70,70,70,70,70,70,70,70,70,70,70,70,70,70,70,70,70,70,70,70,70,70,70,70,70,70,70,70],"relics":["Ring of the Snake","Golden Idol","Calipers","Centennial Puzzle","Ginger","Dream Catcher","Orrery","Whetstone","Blood Vial"],"card_choices":[{"not_picked":["Outmaneuver","Crippling Poison"],"picked":"Backflip","floor":1.0},{"not_picked":["All Out Attack","Blur"],"picked":"Dagger Throw","floor":2.0},{"not_picked":["Crippling Poison","Acrobatics"],"picked":"Venomology","floor":6.0},{"not_picked":["Poisoned Stab","Sucker Punch"],"picked":"Calculated Gamble","floor":10.0},{"not_picked":["Blade Dance","Deflect"],"picked":"Escape Plan","floor":11.0},{"not_picked":["Dodge and Roll","Malaise"],"picked":"Caltrops","floor":13.0},{"not_picked":["After Image","Venomology"],"picked":"Adrenaline","floor":16.0},{"not_picked":["Dagger Spray","Acrobatics"],"picked":"Malaise","floor":17.0},{"not_picked":["Reflex","Deadly Poison"],"picked":"Malaise","floor":17.0},{"not_picked":["Acrobatics","PiercingWail"],"picked":"Flying Knee","floor":17.0},{"not_picked":["Underhanded Strike","Quick Slash"],"picked":"Backflip","floor":17.0},{"not_picked":["All Out Attack","Blade Dance"],"picked":"Skewer","floor":17.0},{"not_picked":["Dash","Dagger Throw"],"picked":"Prepared","floor":18.0},{"not_picked":["Wraith Form","Leg Sweep"],"picked":"Predator","floor":21.0},{"not_picked":["Prepared","Dagger Throw"],"picked":"Well Laid Plans","floor":22.0},{"not_picked":["Unload","Doppelganger"],"picked":"Bullet Time","floor":33.0},{"not_picked":["Deflect","Acrobatics"],"picked":"Caltrops","floor":35},{"not_picked":["Blade Dance","Backstab"],"picked":"PiercingWail","floor":39}],"player_experience":36280,"potions_floor_usage":[40,40,40],"damage_taken":[{"damage":1.0,"enemies":"2 Louse","floor":1.0,"turns":5.0},{"damage":4.0,"enemies":"Cultist","floor":2.0,"turns":5.0},{"damage":23.0,"enemies":"Gremlin Nob","floor":6.0,"turns":5.0},{"damage":13.0,"enemies":"Lagavulin","floor":8.0,"turns":9.0},{"damage":0.0,"enemies":"Small Slimes","floor":10.0,"turns":3.0},{"damage":1.0,"enemies":"Blue Slaver","floor":11.0,"turns":4.0},{"damage":0.0,"enemies":"2 Fungi Beasts","floor":13.0,"turns":4.0},{"damage":18.0,"enemies":"Slime Boss","floor":16.0,"turns":9.0},{"damage":0.0,"enemies":"3 Byrds","floor":18.0,"turns":5.0},{"damage":0.0,"enemies":"Shell Parasite","floor":19.0,"turns":6.0},{"damage":24.0,"enemies":"Cultist and Chosen","floor":21.0,"turns":10.0},{"damage":27.0,"enemies":"Centurion and Healer","floor":22.0,"turns":11.0},{"damage":24.0,"enemies":"Slavers","floor":29.0,"turns":5.0},{"damage":8.0,"enemies":"Chosen and Byrds","floor":31.0,"turns":9.0},{"damage":41.0,"enemies":"Collector","floor":33.0,"turns":22.0},{"damage":2,"enemies":"Orb Walker","floor":35,"turns":4},{"damage":22,"enemies":"3 Shapes","floor":39,"turns":7},{"damage":52,"enemies":"Giant Head","floor":40,"turns":8}],"event_choices":[{"event_name":"World of Goop","player_choice":"Gather Gold","floor":3.0,"damage_taken":0.0},{"event_name":"Golden Idol","player_choice":"Take Wound","floor":4.0,"damage_taken":0.0},{"event_name":"Scrap Ooze","player_choice":"success","floor":14.0,"damage_taken":3.0},{"event_name":"Addict","player_choice":"Ignored","floor":25.0,"damage_taken":0.0},{"event_name":"Cursed Tome","player_choice":"Ignored","floor":27.0,"damage_taken":0.0},{"event_name":"Golden Shrine","player_choice":"Pray","floor":37,"damage_taken":0},{"event_name":"Tomb of Lord Red Mask","player_choice":"Ignored","floor":38,"damage_taken":0}],"boss_relics":[{"not_picked":["Runic Dome","Calling Bell","Velvet Choker"]}],"potions_floor_spawned":[8,11,16,19,22,39],"seed_played":"442906862647829292","killed_by":"Giant Head","ascension_level":0,"is_trial":false}