{"path_per_floor":["M","?","M","?","M","R","M","M","T","M","M","?","M","?","R","B",null,"M","?","$","?","M","R","M","M","T","?","M","?","$","T","R"],"character_chosen":"THE_SILENT","items_purchased":["Centennial Puzzle","Phantasmal Killer"],"gold_per_floor":[116,116,131,131,146,146,165,178,204,223,241,320,336,336,336,431,431,447,447,185,185,201,201,214,227,253,253,269,269,52,52,52],"floor_reached":33,"campfire_rested":3,"playtime":4345,"current_hp_per_floor":[69,69,65,51,51,51,46,46,46,44,26,26,20,20,41,30,70,68,68,68,52,42,63,61,38,38,38,18,9,9,9,31],"items_purged":["Writhe"],"gold":52,"play_id":"bac0a16a-2e77-4901-b1ca-e6094e4e58f4","is_prod":false,"is_daily":false,"campfire_rituals":0,"campfire_upgraded":1,"is_hardmode":false,"path_taken":["M","?","M","?","?","R","M","M","T","M","M","?","M","?","R","BOSS","M","?","$","?","M","R","M","M","T","?","M","?","?","?","R","BOSS"],"build_version":"2018-01-11-PROD2","purchased_purges":1,"victory":false,"master_deck":["Defend_G","Defend_G","Defend_G","Defend_G","Defend_G","Strike_G","Strike_G","Strike_G","Strike_G","Strike_G","Survivor","Neutralize","Heel Hook","Choke","Infinite Blades","Prepared","Predator","Infinite Blades","Choke","Flying Knee","Venomology","Backflip","Venomology","Necronomicurse","Blur","Quick Slash","Leg Sweep","Outmaneuver","Phantasmal Killer"],"max_hp_per_floor":[70,70,70,70,70,70,70,70,70,70,70,70,70,70,70,70,70,70,70,70,70,70,70,70,70,70,70,70,75,75,75,75],"relics":["Ring of the Snake","Lantern","Bronze Scales","Snecko Eye","Centennial Puzzle","Necronomicon","Juzu Bracelet","Mummified Hand","Pen Nib"],"campfire_meditates":0,"card_choices":[{"not_picked":["After Image","Escape Plan"],"picked":"Heel Hook"},{"not_picked":["Poisoned Stab","Deflect"],"picked":"Choke"},{"not_picked":["Leg Sweep","Malaise"],"picked":"Infinite Blades"},{"not_picked":["Dagger Spray","Dagger Throw"],"picked":"Prepared"},{"not_picked":["Prepared","PiercingWail"],"picked":"Predator"},{"not_picked":["Skewer","Blur"],"picked":"Infinite Blades"},{"not_picked":["Prepared","After Image"],"picked":"Choke"},{"not_picked":["Caltrops","Quick Slash"],"picked":"Flying Knee"},{"not_picked":["Phantasmal Killer","After Image"],"picked":"Venomology"},{"not_picked":["Dagger Throw","Prepared"],"picked":"Backflip"},{"not_picked":["Choke","Dagger Throw"],"picked":"Blur"},{"not_picked":["Dodge and Roll","Adrenaline"],"picked":"Quick Slash"},{"not_picked":["Malaise","Dagger Spray"],"picked":"Leg Sweep"},{"not_picked":["Acrobatics","Deflect"],"picked":"Outmaneuver"}],"player_experience":5032,"potions_floor_usage":[16,18,22,24,28,33,33,33],"damage_taken":[{"damage":1,"enemies":"Cultist","floor":1,"turns":4},{"damage":4,"enemies":"Blue Slaver","floor":3,"turns":5},{"damage":0,"enemies":"Jaw Worm","floor":5,"turns":2},{"damage":5,"enemies":"2 Fungi Beasts","floor":7,"turns":3},{"damage":0,"enemies":"Large Slime","floor":8,"turns":3},{"damage":2,"enemies":"Looter","floor":10,"turns":3},{"damage":18,"enemies":"Exordium Thugs","floor":11,"turns":4},{"damage":6,"enemies":"2 Fungi Beasts","floor":13,"turns":3},{"damage":11,"enemies":"Hexaghost","floor":16,"turns":8},{"damage":2,"enemies":"Shell Parasite","floor":18,"turns":2},{"damage":10,"enemies":"2 Thieves","floor":22,"turns":3},{"damage":2,"enemies":"Snecko","floor":24,"turns":3},{"damage":23,"enemies":"3 Cultists","floor":25,"turns":5},{"damage":20,"enemies":"Chosen and Byrds","floor":28,"turns":3},{"damage":32,"enemies":"Automaton","floor":33,"turns":6}],"event_choices":[{"event_name":"Accursed Blacksmith","player_choice":"Forge","floor":2,"damage_taken":0},{"event_name":"Shining Light","player_choice":"Entered Light","floor":4,"damage_taken":0},{"event_name":"Golden Wing","player_choice":"Gained Gold","floor":12,"damage_taken":0},{"event_name":"Wheel of Change","player_choice":"Relic","floor":14,"damage_taken":0},{"event_name":"Duplicator","player_choice":"One dupe","floor":19,"damage_taken":0},{"event_name":"Cursed Tome","player_choice":"Obtained Book","floor":21,"damage_taken":0},{"event_name":"The Mausoleum","player_choice":"Yes","floor":27,"damage_taken":0},{"event_name":"Forgotten Altar","player_choice":"Shed Blood","floor":29,"damage_taken":0}],"boss_relics":[{"not_picked":["Velvet Choker","Eternal Feather"],"picked":"Snecko Eye"}],"potions_floor_spawned":[1,3,5,11,16,18,22,24],"seed_played":"7778881718077718330","killed_by":"Automaton","is_trial":false}