{"path_per_floor":["M","?","$","M","M","R","E","R","T","?","M","R","$","M","R","B",null,"M","?","$","?"],"character_chosen":"THE_SILENT","items_purchased":["Well Laid Plans","Tough Bandages","Regal Pillow","Underhanded Strike"],"gold_per_floor":[362,362,252,272,283,283,316,316,616,616,626,626,368,380,380,484,484,495,495,300,300],"floor_reached":22,"campfire_rested":3,"playtime":2513,"current_hp_per_floor":[35,35,35,35,34,55,34,55,55,55,50,50,50,40,61,15,70,46,30,30,30],"items_purged":["Regret"],"gold":300,"play_id":"e17a059d-eda4-42fc-bb6c-e1ad76dc77f5","is_prod":false,"is_daily":false,"campfire_rituals":0,"campfire_upgraded":1,"is_hardmode":false,"path_taken":["M","?","$","M","M","R","E","R","T","?","M","R","$","M","R","BOSS","M","?","$","?","M"],"build_version":"2018-01-18-PROD4","purchased_purges":2,"victory":false,"master_deck":["Defend_G","Defend_G","Defend_G","Defend_G","Defend_G","Strike_G","Strike_G","Strike_G","Strike_G","Strike_G","Survivor","Neutralize","Acrobatics","Well Laid Plans","Acrobatics","Quick Slash","Unload","PiercingWail","Underhanded Strike"],"max_hp_per_floor":[70,70,70,70,70,70,70,70,70,70,70,70,70,70,70,70,70,70,70,70,70],"relics":["Ring of the Snake","Centennial Puzzle","Toxic Egg","Old Coin","Tough Bandages","Black Star","Nilry\u0027s Codex","Regal Pillow"],"campfire_meditates":0,"card_choices":[{"not_picked":["Leg Sweep","Footwork"],"picked":"Acrobatics"},{"not_picked":["Dodge and Roll","Catalyst"],"picked":"Acrobatics"},{"not_picked":["Bane","All Out Attack"],"picked":"Quick Slash"},{"not_picked":["Storm of Steel","Phantasmal Killer"],"picked":"Unload"},{"not_picked":["Well Laid Plans","Acrobatics"],"picked":"PiercingWail"}],"player_experience":182871,"potions_floor_usage":[],"damage_taken":[{"damage":0.0,"enemies":"2 Louse","floor":1.0,"turns":2.0},{"damage":0.0,"enemies":"Jaw Worm","floor":4.0,"turns":4.0},{"damage":1.0,"enemies":"Small Slimes","floor":5.0,"turns":4.0},{"damage":36.0,"enemies":"3 Sentries","floor":7.0,"turns":13.0},{"damage":5.0,"enemies":"Red Slaver","floor":11.0,"turns":6.0},{"damage":10.0,"enemies":"Exordium Thugs","floor":14.0,"turns":4.0},{"damage":46.0,"enemies":"Slime Boss","floor":16.0,"turns":20.0},{"damage":24.0,"enemies":"Spheric Guardian","floor":18.0,"turns":10.0},{"damage":0,"enemies":"2 Thieves","floor":22,"turns":1}],"event_choices":[{"event_name":"Big Fish","player_choice":"Box","floor":2.0,"damage_taken":0.0},{"event_name":"The Woman in Blue","player_choice":"Bought 0 Potions","floor":10.0,"damage_taken":0.0},{"event_name":"Cursed Tome","player_choice":"Obtained Book","floor":19.0,"damage_taken":0.0},{"event_name":"Back to Basics","player_choice":"Simplicity","floor":21,"damage_taken":0}],"boss_relics":[],"potions_floor_spawned":[4,5,11,14,18],"seed_played":"3175968108720015060","killed_by":"2 Thieves","is_trial":false}