{"path_per_floor":["M","?","$","?","M","R","$","M","T","?","M","M","?","M","R","B",null,"M","$","M","?","?","R","M","R","T","R","M","$","M","$","R","B",null,"M","$","M","?","?","R","M","$","T","M","R","M","?","M","R"],"character_chosen":"THE_SILENT","items_purchased":["Mercury Hourglass","Noxious Fumes","Prayer Wheel"],"gold_per_floor":[109,109,34,34,51,51,51,66,112,112,127,140,165,180,180,277,307,317,64,77,77,77,77,91,91,91,91,109,109,124,124,124,220,220,240,14,25,25,0,0,12,12,12,30,30,44,44,57,57],"floor_reached":50,"campfire_rested":6,"playtime":4682,"current_hp_per_floor":[66,66,66,66,61,61,61,57,57,57,59,61,56,58,58,33,75,70,70,60,51,51,75,59,80,80,80,56,56,58,58,80,40,80,49,49,29,29,29,53,37,37,37,18,42,22,22,17,41],"items_purged":["Doubt"],"gold":57,"play_id":"6c4599fd-aec5-46cf-b4ed-5ab480accd82","is_prod":false,"is_daily":false,"campfire_rituals":0,"campfire_upgraded":3,"is_hardmode":false,"path_taken":["M","?","$","?","M","R","?","M","T","?","?","M","?","M","R","BOSS","M","$","M","?","?","R","M","R","T","R","M","$","?","$","R","BOSS","M","$","M","?","?","R","M","?","T","M","R","?","?","M","R","BOSS"],"build_version":"2018-01-18-PROD4","purchased_purges":1,"victory":false,"master_deck":["Defend_G","Defend_G","Defend_G","Defend_G","Defend_G","Strike_G","Strike_G","Strike_G","Survivor","Neutralize","Bullet Time","Noxious Fumes","Poisoned Stab","Bouncing Flask","Bouncing Flask","PiercingWail","Wraith Form","Deadly Poison","Bane","Well Laid Plans","Noxious Fumes","PiercingWail"],"max_hp_per_floor":[70,70,70,70,70,70,70,70,70,70,70,70,70,70,70,70,75,75,75,75,80,80,80,80,80,80,80,80,80,80,80,80,80,80,80,80,80,80,80,80,80,80,80,80,80,80,80,80,80],"relics":["Ring of the Snake","Blood Vial","Odd Mushroom","Tiny House","Mercury Hourglass","War Paint","Lizard Tail","Prayer Wheel","Red Mask","Ginger"],"campfire_meditates":0,"card_choices":[{"not_picked":["Night Terror","Die Die Die"],"picked":"Bullet Time"},{"not_picked":["Dodge and Roll","Accuracy"],"picked":"Noxious Fumes"},{"not_picked":["Heel Hook","Masterful Stab"],"picked":"Poisoned Stab"},{"not_picked":["Terror","Deflect"],"picked":"Bouncing Flask"},{"not_picked":["Poisoned Stab","Cloak And Dagger"],"picked":"Bouncing Flask"},{"not_picked":["Underhanded Strike","Endless Agony"],"picked":"PiercingWail"},{"not_picked":["Backstab","Prepared"],"picked":"PiercingWail"},{"not_picked":["After Image","Die Die Die"],"picked":"Wraith Form"},{"not_picked":["Footwork","Quick Slash"],"picked":"Deadly Poison"},{"not_picked":["Blade Dance","Quick Slash"],"picked":"Bane"},{"not_picked":["Leg Sweep","Doppelganger"],"picked":"Well Laid Plans"},{"not_picked":["Prepared","Caltrops"],"picked":"PiercingWail"}],"player_experience":152642,"potions_floor_usage":[33,44,48,50],"damage_taken":[{"damage":4.0,"enemies":"Cultist","floor":1.0,"turns":5.0},{"damage":5.0,"enemies":"2 Louse","floor":5.0,"turns":3.0},{"damage":4.0,"enemies":"Small Slimes","floor":8.0,"turns":3.0},{"damage":0.0,"enemies":"2 Fungi Beasts","floor":11.0,"turns":4.0},{"damage":0.0,"enemies":"Lots of Slimes","floor":12.0,"turns":3.0},{"damage":7.0,"enemies":"The Mushroom Lair","floor":13.0,"turns":4.0},{"damage":0.0,"enemies":"Exordium Wildlife","floor":14.0,"turns":3.0},{"damage":41.0,"enemies":"Slime Boss","floor":16.0,"turns":10.0},{"damage":5.0,"enemies":"Spheric Guardian","floor":18.0,"turns":4.0},{"damage":12.0,"enemies":"3 Byrds","floor":20.0,"turns":4.0},{"damage":18.0,"enemies":"Snecko","floor":24.0,"turns":4.0},{"damage":24.0,"enemies":"Slaver and Parasite","floor":28.0,"turns":7.0},{"damage":0,"enemies":"Snake Plant","floor":30,"turns":4},{"damage":40,"enemies":"Champ","floor":33,"turns":11},{"damage":31,"enemies":"3 Darklings","floor":35,"turns":6},{"damage":22,"enemies":"Orb Walker","floor":37,"turns":4},{"damage":18,"enemies":"Maw","floor":41,"turns":8},{"damage":21,"enemies":"3 Darklings","floor":44,"turns":5},{"damage":22,"enemies":"Sphere and 2 Shapes","floor":46,"turns":6},{"damage":54,"enemies":"4 Shapes","floor":48,"turns":5},{"damage":44,"enemies":"Donu and Deca","floor":50,"turns":4}],"event_choices":[{"event_name":"Living Wall","player_choice":"Grow","floor":2.0,"damage_taken":0.0},{"event_name":"Purifier","player_choice":"One Purge","floor":4.0,"damage_taken":0.0},{"event_name":"The Cleric","player_choice":"Leave","floor":10.0,"damage_taken":0.0},{"event_name":"Mushrooms","player_choice":"Fought Mushrooms","floor":13.0,"damage_taken":0.0},{"event_name":"Forgotten Altar","player_choice":"Shed Blood","floor":21.0,"damage_taken":0.0},{"event_name":"Bonfire Elementals","player_choice":"BASIC","floor":22.0,"damage_taken":0.0},{"event_name":"Tomb of Lord Red Mask","player_choice":"Paid","floor":39,"damage_taken":0},{"event_name":"Mysterious Sphere","player_choice":"Ignore","floor":47,"damage_taken":0}],"boss_relics":[{"not_picked":["Snecko Eye","Philosopher\u0027s Stone"],"picked":"Lizard Tail"}],"potions_floor_spawned":[5,8,12,13,18,20,30,35,37,44],"seed_played":"-2641598097275092783","killed_by":"Donu and Deca","is_trial":false}