{"path_per_floor":["M","?","$","M","?","R","E","R","T","$","E","R","M","M","R","B",null,"M","M","?","M","?","R","$","?","T","E","M","?","T","M","R"],"character_chosen":"THE_SILENT","items_purchased":["Choke","Accuracy","Meat on the Bone","Accuracy"],"gold_per_floor":[110,110,39,56,231,231,258,258,283,1,32,32,51,65,65,162,162,174,190,190,205,205,205,58,58,140,170,188,188,267,280,280],"floor_reached":33,"campfire_rested":6,"playtime":1962,"current_hp_per_floor":[70,63,63,54,54,70,29,50,50,50,21,42,38,44,65,14,70,49,43,66,45,36,58,58,58,58,48,40,40,40,21,58],"items_purged":["Doubt"],"gold":280,"play_id":"f456d656-bc53-4904-b3c0-2e3caf97ee74","is_prod":false,"is_daily":false,"campfire_rituals":0,"campfire_upgraded":0,"is_hardmode":false,"path_taken":["M","?","$","M","?","R","E","R","T","$","E","R","M","?","R","BOSS","M","M","?","M","?","R","$","?","T","E","M","?","?","M","R","BOSS"],"build_version":"2018-01-18-PROD4","purchased_purges":2,"victory":false,"master_deck":["Defend_G","Defend_G","Defend_G","Defend_G","Defend_G","Strike_G","Strike_G","Strike_G","Survivor","Neutralize","Reflex","Choke","Escape Plan","Accuracy","Blade Dance","Blade Dance","Choke","Burst","Cloak And Dagger","Blade Dance","Accuracy","Pain","Writhe","Injury","Prepared"],"max_hp_per_floor":[70,70,70,70,70,70,70,70,70,70,70,70,70,70,70,70,70,70,70,70,70,75,75,75,75,75,75,75,75,75,75,75],"relics":["Ring of the Snake","Molten Egg","Bag of Marbles","Meat on the Bone","Pen Nib","Cursed Key","Bottled Flame","Bottled Lightning","Regal Pillow","Mummified Hand"],"campfire_meditates":0,"card_choices":[{"not_picked":["Dagger Throw","Cloak And Dagger"],"picked":"Reflex"},{"not_picked":["Flying Knee","Dagger Spray"],"picked":"Escape Plan"},{"not_picked":["Blur","Dodge and Roll"],"picked":"Blade Dance"},{"not_picked":["Bane","PiercingWail"],"picked":"Blade Dance"},{"not_picked":["PiercingWail","Outmaneuver"],"picked":"Choke"},{"not_picked":["Night Terror","A Thousand Cuts"],"picked":"Burst"},{"not_picked":["Slice","Dodge and Roll"],"picked":"Cloak And Dagger"},{"not_picked":["Crippling Poison","Sucker Punch"],"picked":"Blade Dance"},{"not_picked":["Dodge and Roll","Sucker Punch"],"picked":"Prepared"}],"player_experience":185732,"potions_floor_usage":[33],"damage_taken":[{"damage":0.0,"enemies":"2 Louse","floor":1.0,"turns":2.0},{"damage":9.0,"enemies":"Cultist","floor":4.0,"turns":4.0},{"damage":41.0,"enemies":"Gremlin Nob","floor":7.0,"turns":7.0},{"damage":41.0,"enemies":"Lagavulin","floor":11.0,"turns":8.0},{"damage":4.0,"enemies":"Small Slimes","floor":13.0,"turns":3.0},{"damage":6.0,"enemies":"2 Fungi Beasts","floor":14.0,"turns":3.0},{"damage":81.0,"enemies":"Hexaghost","floor":16.0,"turns":10.0},{"damage":21.0,"enemies":"Spheric Guardian","floor":18.0,"turns":5.0},{"damage":6.0,"enemies":"3 Byrds","floor":19.0,"turns":6.0},{"damage":33.0,"enemies":"Sentry and Sphere","floor":21.0,"turns":6.0},{"damage":22.0,"enemies":"Book of Stabbing","floor":27.0,"turns":5.0},{"damage":20.0,"enemies":"Centurion and Healer","floor":28.0,"turns":3.0},{"damage":31.0,"enemies":"Snake Plant","floor":31.0,"turns":2.0},{"damage":80,"enemies":"Champ","floor":33,"turns":11}],"event_choices":[{"event_name":"Golden Wing","player_choice":"Card Removal","floor":2.0,"damage_taken":0.0},{"event_name":"Liars Game","player_choice":"agreed","floor":5.0,"damage_taken":0.0},{"event_name":"The Library","player_choice":"Heal","floor":20.0,"damage_taken":0.0},{"event_name":"Forgotten Altar","player_choice":"Shed Blood","floor":22.0,"damage_taken":0.0},{"event_name":"Back to Basics","player_choice":"Elegance","floor":25.0,"damage_taken":0.0},{"event_name":"The Mausoleum","player_choice":"Yes","floor":29.0,"damage_taken":0.0}],"boss_relics":[],"potions_floor_spawned":[1,7,11,14,18,21,27,31],"seed_played":"7225355713185856412","killed_by":"Champ","is_trial":false}