{"path_per_floor":["M","M","?","?","$","R","E","R","T","?","M","M","$","M","R","B",null,"M","?","?","?","M","R","$","R","T","E","R","M","$","M","R","B",null,"M","M","?","?","M","R","M","R","T","$","M","$","?","M","R"],"character_chosen":"THE_SILENT","items_purchased":["Accuracy","Quick Slash","Accuracy","Blade Dance","Panache","Prepared","Prepared"],"gold_per_floor":[219,231,231,231,110,110,135,135,135,210,223,233,159,176,176,280,280,262,262,262,262,281,281,205,205,232,266,266,281,23,40,40,140,140,156,168,268,268,280,280,299,299,299,153,165,15,15,26,26],"floor_reached":50,"campfire_rested":8,"playtime":7965,"current_hp_per_floor":[70,70,52,52,52,70,31,52,52,41,40,40,40,40,61,14,70,70,70,70,61,61,61,61,61,61,45,67,58,58,55,72,44,72,46,30,30,30,15,51,37,72,72,72,58,58,58,54,72],"items_purged":["Parasite","Normality","Writhe"],"gold":26,"play_id":"ec786e72-c1cb-46c7-919a-05372beaf58e","is_prod":false,"is_daily":false,"campfire_rituals":0,"campfire_upgraded":2,"is_hardmode":false,"path_taken":["M","?","?","?","$","R","E","R","T","?","M","M","?","?","R","BOSS","M","?","?","?","M","R","$","R","T","E","R","?","$","M","R","BOSS","M","M","?","?","?","R","M","R","T","$","M","$","?","M","R","BOSS"],"build_version":"2018-01-18-PROD2","purchased_purges":3,"victory":false,"master_deck":["Defend_G","Defend_G","Defend_G","Defend_G","Defend_G","Strike_G","Strike_G","Strike_G","Strike_G","Strike_G","Survivor","Neutralize","Reflex","Escape Plan","Accuracy","Quick Slash","Cloak And Dagger","Dagger Throw","Tactician","Accuracy","Dagger Throw","Tools of the Trade","Backflip","Well Laid Plans","Blade Dance","Backflip","Prepared","Reflex","Panache","Tools of the Trade","Injury","Accuracy","Acrobatics","Prepared","Acrobatics","Endless Agony","Injury","Prepared","Prepared","Blade Dance"],"max_hp_per_floor":[70,70,70,70,70,70,70,70,70,70,70,70,70,70,70,70,70,70,70,70,75,75,75,75,75,75,75,75,75,72,72,72,72,72,72,72,72,72,72,72,72,72,72,72,72,72,72,72,72],"relics":["Ring of the Snake","Dodecahedron","Oddly Smooth Stone","Tingsha","Cursed Key","Dream Catcher","Mercury Hourglass","Calling Bell","Bag of Preparation","Regal Pillow","Shovel","Toolbox","Spirit Poop"],"campfire_meditates":0,"card_choices":[{"not_picked":["Well Laid Plans","Masterful Stab"],"picked":"Reflex"},{"not_picked":["Slice","Glass Knife"],"picked":"Escape Plan"},{"not_picked":["Flying Knee","Dagger Spray"],"picked":"Cloak And Dagger"},{"not_picked":["Sucker Punch","PiercingWail"],"picked":"Dagger Throw"},{"not_picked":["Skewer","Bane"],"picked":"Tactician"},{"not_picked":["Blur","Flying Knee"],"picked":"Dagger Throw"},{"not_picked":["Die Die Die","A Thousand Cuts"],"picked":"Tools of the Trade"},{"not_picked":["Dagger Spray","Sucker Punch"],"picked":"Backflip"},{"not_picked":["Calculated Gamble","Underhanded Strike"],"picked":"Well Laid Plans"},{"not_picked":["PiercingWail","Calculated Gamble"],"picked":"Backflip"},{"not_picked":["Backflip","Dagger Spray"],"picked":"Prepared"},{"not_picked":["Crippling Poison","Quick Slash"],"picked":"Reflex"},{"not_picked":["Backflip","Sucker Punch"],"picked":"Tools of the Trade"},{"not_picked":["Quick Slash","Slice"],"picked":"Accuracy"},{"not_picked":["Slice","Dagger Throw"],"picked":"Acrobatics"},{"not_picked":["Reflex","A Thousand Cuts"],"picked":"Prepared"},{"not_picked":["Deflect","Bane"],"picked":"Acrobatics"},{"not_picked":["Dagger Spray","Backstab"],"picked":"Endless Agony"},{"not_picked":["Well Laid Plans","Sucker Punch"],"picked":"Blade Dance"}],"player_experience":83090,"potions_floor_usage":[],"damage_taken":[{"damage":0.0,"enemies":"Blue Slaver","floor":1.0,"turns":7.0},{"damage":0.0,"enemies":"Cultist","floor":2.0,"turns":5.0},{"damage":39.0,"enemies":"Lagavulin","floor":7.0,"turns":12.0},{"damage":1.0,"enemies":"Jaw Worm","floor":11.0,"turns":5.0},{"damage":0.0,"enemies":"Large Slime","floor":12.0,"turns":7.0},{"damage":0.0,"enemies":"3 Louse","floor":14.0,"turns":4.0},{"damage":47.0,"enemies":"The Guardian","floor":16.0,"turns":12.0},{"damage":0.0,"enemies":"2 Thieves","floor":18.0,"turns":4.0},{"damage":0.0,"enemies":"Chosen","floor":22.0,"turns":5.0},{"damage":16.0,"enemies":"Slavers","floor":27.0,"turns":7.0},{"damage":9.0,"enemies":"Centurion and Healer","floor":29.0,"turns":5.0},{"damage":3.0,"enemies":"Snake Plant","floor":31.0,"turns":3.0},{"damage":28.0,"enemies":"Champ","floor":33.0,"turns":8.0},{"damage":26.0,"enemies":"3 Shapes","floor":35.0,"turns":5.0},{"damage":16.0,"enemies":"3 Darklings","floor":36.0,"turns":4.0},{"damage":15.0,"enemies":"Sphere and 2 Shapes","floor":39.0,"turns":5.0},{"damage":14.0,"enemies":"4 Shapes","floor":41.0,"turns":5.0},{"damage":14.0,"enemies":"3 Darklings","floor":45.0,"turns":3.0},{"damage":4.0,"enemies":"Sphere and 2 Shapes","floor":48.0,"turns":3.0},{"damage":77,"enemies":"Time Eater","floor":50,"turns":6}],"event_choices":[{"event_name":"Scrap Ooze","player_choice":"success","floor":3.0,"damage_taken":18.0},{"event_name":"Golden Wing","player_choice":"Ignored","floor":4.0,"damage_taken":0.0},{"event_name":"World of Goop","player_choice":"Gather Gold","floor":10.0,"damage_taken":0.0},{"event_name":"Vampires","player_choice":"Ignored","floor":19.0,"damage_taken":0.0},{"event_name":"Back to Basics","player_choice":"Simplicity","floor":20.0,"damage_taken":0.0},{"event_name":"Forgotten Altar","player_choice":"Shed Blood","floor":21.0,"damage_taken":0.0},{"event_name":"Golden Shrine","player_choice":"Pray","floor":37.0,"damage_taken":0.0},{"event_name":"Tomb of Lord Red Mask","player_choice":"Ignored","floor":38.0,"damage_taken":0.0},{"event_name":"Bonfire Elementals","player_choice":"CURSE","floor":47.0,"damage_taken":0.0}],"boss_relics":[],"potions_floor_spawned":[1,12,14,18,33,36,41,48],"seed_played":"-7079264946555963847","killed_by":"Time Eater","is_trial":false}