{"path_per_floor":["M","M","?","M","$","R","M","M","T","M","R","?","?","M","R","B",null,"M","M","?","?"],"character_chosen":"THE_SILENT","items_purchased":["Accuracy","Lantern"],"gold_per_floor":[217,236,236,253,29,29,42,53,103,115,115,172,172,183,183,278,278,268,287,287,287],"floor_reached":22,"campfire_rested":0,"playtime":1905,"current_hp_per_floor":[70,70,70,70,70,70,70,65,65,61,61,70,70,70,70,30,70,53,17,8,8],"items_purged":[],"gold":287,"play_id":"1435aaa7-7586-465c-8470-7b3e5352d8f9","is_prod":false,"is_daily":false,"campfire_rituals":0,"campfire_upgraded":3,"is_hardmode":false,"path_taken":["M","M","?","?","$","R","M","M","T","M","R","?","?","M","R","BOSS","M","M","?","?","M"],"build_version":"2018-01-18-PROD4","purchased_purges":0,"victory":false,"master_deck":["Defend_G","Defend_G","Defend_G","Defend_G","Defend_G","Strike_G","Strike_G","Strike_G","Strike_G","Strike_G","Survivor","Neutralize","Dagger Throw","Flying Knee","Accuracy","Acrobatics","Reflex","Slice","Outmaneuver","A Thousand Cuts","Backstab","Slice","Infinite Blades","Slice"],"max_hp_per_floor":[70,70,70,70,70,70,70,70,70,70,70,70,70,70,70,70,70,70,70,75,75],"relics":["Ring of the Snake","Lantern","Vajra","Juzu Bracelet","Orrery"],"campfire_meditates":0,"card_choices":[{"not_picked":["Dagger Spray","Flying Knee"],"picked":"Dagger Throw"},{"not_picked":["Caltrops","Dash"],"picked":"Flying Knee"},{"not_picked":["Dagger Spray","Riddle With Holes"],"picked":"Acrobatics"},{"not_picked":["Dagger Throw","Dagger Spray"],"picked":"Reflex"},{"not_picked":["Leg Sweep","Poisoned Stab"],"picked":"Slice"},{"not_picked":["Leg Sweep","Poisoned Stab"],"picked":"Outmaneuver"},{"not_picked":["Glass Knife","Storm of Steel"],"picked":"A Thousand Cuts"},{"not_picked":["Dagger Spray","Flying Knee"],"picked":"Backstab"},{"not_picked":["Poisoned Stab","Distraction"],"picked":"Slice"},{"not_picked":["Underhanded Strike","Well Laid Plans"],"picked":"Infinite Blades"},{"not_picked":["Underhanded Strike","Leg Sweep"],"picked":"Slice"}],"player_experience":127221,"potions_floor_usage":[],"damage_taken":[{"damage":0.0,"enemies":"2 Louse","floor":1.0,"turns":4.0},{"damage":0.0,"enemies":"Cultist","floor":2.0,"turns":4.0},{"damage":0.0,"enemies":"Small Slimes","floor":4.0,"turns":3.0},{"damage":0.0,"enemies":"3 Louse","floor":7.0,"turns":4.0},{"damage":5.0,"enemies":"Red Slaver","floor":8.0,"turns":3.0},{"damage":4.0,"enemies":"Large Slime","floor":10.0,"turns":6.0},{"damage":6.0,"enemies":"3 Sentries","floor":12.0,"turns":6.0},{"damage":0.0,"enemies":"3 Louse","floor":14.0,"turns":4.0},{"damage":40.0,"enemies":"The Guardian","floor":16.0,"turns":12.0},{"damage":17.0,"enemies":"2 Thieves","floor":18.0,"turns":4.0},{"damage":36.0,"enemies":"Chosen","floor":19.0,"turns":5.0},{"damage":12,"enemies":"Centurion and Healer","floor":22,"turns":2}],"event_choices":[{"event_name":"The Lab","player_choice":"Got Potions","floor":3.0,"damage_taken":0.0},{"event_name":"Dead Adventurer","player_choice":"Searched \u00272\u0027 times","floor":12.0,"damage_taken":0.0},{"event_name":"The Cleric","player_choice":"Leave","floor":13.0,"damage_taken":0.0},{"event_name":"Forgotten Altar","player_choice":"Shed Blood","floor":20.0,"damage_taken":0.0},{"event_name":"Back to Basics","player_choice":"Simplicity","floor":21.0,"damage_taken":0.0}],"boss_relics":[],"potions_floor_spawned":[2,8,10,14,16,18],"seed_played":"2820875932155654460","killed_by":"Centurion and Healer","is_trial":false}