{"path_per_floor":["M","$","?","?","?","E","R","M","T","R","?","?","M","M","R","B",null,"M","?","M","M","M","$","?","$","T","M","R","M","T","M","R","B",null,"M","?","?","?","$","M","R","$","T","M","M","M","R","?","R"],"character_chosen":"THE_SILENT","items_purchased":["Endless Agony","Panache","Infinite Blades","Well Laid Plans","Master of Strategy","Strawberry"],"gold_per_floor":[110,40,40,40,40,73,73,92,92,92,156,156,172,188,188,286,286,300,300,314,331,350,87,87,10,57,67,67,82,132,148,148,250,250,268,518,518,518,37,55,55,55,128,146,161,180,180,0,0],"floor_reached":50,"campfire_rested":7,"playtime":8703,"current_hp_per_floor":[67,67,67,67,67,42,42,42,42,63,60,46,46,46,67,46,70,66,50,50,43,37,37,37,37,37,36,57,57,57,57,70,57,70,28,28,28,60,67,44,64,64,64,47,20,7,27,27,47],"items_purged":["Pain","Regret"],"gold":0,"play_id":"5c1ec9f2-416c-40d0-bea5-1fe472142e6b","is_prod":false,"is_daily":false,"campfire_rituals":0,"campfire_upgraded":1,"is_hardmode":false,"path_taken":["M","$","?","?","?","E","R","M","T","R","?","?","M","M","R","BOSS","M","?","M","M","M","$","?","?","T","?","R","M","?","M","R","BOSS","M","?","?","?","$","M","R","$","T","M","M","M","R","?","R","BOSS"],"build_version":"2018-01-11-PROD2","purchased_purges":2,"victory":false,"master_deck":["Defend_G","Defend_G","Strike_G","Strike_G","Strike_G","Strike_G","Neutralize","Prepared","Endless Agony","Footwork","Predator","Dagger Throw","Quick Slash","Outmaneuver","Acrobatics","Die Die Die","Dagger Throw","Dagger Throw","Finisher","Infinite Blades","Panache","Necronomicurse","Infinite Blades","Dash","Acrobatics","Outmaneuver","Quick Slash","A Thousand Cuts","Dash","Quick Slash","All Out Attack","Outmaneuver","Well Laid Plans","Master of Strategy","Prepared","Quick Slash","Quick Slash","Infinite Blades","Quick Slash","Outmaneuver"],"max_hp_per_floor":[70,70,70,70,70,70,70,70,70,70,70,70,70,70,70,70,70,70,70,70,70,70,70,70,70,70,70,70,70,70,70,70,70,70,70,70,70,60,67,67,67,67,67,67,67,67,67,67,67],"relics":["Ring of the Snake","Orichalcum","Thread and Needle","Ginger","Bronze Scales","Calling Bell","Centennial Puzzle","Letter Opener","Ancient Tea Set","Necronomicon","Molten Egg","Dream Catcher","Astrolabe","Strawberry","Ninja Scroll","Red Mask"],"campfire_meditates":0,"card_choices":[{"not_picked":["PiercingWail","Poisoned Stab"],"picked":"Prepared"},{"not_picked":["Corpse Explosion","Distraction"],"picked":"Predator"},{"not_picked":["PiercingWail","Bane"],"picked":"Dagger Throw"},{"not_picked":["Backstab","Backflip"],"picked":"Quick Slash"},{"not_picked":["Caltrops","Dagger Throw"],"picked":"Outmaneuver"},{"not_picked":["Distraction","Deflect"],"picked":"Acrobatics"},{"not_picked":["Glass Knife","Doppelganger"],"picked":"Die Die Die"},{"not_picked":["Sucker Punch","Heel Hook"],"picked":"Dagger Throw"},{"not_picked":["Sucker Punch","Bane"],"picked":"Dagger Throw"},{"not_picked":["PiercingWail","Endless Agony"],"picked":"Finisher"},{"not_picked":["Blur","Slice"],"picked":"Infinite Blades"},{"not_picked":["Dagger Spray","Terror"],"picked":"Dash"},{"not_picked":["PiercingWail","Footwork"],"picked":"Acrobatics"},{"not_picked":["Bane","Glass Knife"],"picked":"Outmaneuver"},{"not_picked":["Dagger Throw","Choke"],"picked":"Quick Slash"},{"not_picked":["Wraith Form","Envenom"],"picked":"A Thousand Cuts"},{"not_picked":["Dodge and Roll","Eviscerate"],"picked":"Outmaneuver"},{"not_picked":["Deflect","Deadly Poison"],"picked":"Prepared"},{"not_picked":["Flechettes","Deadly Poison"],"picked":"Quick Slash"},{"not_picked":["Poisoned Stab","Slice"],"picked":"Quick Slash"},{"not_picked":["Bane","Endless Agony"],"picked":"Infinite Blades"},{"not_picked":["All Out Attack","Flying Knee"],"picked":"Quick Slash"},{"not_picked":["Bane","Deadly Poison"],"picked":"Outmaneuver"}],"player_experience":16063,"potions_floor_usage":[50,50,50],"damage_taken":[{"damage":3,"enemies":"Jaw Worm","floor":1,"turns":4},{"damage":25,"enemies":"3 Sentries","floor":6,"turns":13},{"damage":0,"enemies":"Cultist","floor":8,"turns":3},{"damage":3,"enemies":"Gremlin Nob","floor":11,"turns":4},{"damage":0,"enemies":"2 Louse","floor":13,"turns":2},{"damage":0,"enemies":"2 Fungi Beasts","floor":14,"turns":2},{"damage":21,"enemies":"Hexaghost","floor":16,"turns":9},{"damage":4,"enemies":"Chosen","floor":18,"turns":5},{"damage":0,"enemies":"3 Byrds","floor":20,"turns":3},{"damage":7,"enemies":"Centurion and Healer","floor":21,"turns":4},{"damage":6,"enemies":"Snake Plant","floor":22,"turns":3},{"damage":1,"enemies":"3 Cultists","floor":27,"turns":4},{"damage":0,"enemies":"Centurion and Healer","floor":29,"turns":3},{"damage":0,"enemies":"Snake Plant","floor":31,"turns":2},{"damage":13,"enemies":"Automaton","floor":33,"turns":6},{"damage":42,"enemies":"3 Shapes","floor":35,"turns":3},{"damage":23,"enemies":"3 Darklings","floor":40,"turns":5},{"damage":17,"enemies":"Sphere and 2 Shapes","floor":44,"turns":4},{"damage":27,"enemies":"4 Shapes","floor":45,"turns":5},{"damage":13,"enemies":"3 Darklings","floor":46,"turns":3},{"damage":72,"enemies":"Awakened One","floor":50,"turns":7}],"event_choices":[{"event_name":"Transmorgrifier","player_choice":"Transform","floor":3,"damage_taken":0},{"event_name":"Living Wall","player_choice":"Grow","floor":4,"damage_taken":0},{"event_name":"Accursed Blacksmith","player_choice":"Forge","floor":5,"damage_taken":0},{"event_name":"Dead Adventurer","player_choice":"Searched \u00271\u0027 times","floor":11,"damage_taken":0},{"event_name":"Shining Light","player_choice":"Entered Light","floor":12,"damage_taken":0},{"event_name":"Cursed Tome","player_choice":"Obtained Book","floor":19,"damage_taken":0},{"event_name":"Fountain of Cleansing","player_choice":"Removed Curse","floor":24,"damage_taken":0},{"event_name":"Golden Shrine","player_choice":"Desecrate","floor":36,"damage_taken":0},{"event_name":"The Moai Head","player_choice":"Heal","floor":38,"damage_taken":0},{"event_name":"Tomb of Lord Red Mask","player_choice":"Paid","floor":48,"damage_taken":0}],"boss_relics":[{"not_picked":["Cursed Key","Sozu"],"picked":"Calling Bell"},{"not_picked":["Tiny House","Orrery"],"picked":"Astrolabe"}],"potions_floor_spawned":[8,11,14,16,22,27,29,46],"seed_played":"7834055793409363027","killed_by":"Awakened One","is_trial":false}