{"path_per_floor":["M","M","M","$","?","E","R","M","T","E","M","?","R","M","R","B",null,"M","?","M","?","M","E","R","?","T","M","M","$","M","$","R","B",null,"M","$","?","$","M","M","R","M","T","R","?","M","$","?","R"],"character_chosen":"THE_SILENT","items_purchased":["Meat on the Bone","Noxious Fumes","Burst","Well Laid Plans","Catalyst","PiercingWail"],"gold_per_floor":[361,372,385,62,27,60,60,80,80,113,133,208,208,223,223,322,322,334,334,353,268,284,312,312,312,383,395,414,162,180,33,33,128,128,142,92,92,42,59,79,79,97,122,122,122,136,41,41,41],"floor_reached":50,"campfire_rested":7,"playtime":5455,"current_hp_per_floor":[52,48,43,43,60,41,62,49,49,46,46,35,56,43,64,34,70,55,55,51,51,60,55,55,55,55,55,33,33,25,25,46,41,70,44,44,44,44,36,43,64,45,45,66,66,59,59,59,70],"items_purged":["Pain","Strike_G","Normality","Normality","Writhe"],"gold":41,"play_id":"2989b4d2-c8b3-4f68-a910-4b6acbdbfec1","is_prod":false,"is_daily":false,"campfire_rituals":0,"campfire_upgraded":0,"is_hardmode":false,"path_taken":["M","?","M","$","?","E","R","M","T","E","M","?","R","M","R","BOSS","M","?","M","?","?","E","R","?","T","?","?","$","?","$","R","BOSS","M","$","?","?","M","M","R","M","T","R","?","M","$","?","R","BOSS"],"build_version":"2018-01-18-PROD4","purchased_purges":6,"victory":false,"master_deck":["Defend_G","Defend_G","Defend_G","Defend_G","Defend_G","Survivor","Neutralize","Poisoned Stab","Bouncing Flask","Bouncing Flask","PiercingWail","Noxious Fumes","Adrenaline","Dodge and Roll","Bane","Catalyst","PiercingWail","Noxious Fumes","Burst","Well Laid Plans","Catalyst","PiercingWail"],"max_hp_per_floor":[70,70,70,70,70,70,70,70,70,70,70,70,70,70,70,70,70,70,70,70,70,70,70,70,70,70,70,70,70,70,70,70,70,70,70,70,70,70,70,70,70,70,70,70,70,70,70,70,70],"relics":["Ring of the Snake","Meat on the Bone","Bag of Marbles","Peace Pipe","Ancient Tea Set","Astrolabe","Prayer Wheel","Smiling Mask","Bottled Lightning","Calling Bell","Gremlin Horn","Anchor","Juzu Bracelet","Omamori"],"campfire_meditates":0,"card_choices":[{"not_picked":["Underhanded Strike","Crippling Poison"],"picked":"Poisoned Stab"},{"not_picked":["Acrobatics","Dagger Spray"],"picked":"Poisoned Stab"},{"not_picked":["Outmaneuver","Deflect"],"picked":"Bouncing Flask"},{"not_picked":["Choke","Outmaneuver"],"picked":"Bouncing Flask"},{"not_picked":["Footwork","Prepared"],"picked":"PiercingWail"},{"not_picked":["Slice","Distraction"],"picked":"Noxious Fumes"},{"not_picked":["Doppelganger","After Image"],"picked":"Adrenaline"}],"player_experience":157324,"potions_floor_usage":[50,50,50],"damage_taken":[{"damage":18.0,"enemies":"Blue Slaver","floor":1.0,"turns":9.0},{"damage":4.0,"enemies":"Cultist","floor":2.0,"turns":4.0},{"damage":5.0,"enemies":"Jaw Worm","floor":3.0,"turns":4.0},{"damage":19.0,"enemies":"Gremlin Nob","floor":6.0,"turns":4.0},{"damage":13.0,"enemies":"2 Fungi Beasts","floor":8.0,"turns":3.0},{"damage":3.0,"enemies":"Lagavulin","floor":10.0,"turns":5.0},{"damage":12.0,"enemies":"Looter","floor":11.0,"turns":3.0},{"damage":13.0,"enemies":"Large Slime","floor":14.0,"turns":5.0},{"damage":42.0,"enemies":"Slime Boss","floor":16.0,"turns":12.0},{"damage":15.0,"enemies":"Shell Parasite","floor":18.0,"turns":5.0},{"damage":4.0,"enemies":"Chosen","floor":20.0,"turns":4.0},{"damage":6.0,"enemies":"Centurion and Healer","floor":22.0,"turns":7.0},{"damage":5.0,"enemies":"Book of Stabbing","floor":23.0,"turns":6.0},{"damage":0.0,"enemies":"Snake Plant","floor":27.0,"turns":4.0},{"damage":34.0,"enemies":"3 Cultists","floor":28.0,"turns":8.0},{"damage":20.0,"enemies":"Snecko","floor":30.0,"turns":6.0},{"damage":5.0,"enemies":"Champ","floor":33.0,"turns":5.0},{"damage":26.0,"enemies":"3 Darklings","floor":35.0,"turns":6.0},{"damage":8.0,"enemies":"3 Shapes","floor":39.0,"turns":7.0},{"damage":5.0,"enemies":"Sphere and 2 Shapes","floor":40.0,"turns":4.0},{"damage":19.0,"enemies":"Maw","floor":42.0,"turns":4.0},{"damage":7.0,"enemies":"3 Darklings","floor":46.0,"turns":5.0},{"damage":76,"enemies":"Awakened One","floor":50,"turns":15}],"event_choices":[{"event_name":"The Cleric","player_choice":"Healed","floor":5.0,"damage_taken":0.0},{"event_name":"World of Goop","player_choice":"Gather Gold","floor":12.0,"damage_taken":0.0},{"event_name":"The Library","player_choice":"Read","floor":19.0,"damage_taken":0.0},{"event_name":"Addict","player_choice":"Obtained Relic","floor":21.0,"damage_taken":0.0},{"event_name":"Beggar","player_choice":"Ignored","floor":25.0,"damage_taken":0.0},{"event_name":"Match and Keep!","player_choice":"0 cards matched","floor":37.0,"damage_taken":0.0},{"event_name":"Mysterious Sphere","player_choice":"Ignore","floor":45.0,"damage_taken":0.0}],"boss_relics":[],"potions_floor_spawned":[6,8,10,11,16,18,20,27,28,30,35,39,42],"seed_played":"-6852690482674729568","killed_by":"Awakened One","is_trial":false}