{"path_per_floor":["M","?","?","M","$","R","E","$","T","?","M","R","?","M","R","B",null,"M","?","$","M","$","R","M","E","T","M","$","M","E","$","R"],"character_chosen":"THE_SILENT","items_purchased":["Choke","Quick Slash","Acrobatics","Backflip","Escape Plan","Endless Agony","Infinite Blades"],"gold_per_floor":[109,109,184,200,78,78,104,55,78,78,96,96,96,108,108,204,204,218,133,82,95,22,22,34,60,108,122,51,64,97,16,16],"floor_reached":33,"campfire_rested":4,"playtime":9624,"current_hp_per_floor":[70,63,52,49,49,70,46,46,46,46,46,67,53,53,53,41,70,59,59,59,48,48,69,60,47,47,30,30,30,18,18,41],"items_purged":[],"gold":16,"play_id":"e78cf1bd-9e74-4d6b-b5ae-abc4bc5dabd0","is_prod":false,"is_daily":false,"campfire_rituals":0,"campfire_upgraded":1,"is_hardmode":false,"path_taken":["M","?","?","?","$","R","E","$","T","?","?","R","?","M","R","BOSS","M","?","?","?","$","R","M","E","T","M","$","M","E","?","R","BOSS"],"build_version":"2018-01-11-PROD2","purchased_purges":0,"victory":false,"master_deck":["Defend_G","Defend_G","Defend_G","Defend_G","Defend_G","Strike_G","Strike_G","Strike_G","Strike_G","Survivor","Neutralize","Dagger Throw","Choke","Quick Slash","Prepared","Acrobatics","Venomology","Prepared","Tactician","Tactician","Slice","Backflip","Reflex","Escape Plan","Flying Knee","Dagger Throw","Endless Agony","Prepared","Burst","Infinite Blades"],"max_hp_per_floor":[70,70,70,70,70,70,70,70,70,70,70,70,70,70,70,70,70,70,70,70,70,70,70,70,77,77,77,77,77,77,77,77],"relics":["Ring of the Snake","War Paint","Toolbox","Tough Bandages","Lantern","Lizard Tail","Snake Skull","Strawberry","Pen Nib","Omamori"],"campfire_meditates":0,"card_choices":[{"not_picked":["Flechettes","Dagger Spray"],"picked":"Dagger Throw"},{"not_picked":["Backflip","Masterful Stab"],"picked":"Prepared"},{"not_picked":["Outmaneuver","All Out Attack"],"picked":"Prepared"},{"not_picked":["Sucker Punch","Masterful Stab"],"picked":"Tactician"},{"not_picked":["Corpse Explosion","Night Terror"],"picked":"Tactician"},{"not_picked":["All Out Attack","Dagger Throw"],"picked":"Slice"},{"not_picked":["Underhanded Strike","Deadly Poison"],"picked":"Reflex"},{"not_picked":["Deadly Poison","Heel Hook"],"picked":"Flying Knee"},{"not_picked":["Deflect","Flying Knee"],"picked":"Dagger Throw"},{"not_picked":["Bane","Backflip"],"picked":"Prepared"},{"not_picked":["Sucker Punch","Doppelganger"],"picked":"Burst"}],"player_experience":63011,"potions_floor_usage":[16,16,18,18,21,24,25,25,27,27,33,33,33,33],"damage_taken":[{"damage":0,"enemies":"Cultist","floor":1,"turns":4},{"damage":3,"enemies":"Jaw Worm","floor":4,"turns":4},{"damage":24,"enemies":"Gremlin Nob","floor":7,"turns":4},{"damage":0,"enemies":"2 Louse","floor":11,"turns":2},{"damage":0,"enemies":"2 Fungi Beasts","floor":14,"turns":2},{"damage":27,"enemies":"The Guardian","floor":16,"turns":13},{"damage":11,"enemies":"Chosen","floor":18,"turns":5},{"damage":11,"enemies":"Spheric Guardian","floor":21,"turns":4},{"damage":9,"enemies":"3 Cultists","floor":24,"turns":6},{"damage":20,"enemies":"Book of Stabbing","floor":25,"turns":5},{"damage":23,"enemies":"Snake Plant","floor":27,"turns":5},{"damage":0,"enemies":"Centurion and Healer","floor":29,"turns":4},{"damage":12,"enemies":"Slavers","floor":30,"turns":5},{"damage":125,"enemies":"Champ","floor":33,"turns":13}],"event_choices":[{"event_name":"Scrap Ooze","player_choice":"success","floor":2,"damage_taken":7},{"event_name":"World of Goop","player_choice":"Gather Gold","floor":3,"damage_taken":0},{"event_name":"Transmorgrifier","player_choice":"Transform","floor":10,"damage_taken":0},{"event_name":"Shining Light","player_choice":"Entered Light","floor":13,"damage_taken":0},{"event_name":"Addict","player_choice":"Obtained Relic","floor":19,"damage_taken":0}],"boss_relics":[{"not_picked":["Runic Dome","Calling Bell"],"picked":"Lizard Tail"}],"potions_floor_spawned":[1,11,16,24,27,30],"seed_played":"3382598956621284159","killed_by":"Champ","is_trial":false}