{"path_per_floor":["M","M","?","?","?","R","E","M","T","R","$","R","M","?","R","B",null,"M","M","?","?","?","R","E","M","T","R","$","M","?","M","R","B",null,"M","?","?","M","M","R","M","R","T","E","M","R","M","$","R","B"],"character_chosen":"THE_SILENT","items_purchased":["Mango","War Paint","Happy Flower","Fire Potion"],"gold_per_floor":[112,131,131,131,131,131,162,183,183,183,183,183,196,196,196,321,321,314,328,328,328,328,328,368,389,389,389,90,109,109,128,128,228,228,245,245,245,258,268,268,286,286,286,316,331,331,349,1,1,1],"floor_reached":51,"campfire_rested":9,"playtime":5999,"current_hp_per_floor":[62,60,60,60,45,63,45,33,33,54,54,54,54,47,68,45,73,53,26,26,26,26,47,33,33,33,54,68,58,58,30,56,52,87,35,35,77,66,63,63,48,71,71,57,40,63,23,23,46,30],"items_purged":[],"gold":1,"play_id":"536ccba4-e16a-4ded-958f-7893d50e54ff","is_prod":false,"is_daily":false,"campfire_rituals":0,"campfire_upgraded":2,"is_hardmode":false,"path_taken":["M","M","?","?","?","R","E","M","T","R","$","R","?","?","R","BOSS","M","M","?","?","?","R","E","M","T","R","$","M","?","M","R","BOSS","M","?","?","M","M","R","M","R","T","E","M","R","M","$","R","BOSS"],"build_version":"2018-01-11-PROD2","purchased_purges":0,"victory":true,"master_deck":["Defend_G","Defend_G","Defend_G","Defend_G","Defend_G","Survivor","Neutralize","Footwork","Noxious Fumes","Bane","Deflect","PiercingWail","Deadly Poison","Poisoned Stab","Burst","Caltrops","Prepared","Noxious Fumes","Catalyst","Bouncing Flask","Night Terror","Noxious Fumes","Poisoned Stab","Catalyst","Adrenaline","Outmaneuver","Catalyst"],"max_hp_per_floor":[63,63,63,63,63,63,73,73,73,73,73,73,73,73,73,73,73,73,73,73,73,73,73,73,73,73,73,87,87,87,87,87,87,87,87,87,77,77,77,77,77,77,77,77,77,77,77,77,77,77],"relics":["Ring of the Snake","Bloody Idol","Pear","Du-Vu Doll","The Specimen","Ginger","Ice Cream","Mango","Orrery","Thread and Needle","Prayer Wheel","War Paint","Happy Flower"],"campfire_meditates":0,"card_choices":[{"not_picked":["Finisher","Predator"],"picked":"Bane"},{"not_picked":["Acrobatics","A Thousand Cuts"],"picked":"PiercingWail"},{"not_picked":["Bane","Catalyst"],"picked":"Deadly Poison"},{"not_picked":["Prepared","Dagger Throw"],"picked":"Poisoned Stab"},{"not_picked":["Phantasmal Killer","Tools of the Trade"],"picked":"Burst"},{"not_picked":["Quick Slash","Dagger Spray"],"picked":"Caltrops"},{"not_picked":["PiercingWail","Terror"],"picked":"Prepared"},{"not_picked":["Outmaneuver","Dagger Spray"],"picked":"Noxious Fumes"},{"not_picked":["Heel Hook","Choke"],"picked":"Catalyst"},{"not_picked":["Acrobatics","Heel Hook"],"picked":"Bouncing Flask"},{"not_picked":["Tools of the Trade","Unload"],"picked":"Night Terror"},{"not_picked":["Poisoned Stab","Bouncing Flask"],"picked":"Noxious Fumes"},{"not_picked":["Outmaneuver","Slice"],"picked":"Poisoned Stab"},{"not_picked":["Outmaneuver","Sucker Punch"],"picked":"Catalyst"},{"not_picked":["Quick Slash","Prepared"],"picked":"Adrenaline"},{"not_picked":["Distraction","Dodge and Roll"],"picked":"Outmaneuver"},{"not_picked":["Dodge and Roll","Bane"],"picked":"Catalyst"}],"player_experience":51469,"potions_floor_usage":[24,44,45,50,50],"damage_taken":[{"damage":1.0,"enemies":"Jaw Worm","floor":1.0,"turns":6.0},{"damage":2.0,"enemies":"Blue Slaver","floor":2.0,"turns":6.0},{"damage":28.0,"enemies":"3 Sentries","floor":7.0,"turns":9.0},{"damage":12.0,"enemies":"Small Slimes","floor":8.0,"turns":4.0},{"damage":0.0,"enemies":"Exordium Thugs","floor":13.0,"turns":4.0},{"damage":23,"enemies":"Slime Boss","floor":16,"turns":11},{"damage":20,"enemies":"2 Thieves","floor":18,"turns":4},{"damage":27,"enemies":"Chosen","floor":19,"turns":7},{"damage":29,"enemies":"Slavers","floor":24,"turns":6},{"damage":0,"enemies":"Centurion and Healer","floor":25,"turns":8},{"damage":10,"enemies":"Sentry and Sphere","floor":29,"turns":5},{"damage":33,"enemies":"Slaver and Parasite","floor":31,"turns":6},{"damage":9,"enemies":"Champ","floor":33,"turns":7},{"damage":57,"enemies":"3 Shapes","floor":35,"turns":5},{"damage":16,"enemies":"Orb Walker","floor":38,"turns":4},{"damage":8,"enemies":"4 Shapes","floor":39,"turns":6},{"damage":20,"enemies":"Maw","floor":41,"turns":5},{"damage":19,"enemies":"Nemesis","floor":44,"turns":7},{"damage":22,"enemies":"Sphere and 2 Shapes","floor":45,"turns":4},{"damage":45,"enemies":"3 Darklings","floor":47,"turns":5},{"damage":31,"enemies":"Awakened One","floor":50,"turns":6}],"event_choices":[{"event_name":"The Lab","player_choice":"Got Potions","floor":3.0,"damage_taken":0.0},{"event_name":"Transmorgrifier","player_choice":"Transform","floor":4.0,"damage_taken":0.0},{"event_name":"Golden Idol","player_choice":"Take Damage","floor":5.0,"damage_taken":0.0},{"event_name":"Golden Wing","player_choice":"Card Removal","floor":14,"damage_taken":0},{"event_name":"Drug Dealer","player_choice":"Ignored","floor":20,"damage_taken":0},{"event_name":"Vampires","player_choice":"Ignored","floor":21,"damage_taken":0},{"event_name":"Back to Basics","player_choice":"Simplicity","floor":22,"damage_taken":0},{"event_name":"Forgotten Altar","player_choice":"Gave Idol","floor":30,"damage_taken":0},{"event_name":"The Moai Head","player_choice":"Heal","floor":37,"damage_taken":0}],"boss_relics":[{"not_picked":["Tiny House","Snecko Eye"],"picked":"The Specimen"},{"not_picked":["Calling Bell","Question Card"],"picked":"Orrery"}],"potions_floor_spawned":[1,2,7,19,31,33,39,44],"seed_played":"-8812036574447498005","is_trial":false}