{"path_per_floor":["M","?","?","?","$","R","M","R","T","M","$","R","E","M","R","B",null,"M","?","M","?","M","R","$","M","T"],"character_chosen":"THE_SILENT","items_purchased":["Poisoned Stab","Noxious Fumes","Well Laid Plans"],"gold_per_floor":[114,114,114,114,63,63,78,78,78,91,18,18,43,55,55,151,151,168,168,187,187,205,205,132,145,145],"floor_reached":27,"campfire_rested":3,"playtime":1630,"current_hp_per_floor":[77,62,62,62,62,62,58,58,58,56,56,77,52,42,65,62,77,48,32,28,28,3,26,26,11,11],"items_purged":[],"gold":145,"play_id":"64812258-dcaf-4648-b11f-645f0a1f91dc","is_prod":false,"is_daily":false,"campfire_rituals":0,"campfire_upgraded":2,"is_hardmode":false,"path_taken":["M","?","?","?","?","R","M","R","T","M","$","R","E","M","R","BOSS","M","?","M","?","M","R","$","M","T","?"],"build_version":"2018-01-18-PROD4","purchased_purges":0,"victory":false,"master_deck":["Defend_G","Defend_G","Defend_G","Defend_G","Defend_G","Strike_G","Strike_G","Strike_G","Strike_G","Survivor","Neutralize","Bane","Regret","Acrobatics","Poisoned Stab","Deadly Poison","PiercingWail","Noxious Fumes","Envenom","Prepared","Catalyst","Well Laid Plans","PiercingWail"],"max_hp_per_floor":[77,77,77,77,77,77,77,77,77,77,77,77,77,77,77,77,77,77,77,77,77,77,77,77,77,77],"relics":["Ring of the Snake","Pantograph","Frozen Eye","Calipers","The Specimen","Nilry\u0027s Codex","Gremlin Horn"],"campfire_meditates":0,"card_choices":[{"not_picked":["Slice","Dodge and Roll"],"picked":"Bane"},{"not_picked":["Sucker Punch","Masterful Stab"],"picked":"Deadly Poison"},{"not_picked":["After Image","Accuracy"],"picked":"PiercingWail"},{"not_picked":["A Thousand Cuts","Storm of Steel"],"picked":"Envenom"},{"not_picked":["Blur","Choke"],"picked":"Prepared"},{"not_picked":["Choke","Underhanded Strike"],"picked":"Catalyst"},{"not_picked":["Cloak And Dagger","Bane"],"picked":"PiercingWail"}],"player_experience":146578,"potions_floor_usage":[18,20,25],"damage_taken":[{"damage":0,"enemies":"2 Louse","floor":1,"turns":4},{"damage":4,"enemies":"Cultist","floor":7,"turns":3},{"damage":2,"enemies":"Jaw Worm","floor":10,"turns":2},{"damage":25,"enemies":"3 Sentries","floor":13,"turns":7},{"damage":10,"enemies":"Large Slime","floor":14,"turns":6},{"damage":15,"enemies":"Hexaghost","floor":16,"turns":9},{"damage":29,"enemies":"2 Thieves","floor":18,"turns":4},{"damage":4,"enemies":"Chosen","floor":20,"turns":5},{"damage":25,"enemies":"Snecko","floor":22,"turns":7},{"damage":15,"enemies":"Snake Plant","floor":25,"turns":5},{"damage":13,"enemies":"Slaver and Parasite","floor":27,"turns":1}],"event_choices":[{"event_name":"Shining Light","player_choice":"Entered Light","floor":2,"damage_taken":0},{"event_name":"Big Fish","player_choice":"Box","floor":3,"damage_taken":0},{"event_name":"Transmorgrifier","player_choice":"Transform","floor":4,"damage_taken":0},{"event_name":"Cursed Tome","player_choice":"Obtained Book","floor":19,"damage_taken":0},{"event_name":"Drug Dealer","player_choice":"Ignored","floor":21,"damage_taken":0}],"boss_relics":[{"not_picked":["Velvet Choker","Snecko Eye"],"picked":"The Specimen"}],"potions_floor_spawned":[10,13,16,20],"seed_played":"-8506742256759574602","killed_by":"Slaver and Parasite","is_trial":false}