{"path_per_floor":["M","M","?","?","$","E","$","M","T","R","?","?","E","M","R","B",null,"M","M","$","?","?","R","M","?","T","?","E","R","M","E","R","B",null,"M","M","?","$","?","R","M","M","T","$","M"],"character_chosen":"THE_SILENT","items_purchased":["Tactician","Quick Slash","Infinite Blades","Toolbox","Outmaneuver"],"gold_per_floor":[113,124,124,124,47,82,56,75,102,102,102,177,203,216,216,311,341,353,372,95,95,95,95,107,107,107,7,37,37,48,76,76,175,175,191,208,208,160,0,0,13,31,31,31,48],"floor_reached":46,"campfire_rested":5,"playtime":9856,"current_hp_per_floor":[70,70,70,70,70,70,70,70,70,70,75,64,55,55,75,1,80,66,58,58,58,42,66,56,56,56,56,55,79,65,27,51,61,80,64,49,69,69,69,80,54,52,52,52,34],"items_purged":[],"gold":48,"play_id":"5c6150f5-8bff-4c02-8241-ceaa91391b3f","is_prod":false,"is_daily":false,"campfire_rituals":0,"campfire_upgraded":1,"is_hardmode":false,"path_taken":["M","M","?","?","$","E","?","?","T","R","?","?","E","M","R","BOSS","M","M","$","?","?","R","M","?","T","?","E","R","?","E","R","BOSS","M","?","?","$","?","R","M","M","T","$","M","M"],"build_version":"2018-01-18-PROD4","purchased_purges":0,"victory":false,"master_deck":["Defend_G","Defend_G","Defend_G","Defend_G","Defend_G","Strike_G","Strike_G","Strike_G","Strike_G","Strike_G","Survivor","Neutralize","Reflex","Cloak And Dagger","Tactician","Cloak And Dagger","Quick Slash","Blade Dance","Tools of the Trade","Well Laid Plans","Adrenaline","Finisher","Choke","Cloak And Dagger","Infinite Blades","Backflip","Infinite Blades","J.A.X.","Reflex","Infinite Blades","Dagger Throw","Finisher","Tactician","Endless Agony","Endless Agony","Writhe","Outmaneuver","Outmaneuver","Prepared","Quick Slash","Acrobatics"],"max_hp_per_floor":[70,70,70,70,70,70,70,70,70,70,75,75,75,75,75,75,80,80,80,80,80,80,80,80,80,80,80,80,80,80,80,80,80,80,80,80,80,80,80,80,80,80,80,80,80],"relics":["Ring of the Snake","NeowsBlessing","Art of War","War Paint","Dream Catcher","Tiny House","Toolbox","Bird Faced Urn","Nilry\u0027s Codex","Torii","Mummified Hand","Smiling Mask","Black Star","Red Mask","Pantograph"],"campfire_meditates":0,"card_choices":[{"not_picked":["Sucker Punch","Underhanded Strike"],"picked":"Reflex"},{"not_picked":["Bane","Sucker Punch"],"picked":"Cloak And Dagger"},{"not_picked":["Dodge and Roll","Quick Slash"],"picked":"Cloak And Dagger"},{"not_picked":["Deadly Poison","Eviscerate"],"picked":"Blade Dance"},{"not_picked":["Deadly Poison","Caltrops"],"picked":"Tools of the Trade"},{"not_picked":["Acrobatics","Dagger Throw"],"picked":"Well Laid Plans"},{"not_picked":["Unload","Venomology"],"picked":"Adrenaline"},{"not_picked":["Acrobatics","Slice"],"picked":"Finisher"},{"not_picked":["Crippling Poison","Eviscerate"],"picked":"Choke"},{"not_picked":["Distraction","Flying Knee"],"picked":"Cloak And Dagger"},{"not_picked":["Well Laid Plans","Flechettes"],"picked":"Backflip"},{"not_picked":["Eviscerate","Predator"],"picked":"Reflex"},{"not_picked":["Eviscerate","Deadly Poison"],"picked":"Infinite Blades"},{"not_picked":["Slice","Heel Hook"],"picked":"Dagger Throw"},{"not_picked":["Calculated Gamble","Caltrops"],"picked":"Finisher"},{"not_picked":["Corpse Explosion","Glass Knife"],"picked":"Tactician"},{"not_picked":["Backflip","Poisoned Stab"],"picked":"Endless Agony"},{"not_picked":["Crippling Poison","Bane"],"picked":"Endless Agony"},{"not_picked":["Leg Sweep","Caltrops"],"picked":"Outmaneuver"},{"not_picked":["Dagger Throw","Deadly Poison"],"picked":"Prepared"},{"not_picked":["Flechettes","Deadly Poison"],"picked":"Quick Slash"},{"not_picked":["Underhanded Strike","Finisher"],"picked":"Acrobatics"}],"player_experience":129126,"potions_floor_usage":[13,13,16,16,28,28,28,33],"damage_taken":[{"damage":0,"enemies":"Small Slimes","floor":1,"turns":1},{"damage":0,"enemies":"Cultist","floor":2,"turns":1},{"damage":0,"enemies":"3 Sentries","floor":6,"turns":2},{"damage":0,"enemies":"2 Louse","floor":8,"turns":3},{"damage":9,"enemies":"Lagavulin","floor":13,"turns":5},{"damage":0,"enemies":"Looter","floor":14,"turns":3},{"damage":74,"enemies":"Hexaghost","floor":16,"turns":17},{"damage":14,"enemies":"Spheric Guardian","floor":18,"turns":4},{"damage":8,"enemies":"3 Byrds","floor":19,"turns":6},{"damage":16,"enemies":"Centurion and Healer","floor":24,"turns":9},{"damage":7,"enemies":"Gremlin Leader","floor":28,"turns":5},{"damage":17,"enemies":"Chosen and Byrds","floor":30,"turns":6},{"damage":44,"enemies":"Book of Stabbing","floor":31,"turns":6},{"damage":4,"enemies":"Champ","floor":33,"turns":8},{"damage":16,"enemies":"Orb Walker","floor":35,"turns":3},{"damage":27,"enemies":"3 Darklings","floor":36,"turns":5},{"damage":30,"enemies":"Maw","floor":41,"turns":7},{"damage":18,"enemies":"4 Shapes","floor":42,"turns":8},{"damage":28,"enemies":"3 Darklings","floor":45,"turns":6},{"damage":48,"enemies":"Maw","floor":46,"turns":4}],"event_choices":[{"event_name":"Living Wall","player_choice":"Grow","floor":3,"damage_taken":0},{"event_name":"Golden Wing","player_choice":"Ignored","floor":4,"damage_taken":0},{"event_name":"Big Fish","player_choice":"Donut","floor":11,"damage_taken":0},{"event_name":"World of Goop","player_choice":"Gather Gold","floor":12,"damage_taken":0},{"event_name":"The Mausoleum","player_choice":"Yes","floor":21,"damage_taken":0},{"event_name":"Cursed Tome","player_choice":"Obtained Book","floor":22,"damage_taken":0},{"event_name":"The Library","player_choice":"Read","floor":25,"damage_taken":0},{"event_name":"Drug Dealer","player_choice":"Got JAXXED","floor":27,"damage_taken":0},{"event_name":"Winding Halls","player_choice":"Writhe","floor":37,"damage_taken":0},{"event_name":"Tomb of Lord Red Mask","player_choice":"Paid","floor":39,"damage_taken":0}],"boss_relics":[{"not_picked":["Eternal Feather","Astrolabe"],"picked":"Tiny House"},{"not_picked":["Philosopher\u0027s Stone","Runic Dome"],"picked":"Black Star"}],"potions_floor_spawned":[1,6,13,14,18,24,31,42],"seed_played":"693413510062220724","killed_by":"Maw","is_trial":false}