{"path_per_floor":["M","?","?","?","M","R","?","E","T","T","M","R","M","$","R","B",null,"M","$","?","?","$","R","?","R","T","?","?","$","M","?","R","B",null,"M","?","$","M","?","R","M","?","T","?","T","?","M","$","R","B"],"character_chosen":"THE_SILENT","items_purchased":["Shuriken","Infinite Blades","Prepared","Master of Strategy","Finesse","Secret Weapon"],"gold_per_floor":[110,285,285,285,305,305,305,331,354,354,374,374,388,98,98,202,202,217,0,0,0,0,0,0,0,0,0,0,0,11,11,11,108,108,123,123,18,37,37,37,48,48,48,298,322,322,336,50,50,50],"floor_reached":51,"campfire_rested":3,"playtime":4068,"current_hp_per_floor":[64,64,64,64,64,64,57,38,38,38,33,54,54,54,54,38,70,48,48,48,48,48,48,80,80,80,80,80,80,71,55,79,78,80,80,80,80,80,80,80,76,76,76,76,76,76,59,59,80,32],"items_purged":["Regret"],"gold":50,"play_id":"991ad364-4579-462c-accd-cd5ab1ba6475","is_prod":false,"is_daily":false,"campfire_rituals":0,"campfire_upgraded":5,"is_hardmode":false,"path_taken":["M","?","?","?","M","R","?","E","T","?","M","R","M","$","R","BOSS","M","$","?","?","$","R","?","R","T","?","?","?","M","?","R","BOSS","M","?","$","M","?","R","M","?","T","?","?","?","M","$","R","BOSS"],"build_version":"2018-01-18-PROD2","purchased_purges":1,"victory":true,"master_deck":["Defend_G","Defend_G","Defend_G","Defend_G","Defend_G","Strike_G","Strike_G","Strike_G","Strike_G","Strike_G","Survivor","Neutralize","Escape Plan","Choke","Well Laid Plans","Infinite Blades","Slice","Prepared","Master of Strategy","Finisher","Flying Knee","Necronomicurse","Flying Knee","Finesse","Outmaneuver","Blade Dance","Secret Weapon"],"max_hp_per_floor":[70,70,70,70,70,70,70,70,70,70,70,70,70,70,70,70,70,70,70,70,70,70,70,80,80,80,80,80,80,80,80,80,80,80,80,80,80,80,80,80,80,80,80,80,80,80,80,80,80,80],"relics":["Ring of the Snake","Juzu Bracelet","Du-Vu Doll","Ancient Tea Set","Bird Faced Urn","Shuriken","Question Card","Unceasing Top","Necronomicon","Sozu","Ginger","Orichalcum"],"campfire_meditates":0,"card_choices":[{"not_picked":["Dagger Spray","Calculated Gamble"],"picked":"Escape Plan"},{"not_picked":["Cloak And Dagger","Quick Slash"],"picked":"Choke"},{"not_picked":["Well Laid Plans","Escape Plan"],"picked":"Burst"},{"not_picked":["Heel Hook","Calculated Gamble"],"picked":"Acrobatics"},{"not_picked":["Backstab","Skewer"],"picked":"Well Laid Plans"},{"not_picked":["Backflip","Deadly Poison","Underhanded Strike"],"picked":"Slice"},{"not_picked":["Deflect","Caltrops","Escape Plan"],"picked":"Flying Knee"},{"not_picked":["Bouncing Flask","Dagger Throw","PiercingWail"],"picked":"Flying Knee"},{"not_picked":["Crippling Poison","Escape Plan","Deadly Poison"],"picked":"Outmaneuver"},{"not_picked":["Dagger Throw","Bane","Slice"],"picked":"Blade Dance"}],"player_experience":94186,"potions_floor_usage":[8,13,16,16],"damage_taken":[{"damage":6,"enemies":"Blue Slaver","floor":1,"turns":6},{"damage":0,"enemies":"Jaw Worm","floor":5,"turns":4},{"damage":19,"enemies":"Gremlin Nob","floor":8,"turns":4},{"damage":5,"enemies":"Small Slimes","floor":11,"turns":4},{"damage":0,"enemies":"Exordium Thugs","floor":13,"turns":3},{"damage":35,"enemies":"The Guardian","floor":16,"turns":11},{"damage":22,"enemies":"Spheric Guardian","floor":18,"turns":5},{"damage":11,"enemies":"2 Thieves","floor":30,"turns":3},{"damage":2,"enemies":"Champ","floor":33,"turns":6},{"damage":0,"enemies":"Orb Walker","floor":35,"turns":1},{"damage":0,"enemies":"3 Darklings","floor":38,"turns":4},{"damage":8,"enemies":"Sphere and 2 Shapes","floor":41,"turns":3},{"damage":21,"enemies":"Maw","floor":47,"turns":5},{"damage":48,"enemies":"Awakened One","floor":50,"turns":8}],"event_choices":[{"event_name":"Liars Game","player_choice":"agreed","floor":2,"damage_taken":0},{"event_name":"The Lab","player_choice":"Got Potions","floor":3,"damage_taken":0},{"event_name":"Upgrade Shrine","player_choice":"Upgraded","floor":4,"damage_taken":0},{"event_name":"Golden Wing","player_choice":"Card Removal","floor":7,"damage_taken":0},{"event_name":"Back to Basics","player_choice":"Simplicity","floor":20,"damage_taken":0},{"event_name":"Beggar","player_choice":"Ignored","floor":21,"damage_taken":0},{"event_name":"Bonfire Elementals","player_choice":"RARE","floor":24,"damage_taken":0},{"event_name":"Addict","player_choice":"Ignored","floor":27,"damage_taken":0},{"event_name":"The Library","player_choice":"Read","floor":28,"damage_taken":0},{"event_name":"Cursed Tome","player_choice":"Obtained Book","floor":31,"damage_taken":0},{"event_name":"Purifier","player_choice":"Skipped","floor":36,"damage_taken":0},{"event_name":"Mysterious Sphere","player_choice":"Ignore","floor":39,"damage_taken":0},{"event_name":"Golden Shrine","player_choice":"Desecrate","floor":44,"damage_taken":0},{"event_name":"Tomb of Lord Red Mask","player_choice":"Ignored","floor":46,"damage_taken":0}],"boss_relics":[{"not_picked":["Black Star","Ectoplasm"],"picked":"Question Card"},{"not_picked":["Snecko Eye","Runic Pyramid"],"picked":"Sozu"}],"potions_floor_spawned":[1,8,11,30,35,47],"seed_played":"-4735489250800367017","is_trial":false}