{"path_per_floor":["M","M","?","?","$","E","T","R","T","M","R","M","M","$","R","B",null,"M","?","M","M","?","R","M","R","T","R","?","T","M"],"character_chosen":"THE_SILENT","items_purchased":["Mummified Hand","Weak Potion","Infinite Blades"],"gold_per_floor":[111,125,155,330,30,59,59,59,59,69,69,86,105,29,29,128,128,147,47,60,73,73,73,91,91,117,117,367,367,378],"floor_reached":31,"campfire_rested":5,"playtime":2047,"current_hp_per_floor":[31,31,24,24,24,3,3,39,39,37,70,53,26,26,62,20,70,49,49,27,14,7,43,18,54,54,54,60,60,21],"items_purged":[],"gold":378,"play_id":"125eeec0-c15a-436c-bdbe-939ece406878","is_prod":false,"is_daily":false,"campfire_rituals":0,"campfire_upgraded":0,"is_hardmode":false,"path_taken":["M","M","?","?","$","E","?","R","T","M","R","?","M","?","R","BOSS","M","?","M","?","?","R","?","R","T","R","?","?","?","M"],"build_version":"2018-01-18-PROD4","purchased_purges":0,"victory":false,"master_deck":["Defend_G","Defend_G","Defend_G","Defend_G","Strike_G","Strike_G","Strike_G","Strike_G","Survivor","Neutralize","Dagger Throw","Accuracy","Doubt","Choke","Infinite Blades","Well Laid Plans","Infinite Blades","Infinite Blades","J.A.X.","Blade Dance","Outmaneuver","Regret"],"max_hp_per_floor":[70,70,70,70,70,70,70,70,70,70,70,70,70,70,70,70,70,70,70,70,70,70,70,70,70,70,70,76,76,76],"relics":["Ring of the Snake","Tiny Chest","Mummified Hand","Smiling Mask","Regal Pillow","Shovel","Frozen Egg","Darkstone Periapt","Ginger"],"campfire_meditates":0,"card_choices":[{"not_picked":["Footwork","After Image"],"picked":"Dagger Throw"},{"not_picked":["Quick Slash","Endless Agony"],"picked":"Accuracy"},{"not_picked":["Underhanded Strike","Cloak And Dagger"],"picked":"Choke"},{"not_picked":["Blur","Sucker Punch"],"picked":"Infinite Blades"},{"not_picked":["Outmaneuver","Flying Knee"],"picked":"Well Laid Plans"},{"not_picked":["Underhanded Strike","Acrobatics"],"picked":"Infinite Blades"},{"not_picked":["Quick Slash","Dagger Spray"],"picked":"Blade Dance"},{"not_picked":["Malaise","Flechettes"],"picked":"Outmaneuver"}],"player_experience":180824,"potions_floor_usage":[31,31],"damage_taken":[{"damage":4.0,"enemies":"2 Louse","floor":1.0,"turns":2.0},{"damage":0.0,"enemies":"Small Slimes","floor":2.0,"turns":4.0},{"damage":36.0,"enemies":"Gremlin Nob","floor":6.0,"turns":7.0},{"damage":2.0,"enemies":"Blue Slaver","floor":10.0,"turns":5.0},{"damage":17.0,"enemies":"Exordium Wildlife","floor":12.0,"turns":9.0},{"damage":27.0,"enemies":"Exordium Thugs","floor":13.0,"turns":5.0},{"damage":57.0,"enemies":"Hexaghost","floor":16.0,"turns":10.0},{"damage":21.0,"enemies":"Shell Parasite","floor":18.0,"turns":6.0},{"damage":22.0,"enemies":"Chosen","floor":20.0,"turns":5.0},{"damage":22.0,"enemies":"Snake Plant","floor":21.0,"turns":4.0},{"damage":37.0,"enemies":"Centurion and Healer","floor":24.0,"turns":5.0},{"damage":39.0,"enemies":"Slaver and Parasite","floor":30.0,"turns":5.0},{"damage":22,"enemies":"Snake Plant","floor":31,"turns":4}],"event_choices":[{"event_name":"Scrap Ooze","player_choice":"success","floor":3.0,"damage_taken":7.0},{"event_name":"Liars Game","player_choice":"agreed","floor":4.0,"damage_taken":0.0},{"event_name":"Drug Dealer","player_choice":"Got JAXXED","floor":19.0,"damage_taken":0.0},{"event_name":"Wheel of Change","player_choice":"Damage","floor":22.0,"damage_taken":0.0},{"event_name":"Golden Shrine","player_choice":"Desecrate","floor":28.0,"damage_taken":0.0}],"boss_relics":[],"potions_floor_spawned":[1,6,12,13,16,18,20,30],"seed_played":"6723042975729636575","killed_by":"Snake Plant","is_trial":false}