{"path_per_floor":["M","?","M","M","?","R","M","E","T","M","E","$","?","?","R","B",null,"M","M","M","$","M","R","M","?","T","?","R","M","R","M","R","B",null,"M","?","?","?","M","M","M","?","T","R","M","M","$","?","R"],"character_chosen":"THE_SILENT","items_purchased":["Mummified Hand","Noxious Fumes","Noxious Fumes","Regen Potion","Strength Potion"],"gold_per_floor":[116,191,203,223,223,223,237,265,265,276,307,67,67,67,67,163,163,178,190,210,61,77,77,89,59,86,86,86,103,103,115,115,218,218,228,228,228,228,238,251,265,265,265,265,276,296,24,24,24],"floor_reached":50,"campfire_rested":8,"playtime":3985,"current_hp_per_floor":[64,53,53,50,50,70,68,54,54,52,48,48,34,34,55,53,70,49,37,29,29,4,25,11,11,11,11,32,24,45,29,50,22,70,54,54,54,54,47,41,27,44,44,65,50,33,33,33,54],"items_purged":["Strike_G","Writhe"],"gold":24,"play_id":"1e3d864d-f392-4368-8da1-5468512a4bdb","is_prod":false,"is_daily":false,"campfire_rituals":0,"campfire_upgraded":0,"is_hardmode":false,"path_taken":["M","?","M","?","?","R","M","E","T","M","E","$","?","?","R","BOSS","M","?","M","$","M","R","M","?","T","?","R","M","R","M","R","BOSS","M","?","?","?","M","?","M","?","T","R","M","M","?","?","R","BOSS"],"build_version":"2018-01-18-PROD4","purchased_purges":2,"victory":false,"master_deck":["Defend_G","Defend_G","Defend_G","Defend_G","Strike_G","Strike_G","Strike_G","Survivor","Neutralize","Noxious Fumes","Flying Knee","Bane","PiercingWail","Wraith Form","Noxious Fumes","Bouncing Flask","Burst","PiercingWail","Noxious Fumes"],"max_hp_per_floor":[70,70,70,70,70,70,70,70,70,70,70,70,70,70,70,70,70,70,70,70,70,70,70,70,70,70,70,70,70,70,70,70,70,70,70,70,70,70,70,70,70,70,70,70,70,70,70,70,70],"relics":["Ring of the Snake","Snake Skull","Kunai","Tingsha","Blood Vial","Mummified Hand","Orrery","Bag of Preparation","Velvet Choker","Sundial","Du-Vu Doll"],"campfire_meditates":0,"card_choices":[{"not_picked":["Backflip","PiercingWail"],"picked":"Noxious Fumes"},{"not_picked":["Backflip","Blade Dance"],"picked":"Flying Knee"},{"not_picked":["Outmaneuver","Heel Hook"],"picked":"Bane"},{"not_picked":["Dagger Throw","Malaise"],"picked":"PiercingWail"},{"not_picked":["Cloak And Dagger","Endless Agony"],"picked":"Wraith Form"},{"not_picked":["Well Laid Plans","Storm of Steel"],"picked":"Bouncing Flask"},{"not_picked":["Tools of the Trade","A Thousand Cuts"],"picked":"Burst"},{"not_picked":["Deadly Poison","Venomology"],"picked":"PiercingWail"}],"player_experience":187694,"potions_floor_usage":[22,22,24,33,41,50,50],"damage_taken":[{"damage":6.0,"enemies":"Cultist","floor":1.0,"turns":5.0},{"damage":0.0,"enemies":"2 Louse","floor":3.0,"turns":3.0},{"damage":3.0,"enemies":"Blue Slaver","floor":4.0,"turns":5.0},{"damage":2.0,"enemies":"Large Slime","floor":7.0,"turns":5.0},{"damage":14.0,"enemies":"Gremlin Nob","floor":8.0,"turns":4.0},{"damage":2.0,"enemies":"Looter","floor":10.0,"turns":3.0},{"damage":4.0,"enemies":"Lagavulin","floor":11.0,"turns":7.0},{"damage":4.0,"enemies":"The Guardian","floor":16.0,"turns":9.0},{"damage":21.0,"enemies":"Chosen","floor":18.0,"turns":6.0},{"damage":14.0,"enemies":"Shell Parasite","floor":19.0,"turns":7.0},{"damage":10.0,"enemies":"Snecko","floor":20.0,"turns":8.0},{"damage":27,"enemies":"Slaver and Parasite","floor":22,"turns":7},{"damage":16,"enemies":"Centurion and Healer","floor":24,"turns":7},{"damage":10,"enemies":"Chosen and Byrds","floor":29,"turns":5},{"damage":18,"enemies":"3 Cultists","floor":31,"turns":5},{"damage":30,"enemies":"Champ","floor":33,"turns":12},{"damage":16,"enemies":"3 Darklings","floor":35,"turns":5},{"damage":9,"enemies":"3 Shapes","floor":39,"turns":5},{"damage":8,"enemies":"3 Darklings","floor":40,"turns":5},{"damage":16,"enemies":"Maw","floor":41,"turns":6},{"damage":17,"enemies":"4 Shapes","floor":45,"turns":5},{"damage":19,"enemies":"3 Darklings","floor":46,"turns":5},{"damage":71,"enemies":"Donu and Deca","floor":50,"turns":6}],"event_choices":[{"event_name":"World of Goop","player_choice":"Gather Gold","floor":2.0,"damage_taken":0.0},{"event_name":"Living Wall","player_choice":"Grow","floor":5.0,"damage_taken":0.0},{"event_name":"Shining Light","player_choice":"Entered Light","floor":13.0,"damage_taken":0.0},{"event_name":"Purifier","player_choice":"One Purge","floor":14.0,"damage_taken":0.0},{"event_name":"The Woman in Blue","player_choice":"Bought 2 Potions","floor":25,"damage_taken":0},{"event_name":"Back to Basics","player_choice":"Simplicity","floor":27,"damage_taken":0},{"event_name":"Tomb of Lord Red Mask","player_choice":"Ignored","floor":37,"damage_taken":0},{"event_name":"Mysterious Sphere","player_choice":"Ignore","floor":38,"damage_taken":0},{"event_name":"Winding Halls","player_choice":"Writhe","floor":42,"damage_taken":0},{"event_name":"Wheel of Change","player_choice":"Relic","floor":48,"damage_taken":0}],"boss_relics":[{"not_picked":["Tiny House","White Beast Statue"],"picked":"Velvet Choker"}],"potions_floor_spawned":[4,10,11,18,20,22,31,39,40,45],"seed_played":"635844216713854683","killed_by":"Donu and Deca","is_trial":false}