{"path_per_floor":["M","?","?","T","?","R","M","$","T","R","$","T","R","E","R","B",null,"M","?","?","M","M","R","M","$","T","M","M","R","M","M","R","B",null,"M","?","?","M","M","M","M","?","T","?","R","$","R","M","R"],"character_chosen":"THE_SILENT","items_purchased":["Outmaneuver","Ninja Scroll","Thinking Ahead","Distraction","Noxious Fumes"],"gold_per_floor":[111,111,111,136,136,136,153,52,78,78,78,103,103,137,137,240,240,258,258,258,277,292,292,312,66,114,127,138,138,150,161,161,263,263,274,274,274,289,306,322,337,337,361,361,361,60,60,78,78],"floor_reached":50,"campfire_rested":7,"playtime":4391,"current_hp_per_floor":[67,67,67,67,67,67,65,65,65,65,65,65,65,30,51,49,70,54,54,54,45,43,64,35,35,35,27,21,42,44,37,58,1,70,34,60,60,60,41,41,12,12,12,12,30,30,48,49,60],"items_purged":["Regret"],"gold":78,"play_id":"be293eca-ff06-4bb5-8f9a-ac79afdf0cea","is_prod":false,"is_daily":false,"campfire_rituals":0,"campfire_upgraded":3,"is_hardmode":false,"path_taken":["M","?","?","?","?","R","M","?","T","R","$","?","R","E","R","BOSS","M","?","?","M","?","R","M","$","T","M","M","R","?","M","R","BOSS","M","?","?","M","M","M","?","?","T","?","R","$","R","?","R","BOSS"],"build_version":"2018-01-11-PROD2","purchased_purges":1,"victory":false,"master_deck":["Defend_G","Defend_G","Defend_G","Defend_G","Defend_G","Strike_G","Strike_G","Survivor","Neutralize","Wraith Form","Blade Dance","Backstab","Bouncing Flask","PiercingWail","Outmaneuver","Escape Plan","A Thousand Cuts","Endless Agony","Wraith Form","Backflip","Finisher","Prepared","Outmaneuver","Flying Knee","Bullet Time","Distraction","Acrobatics","Endless Agony","Thinking Ahead","Distraction","Noxious Fumes","Prepared"],"max_hp_per_floor":[70,70,70,70,70,70,70,70,70,70,70,70,70,70,70,70,70,70,70,70,70,70,70,70,70,70,70,70,70,70,70,70,70,70,70,60,60,60,60,60,60,60,60,60,60,60,60,60,60],"relics":["Ring of the Snake","Bronze Scales","Snake Skull","Happy Flower","Orichalcum","Blood Vial","Question Card","Ninja Scroll","Bag of Marbles","Sozu","Molten Egg"],"campfire_meditates":0,"card_choices":[{"not_picked":["Predator","Caltrops"],"picked":"Blade Dance"},{"not_picked":["Predator","Dagger Throw"],"picked":"PiercingWail"},{"not_picked":["Catalyst","Deflect"],"picked":"Escape Plan"},{"not_picked":["Phantasmal Killer","Venomology"],"picked":"A Thousand Cuts"},{"not_picked":["Underhanded Strike","Outmaneuver","Dodge and Roll"],"picked":"Endless Agony"},{"not_picked":["PiercingWail","Terror","Leg Sweep"],"picked":"Backflip"},{"not_picked":["PiercingWail","Bane","Backstab"],"picked":"Finisher"},{"not_picked":["Deflect","Dagger Throw","Caltrops"],"picked":"Prepared"},{"not_picked":["Calculated Gamble","Skewer","Flechettes"],"picked":"Outmaneuver"},{"not_picked":["Noxious Fumes","Slice","Dodge and Roll"],"picked":"Flying Knee"},{"not_picked":["Tactician","Wraith Form","Phantasmal Killer"],"picked":"Bullet Time"},{"not_picked":["Underhanded Strike","Bane","Sucker Punch"],"picked":"Distraction"},{"not_picked":["Poisoned Stab","Backflip","Deadly Poison"],"picked":"Acrobatics"},{"not_picked":["Eviscerate","Flying Knee","Dash"],"picked":"Endless Agony"},{"not_picked":["Blade Dance","Catalyst","Poisoned Stab"],"picked":"Prepared"}],"player_experience":78699,"potions_floor_usage":[28,31,33,33],"damage_taken":[{"damage":3,"enemies":"2 Louse","floor":1,"turns":2},{"damage":2,"enemies":"Jaw Worm","floor":7,"turns":3},{"damage":35,"enemies":"3 Sentries","floor":14,"turns":7},{"damage":4,"enemies":"Hexaghost","floor":16,"turns":7},{"damage":16,"enemies":"Chosen","floor":18,"turns":5},{"damage":11,"enemies":"2 Thieves","floor":21,"turns":4},{"damage":4,"enemies":"Centurion and Healer","floor":22,"turns":7},{"damage":31,"enemies":"3 Cultists","floor":24,"turns":5},{"damage":10,"enemies":"Snake Plant","floor":27,"turns":3},{"damage":8,"enemies":"Chosen and Byrds","floor":28,"turns":6},{"damage":0,"enemies":"Snecko","floor":30,"turns":1},{"damage":9,"enemies":"Snake Plant","floor":31,"turns":4},{"damage":59,"enemies":"Automaton","floor":33,"turns":9},{"damage":36,"enemies":"3 Darklings","floor":35,"turns":4},{"damage":0,"enemies":"Orb Walker","floor":38,"turns":2},{"damage":19,"enemies":"Maw","floor":39,"turns":7},{"damage":2,"enemies":"3 Darklings","floor":40,"turns":4},{"damage":31,"enemies":"4 Shapes","floor":41,"turns":5},{"damage":1,"enemies":"Sphere and 2 Shapes","floor":48,"turns":3},{"damage":63,"enemies":"Donu and Deca","floor":50,"turns":5}],"event_choices":[{"event_name":"Living Wall","player_choice":"Change","floor":2,"damage_taken":0},{"event_name":"Transmorgrifier","player_choice":"Transform","floor":3,"damage_taken":0},{"event_name":"Big Fish","player_choice":"Box","floor":5,"damage_taken":0},{"event_name":"Back to Basics","player_choice":"Simplicity","floor":19,"damage_taken":0},{"event_name":"Duplicator","player_choice":"One dupe","floor":20,"damage_taken":0},{"event_name":"The Moai Head","player_choice":"Heal","floor":36,"damage_taken":0},{"event_name":"Mysterious Sphere","player_choice":"Ignore","floor":37,"damage_taken":0},{"event_name":"Tomb of Lord Red Mask","player_choice":"Ignored","floor":44,"damage_taken":0}],"boss_relics":[{"not_picked":["Tiny House","Runic Dome"],"picked":"Question Card"},{"not_picked":["Runic Pyramid","White Beast Statue"],"picked":"Sozu"}],"potions_floor_spawned":[1,14,16,18,21,28,38,41,48],"seed_played":"-8527230360781920427","killed_by":"Donu and Deca","is_trial":false}