{"path_per_floor":["M","M","?","?","T","E","M","?","T","M","M","$","E","M","R","B",null,"M","?","M","?","M","R","E","R","T","M","M","M","M","M","R","B",null,"M","M","$","?","M","R","?","R","T","E","?","R","?","M","R","B"],"character_chosen":"THE_SILENT","items_purchased":["Panache","Frozen Egg","Pear"],"gold_per_floor":[117,127,127,127,127,159,176,176,176,195,210,210,240,252,252,349,379,399,314,331,331,351,351,386,386,412,427,445,459,470,482,482,580,580,598,613,21,121,135,135,135,135,161,186,186,186,186,202,202,202],"floor_reached":51,"campfire_rested":6,"playtime":8647,"current_hp_per_floor":[70,70,75,75,75,54,54,56,56,50,47,47,42,38,64,30,94,88,88,73,73,49,77,49,77,77,62,57,57,58,44,72,56,94,76,56,66,66,55,86,76,104,104,104,104,104,104,104,104,42],"items_purged":[],"gold":202,"play_id":"af832900-39a1-46e2-9402-6b537e894754","is_prod":false,"is_daily":false,"campfire_rituals":0,"campfire_upgraded":2,"is_hardmode":false,"path_taken":["M","M","?","?","?","E","M","?","T","M","M","?","E","?","R","BOSS","M","?","?","?","M","R","E","R","T","M","?","?","?","M","R","BOSS","M","M","$","?","M","R","?","R","T","E","?","R","?","?","R","BOSS"],"build_version":"2018-01-11-PROD2","purchased_purges":2,"victory":true,"master_deck":["Defend_G","Defend_G","Defend_G","Defend_G","Strike_G","Strike_G","Strike_G","Strike_G","Strike_G","Survivor","Neutralize","Infinite Blades","Finisher","Prepared","Dagger Throw","Backflip","Dagger Throw","Outmaneuver","Adrenaline","Predator","Skewer","Endless Agony","Flying Knee","Distraction","Well Laid Plans","Outmaneuver","Dagger Throw","Acrobatics","Die Die Die","Endless Agony","Panache","Predator","Infinite Blades","Madness","Madness","Prepared"],"max_hp_per_floor":[70,70,75,75,75,75,75,89,89,89,89,89,89,89,89,89,94,94,94,94,94,94,94,94,94,94,94,94,94,94,94,94,94,94,94,94,104,104,104,104,104,104,104,104,104,104,104,104,104,104],"relics":["Ring of the Snake","Meat on the Bone","Orichalcum","Mango","Gambling Chip","Ice Cream","Tiny House","Shuriken","Tough Bandages","Dream Catcher","Lizard Tail","Frozen Egg","Pear","Regal Pillow","Ninja Scroll"],"campfire_meditates":0,"card_choices":[{"not_picked":["Quick Slash","Well Laid Plans"],"picked":"Infinite Blades"},{"not_picked":["Calculated Gamble","Masterful Stab"],"picked":"Finisher"},{"not_picked":["Leg Sweep","Footwork"],"picked":"Prepared"},{"not_picked":["Blade Dance","Terror"],"picked":"Dagger Throw"},{"not_picked":["Deflect","PiercingWail"],"picked":"Backflip"},{"not_picked":["Leg Sweep","Deflect"],"picked":"Dagger Throw"},{"not_picked":["Slice","Flying Knee"],"picked":"Outmaneuver"},{"not_picked":["Bullet Time","Doppelganger"],"picked":"Adrenaline"},{"not_picked":["Blur","Malaise"],"picked":"Predator"},{"not_picked":["Quick Slash","Flying Knee"],"picked":"Skewer"},{"not_picked":["Bane","Poisoned Stab"],"picked":"Endless Agony"},{"not_picked":["Dodge and Roll","Dagger Spray"],"picked":"Flying Knee"},{"not_picked":["Backflip","Sucker Punch"],"picked":"Distraction"},{"not_picked":["Prepared","Leg Sweep"],"picked":"Well Laid Plans"},{"not_picked":["Poisoned Stab","Slice"],"picked":"Outmaneuver"},{"not_picked":["Acrobatics","Poisoned Stab"],"picked":"Dagger Throw"},{"not_picked":["Blade Dance","Flying Knee"],"picked":"Acrobatics"},{"not_picked":["Night Terror","Corpse Explosion"],"picked":"Die Die Die"},{"not_picked":["Footwork","Prepared"],"picked":"Endless Agony"},{"not_picked":["Footwork","Skewer"],"picked":"Predator"},{"not_picked":["Dagger Spray","PiercingWail"],"picked":"Infinite Blades"},{"not_picked":["Malaise","Slice"],"picked":"Prepared"}],"player_experience":25258,"potions_floor_usage":[13,14,16,33,33,33,50],"damage_taken":[{"damage":0,"enemies":"Jaw Worm","floor":1,"turns":5},{"damage":0,"enemies":"Small Slimes","floor":2,"turns":4},{"damage":21,"enemies":"Gremlin Nob","floor":6,"turns":5},{"damage":0,"enemies":"2 Louse","floor":7,"turns":3},{"damage":18,"enemies":"Exordium Wildlife","floor":10,"turns":5},{"damage":3,"enemies":"Large Slime","floor":11,"turns":5},{"damage":17,"enemies":"3 Sentries","floor":13,"turns":6},{"damage":16,"enemies":"Gremlin Gang","floor":14,"turns":5},{"damage":46,"enemies":"Hexaghost","floor":16,"turns":12},{"damage":6,"enemies":"3 Byrds","floor":18,"turns":5},{"damage":15,"enemies":"2 Thieves","floor":20,"turns":3},{"damage":24,"enemies":"Centurion and Healer","floor":22,"turns":4},{"damage":40,"enemies":"Book of Stabbing","floor":24,"turns":5},{"damage":15,"enemies":"Snake Plant","floor":27,"turns":4},{"damage":5,"enemies":"Slaver and Parasite","floor":28,"turns":4},{"damage":0,"enemies":"Chosen and Byrds","floor":29,"turns":3},{"damage":11,"enemies":"Snecko","floor":30,"turns":4},{"damage":26,"enemies":"Slaver and Parasite","floor":31,"turns":5},{"damage":28,"enemies":"Collector","floor":33,"turns":6},{"damage":18,"enemies":"3 Darklings","floor":35,"turns":4},{"damage":32,"enemies":"3 Shapes","floor":36,"turns":3},{"damage":11,"enemies":"Sphere and 2 Shapes","floor":39,"turns":4},{"damage":0,"enemies":"Giant Head","floor":44,"turns":5},{"damage":0,"enemies":"Maw","floor":48,"turns":5},{"damage":86,"enemies":"Donu and Deca","floor":50,"turns":7}],"event_choices":[{"event_name":"Big Fish","player_choice":"Donut","floor":3,"damage_taken":0},{"event_name":"Living Wall","player_choice":"Grow","floor":4,"damage_taken":0},{"event_name":"Scrap Ooze","player_choice":"success","floor":8,"damage_taken":12},{"event_name":"Addict","player_choice":"Obtained Relic","floor":19,"damage_taken":0},{"event_name":"Beggar","player_choice":"Ignored","floor":21,"damage_taken":0},{"event_name":"Golden Shrine","player_choice":"Pray","floor":38,"damage_taken":0},{"event_name":"Winding Halls","player_choice":"Embrace Madness","floor":41,"damage_taken":0},{"event_name":"Mysterious Sphere","player_choice":"Ignore","floor":45,"damage_taken":0}],"boss_relics":[{"not_picked":["Runic Dome","Sozu"],"picked":"Tiny House"},{"not_picked":["Snecko Eye","Orrery"],"picked":"Lizard Tail"}],"potions_floor_spawned":[2,7,11,13,22,27,28,30,31,36,39],"seed_played":"4307141682127306028","is_trial":false}