{"path_per_floor":["M","?","$","$","?","E","M","E","T","M","?","E","?","?","R"],"character_chosen":"THE_SILENT","items_purchased":[],"gold_per_floor":[110,110,35,35,35,70,85,112,112,130,130,162,192,150,150],"floor_reached":16,"campfire_rested":1,"playtime":1366,"current_hp_per_floor":[70,70,70,70,56,56,56,41,41,41,41,6,6,6,27],"items_purged":["Injury"],"gold":150,"play_id":"dfeb3964-5101-41d5-9e4d-d4fb75048c81","is_prod":false,"is_daily":false,"campfire_rituals":0,"campfire_upgraded":0,"is_hardmode":false,"path_taken":["M","?","?","$","?","E","M","E","T","?","?","E","?","?","R","BOSS"],"build_version":"2018-01-18-PROD3","purchased_purges":1,"victory":false,"master_deck":["Defend_G","Defend_G","Defend_G","Defend_G","Defend_G","Strike_G","Strike_G","Strike_G","Strike_G","Strike_G","Survivor","Neutralize","Flying Knee","Escape Plan","Reflex","Prepared","Well Laid Plans","Escape Plan"],"max_hp_per_floor":[70,70,70,70,70,70,70,70,70,70,70,70,70,70,70],"relics":["Ring of the Snake","NeowsBlessing","Prayer Wheel","Frozen Eye","Dodecahedron","Gremlin Horn"],"campfire_meditates":0,"card_choices":[{"not_picked":["Dodge and Roll","All Out Attack"],"picked":"Flying Knee"},{"not_picked":["Skewer","Underhanded Strike"],"picked":"Escape Plan"},{"not_picked":["Dash","Caltrops"],"picked":"Reflex"},{"not_picked":["Acrobatics","Slice"],"picked":"Prepared"},{"not_picked":["Heel Hook","Slice"],"picked":"Well Laid Plans"},{"not_picked":["Backflip","Flechettes"],"picked":"Escape Plan"}],"player_experience":99262,"potions_floor_usage":[16,16],"damage_taken":[{"damage":0.0,"enemies":"Cultist","floor":1.0,"turns":1.0},{"damage":0.0,"enemies":"Gremlin Nob","floor":6.0,"turns":1.0},{"damage":0.0,"enemies":"Blue Slaver","floor":7.0,"turns":1.0},{"damage":15.0,"enemies":"Lagavulin","floor":8.0,"turns":8.0},{"damage":0.0,"enemies":"Small Slimes","floor":10.0,"turns":4.0},{"damage":35.0,"enemies":"Gremlin Nob","floor":12.0,"turns":6.0},{"damage":27,"enemies":"Slime Boss","floor":16,"turns":13}],"event_choices":[{"event_name":"Accursed Blacksmith","player_choice":"Forge","floor":2.0,"damage_taken":0.0},{"event_name":"Shining Light","player_choice":"Entered Light","floor":5.0,"damage_taken":0.0},{"event_name":"Living Wall","player_choice":"Grow","floor":11.0,"damage_taken":0.0},{"event_name":"Dead Adventurer","player_choice":"Searched \u00271\u0027 times","floor":13,"damage_taken":0},{"event_name":"World of Goop","player_choice":"Left","floor":14,"damage_taken":0}],"boss_relics":[],"potions_floor_spawned":[8,10,12],"seed_played":"375364777604019094","killed_by":"Slime Boss","is_trial":false}