{"path_per_floor":["M","M","$","?","?","E","R","M","T","M","?","M","$","M","R","B",null,"M","?","?","?","M","R","M","R","T","M","M","$","M","$","R"],"character_chosen":"THE_SILENT","items_purchased":["Acrobatics","Quick Slash","Prepared","Ninja Scroll","Well Laid Plans"],"gold_per_floor":[114,124,98,98,98,133,133,147,174,189,244,260,183,195,195,290,290,302,302,202,202,221,221,239,239,264,279,291,33,48,11,11],"floor_reached":33,"campfire_rested":3,"playtime":3131,"current_hp_per_floor":[70,70,70,56,56,51,51,51,51,43,41,41,41,41,62,53,70,57,57,57,57,54,54,49,70,70,30,24,24,12,12,33],"items_purged":[],"gold":11,"play_id":"d0a2c985-02ee-4107-b9f9-0528e230a595","is_prod":false,"is_daily":false,"campfire_rituals":0,"campfire_upgraded":1,"is_hardmode":false,"path_taken":["M","M","$","?","?","E","R","?","T","M","?","M","$","?","R","BOSS","M","?","?","?","M","R","M","R","T","M","M","$","?","$","R","BOSS"],"build_version":"2018-01-18-PROD2","purchased_purges":0,"victory":false,"master_deck":["Defend_G","Defend_G","Defend_G","Defend_G","Defend_G","Strike_G","Strike_G","Strike_G","Strike_G","Strike_G","Survivor","Neutralize","Flying Knee","Cloak And Dagger","Acrobatics","Prepared","Finisher","Prepared","Slice","Quick Slash","Prepared","Endless Agony","Backstab","J.A.X.","Backstab","Dagger Throw","Choke","Outmaneuver","Dagger Throw","Outmaneuver","Well Laid Plans"],"max_hp_per_floor":[70,70,70,70,70,70,70,70,70,70,70,70,70,70,70,70,70,70,70,70,70,70,70,70,70,70,70,70,70,70,70,70],"relics":["Ring of the Snake","Whetstone","Peace Pipe","Pen Nib","Ancient Tea Set","Tough Bandages","Lizard Tail","Omamori","Ninja Scroll"],"campfire_meditates":0,"card_choices":[{"not_picked":["Underhanded Strike","Dodge and Roll"],"picked":"Flying Knee"},{"not_picked":["Escape Plan","Prepared"],"picked":"Cloak And Dagger"},{"not_picked":["Deadly Poison","Flying Knee"],"picked":"Prepared"},{"not_picked":["Cloak And Dagger","Dodge and Roll"],"picked":"Finisher"},{"not_picked":["Flying Knee","Leg Sweep"],"picked":"Prepared"},{"not_picked":["Deadly Poison","Storm of Steel"],"picked":"Slice"},{"not_picked":["Quick Slash","Bane"],"picked":"Endless Agony"},{"not_picked":["Heel Hook","Malaise"],"picked":"Backstab"},{"not_picked":["Masterful Stab","Poisoned Stab"],"picked":"Dagger Throw"},{"not_picked":["Backflip","Slice"],"picked":"Choke"},{"not_picked":["PiercingWail","Dagger Throw"],"picked":"Outmaneuver"},{"not_picked":["Backflip","Deflect"],"picked":"Dagger Throw"},{"not_picked":["Dodge and Roll","Backflip"],"picked":"Outmaneuver"}],"player_experience":91055,"potions_floor_usage":[6,11,16,27,27,33,33],"damage_taken":[{"damage":0,"enemies":"Small Slimes","floor":1,"turns":4},{"damage":0,"enemies":"Jaw Worm","floor":2,"turns":3},{"damage":14,"enemies":"Gremlin Nob","floor":6,"turns":5},{"damage":0,"enemies":"2 Louse","floor":8,"turns":3},{"damage":8,"enemies":"Lots of Slimes","floor":10,"turns":4},{"damage":2,"enemies":"3 Sentries","floor":11,"turns":8},{"damage":0,"enemies":"Exordium Wildlife","floor":12,"turns":4},{"damage":0,"enemies":"Looter","floor":14,"turns":3},{"damage":9,"enemies":"Slime Boss","floor":16,"turns":10},{"damage":13,"enemies":"Shell Parasite","floor":18,"turns":5},{"damage":3,"enemies":"Spheric Guardian","floor":22,"turns":3},{"damage":5,"enemies":"Snake Plant","floor":24,"turns":2},{"damage":40,"enemies":"Snecko","floor":27,"turns":6},{"damage":6,"enemies":"3 Cultists","floor":28,"turns":4},{"damage":12,"enemies":"Slaver and Parasite","floor":30,"turns":4},{"damage":81,"enemies":"Collector","floor":33,"turns":6}],"event_choices":[{"event_name":"Shining Light","player_choice":"Entered Light","floor":4,"damage_taken":0},{"event_name":"Big Fish","player_choice":"Box","floor":5,"damage_taken":0},{"event_name":"Dead Adventurer","player_choice":"Searched \u00271\u0027 times","floor":11,"damage_taken":0},{"event_name":"Beggar","player_choice":"Ignored","floor":19,"damage_taken":0},{"event_name":"Drug Dealer","player_choice":"Got JAXXED","floor":20,"damage_taken":0},{"event_name":"Duplicator","player_choice":"One dupe","floor":21,"damage_taken":0}],"boss_relics":[{"not_picked":["Philosopher\u0027s Stone","Question Card"],"picked":"Lizard Tail"}],"potions_floor_spawned":[1,6,11,12,14,16,18,22,27],"seed_played":"-3266324834463909003","killed_by":"Collector","is_trial":false}