{"path_per_floor":["M","$","?","?","M","R","E","R","T","?","$","?","R","M","R","B",null,"M","M"],"character_chosen":"THE_SILENT","items_purchased":["Well Laid Plans","Prepared","Backflip","Infinite Blades"],"gold_per_floor":[149,31,131,131,141,141,175,175,175,175,5,5,5,15,15,114,114,129,144],"floor_reached":20,"campfire_rested":1,"playtime":3139,"current_hp_per_floor":[73,73,73,66,63,63,28,28,28,28,28,28,28,26,63,30,75,55,18],"items_purged":["Regret"],"gold":144,"play_id":"dea67b62-cd96-4c70-870a-a7a8841c9c71","is_prod":false,"is_daily":false,"campfire_rituals":0,"campfire_upgraded":3,"is_hardmode":false,"path_taken":["M","$","?","?","M","R","E","R","T","?","$","?","R","?","R","BOSS","M","M","M"],"build_version":"2018-01-11-PROD2","purchased_purges":1,"victory":false,"master_deck":["Defend_G","Defend_G","Defend_G","Defend_G","Defend_G","Strike_G","Strike_G","Strike_G","Strike_G","Strike_G","Survivor","Neutralize","Endless Agony","Finisher","Well Laid Plans","Prepared","Dagger Throw","Quick Slash","Backflip","Infinite Blades","Regret","Adrenaline","Neutralize","Outmaneuver","Doppelganger","Outmaneuver","Escape Plan"],"max_hp_per_floor":[75,75,75,75,75,75,75,75,75,75,75,75,75,75,75,75,75,75,75],"relics":["Tiny House","Ancient Tea Set","Snake Skull","Sundial","Regal Pillow","Black Star"],"campfire_meditates":0,"card_choices":[{"not_picked":["Heel Hook","Bane"],"picked":"Endless Agony"},{"not_picked":["Poisoned Stab","Deflect"],"picked":"Finisher"},{"not_picked":["Eviscerate","Dash"],"picked":"Dagger Throw"},{"not_picked":["Blur","Escape Plan"],"picked":"Quick Slash"},{"not_picked":["Backflip","Deadly Poison"],"picked":"Outmaneuver"},{"not_picked":["A Thousand Cuts","Burst"],"picked":"Doppelganger"},{"not_picked":["Sucker Punch","Dash"],"picked":"Outmaneuver"},{"not_picked":["All Out Attack","Finisher"],"picked":"Escape Plan"}],"player_experience":9377,"potions_floor_usage":[20,20],"damage_taken":[{"damage":2.0,"enemies":"Jaw Worm","floor":1.0,"turns":5.0},{"damage":3.0,"enemies":"Blue Slaver","floor":5.0,"turns":5.0},{"damage":35.0,"enemies":"Lagavulin","floor":7.0,"turns":8.0},{"damage":2.0,"enemies":"2 Louse","floor":14.0,"turns":2.0},{"damage":33.0,"enemies":"Slime Boss","floor":16.0,"turns":8.0},{"damage":20,"enemies":"Shell Parasite","floor":18,"turns":6},{"damage":37,"enemies":"Spheric Guardian","floor":19,"turns":6},{"damage":19,"enemies":"Centurion and Healer","floor":20,"turns":3}],"event_choices":[{"event_name":"Golden Shrine","player_choice":"Pray","floor":3.0,"damage_taken":0.0},{"event_name":"Scrap Ooze","player_choice":"success","floor":4.0,"damage_taken":7.0},{"event_name":"Big Fish","player_choice":"Box","floor":10.0,"damage_taken":0.0},{"event_name":"Match and Keep!","player_choice":"3 cards matched","floor":12.0,"damage_taken":0.0}],"boss_relics":[{"not_picked":["Cursed Key","Ectoplasm"],"picked":"Black Star"}],"potions_floor_spawned":[1,5,16,18],"seed_played":"-7685641494709183815","killed_by":"Centurion and Healer","is_trial":false}