{"path_per_floor":["M","M","?","M","M","R","E","M","T","?","?","M","$","$","R","B",null,"M","M","?","M","$","R","?","M","T","?","M","M","M","?","R","B",null,"M","M"],"character_chosen":"THE_SILENT","items_purchased":["Endless Agony","Strawberry","Endless Agony","Thinking Ahead"],"gold_per_floor":[148,167,167,180,192,192,225,235,317,392,392,409,374,155,155,259,259,270,283,283,300,91,91,91,105,105,105,125,139,150,150,150,249,249,265,276],"floor_reached":37,"campfire_rested":3,"playtime":10341,"current_hp_per_floor":[71,71,71,69,52,52,26,35,35,24,21,33,33,40,64,42,82,68,51,51,33,33,50,50,38,38,38,29,27,38,22,39,24,57,26,22],"items_purged":[],"gold":276,"play_id":"8b6fe2d5-fe86-4de6-b150-5ccfe80ad554","is_prod":false,"is_daily":false,"campfire_rituals":0,"campfire_upgraded":1,"is_hardmode":false,"path_taken":["M","M","?","M","M","R","E","M","T","?","?","M","?","$","R","BOSS","M","M","?","M","$","R","?","M","T","?","?","?","M","?","R","BOSS","M","M","?"],"build_version":"2018-01-11-PROD2","purchased_purges":2,"victory":false,"master_deck":["Defend_G","Defend_G","Defend_G","Defend_G","Defend_G","Survivor","Neutralize","Slice","Infinite Blades","Well Laid Plans","Flying Knee","Outmaneuver","Backflip","Quick Slash","Slice","Endless Agony","Endless Agony","A Thousand Cuts","Flying Knee","Sucker Punch","Slice","Prepared","Finisher","Prepared","Prepared","Bite_G","Bite_G","Bite_G","Bite_G","Bite_G","Skewer","Thinking Ahead","Finisher","Prepared","Dagger Throw","Quick Slash","A Thousand Cuts","Acrobatics","Backflip"],"max_hp_per_floor":[75,75,75,75,75,75,75,75,75,75,75,75,75,82,82,82,82,82,82,57,57,57,57,57,57,57,57,57,57,57,57,57,57,57,57,57],"relics":["Tiny House","Meat on the Bone","Mercury Hourglass","War Paint","Strawberry","Orrery","Frozen Eye","Enchiridion","Eternal Feather"],"campfire_meditates":0,"card_choices":[{"not_picked":["Poisoned Stab","Bouncing Flask"],"picked":"Slice"},{"not_picked":["Outmaneuver","Prepared"],"picked":"Infinite Blades"},{"not_picked":["Dodge and Roll","Eviscerate"],"picked":"Well Laid Plans"},{"not_picked":["Deflect","Calculated Gamble"],"picked":"Flying Knee"},{"not_picked":["Backflip","Quick Slash"],"picked":"Outmaneuver"},{"not_picked":["Distraction","Wraith Form"],"picked":"Backflip"},{"not_picked":["Poisoned Stab","Riddle With Holes"],"picked":"Quick Slash"},{"not_picked":["Dodge and Roll","Deflect"],"picked":"Slice"},{"not_picked":["Burst","Corpse Explosion"],"picked":"A Thousand Cuts"},{"not_picked":["Riddle With Holes","Poisoned Stab"],"picked":"Flying Knee"},{"not_picked":["PiercingWail","Leg Sweep"],"picked":"Sucker Punch"},{"not_picked":["Terror","Well Laid Plans"],"picked":"Slice"},{"not_picked":["Predator","Dagger Throw"],"picked":"Prepared"},{"not_picked":["Dodge and Roll","Infinite Blades"],"picked":"Finisher"},{"not_picked":["Backflip","Dodge and Roll"],"picked":"Prepared"},{"not_picked":["Poisoned Stab","Blur"],"picked":"Prepared"},{"not_picked":["Tools of the Trade","Sucker Punch"],"picked":"Skewer"},{"not_picked":["Dodge and Roll","Sucker Punch"],"picked":"Finisher"},{"not_picked":["Sucker Punch","Bane"],"picked":"Prepared"},{"not_picked":["Riddle With Holes","Slice"],"picked":"Dagger Throw"},{"not_picked":["Crippling Poison","Venomology"],"picked":"Quick Slash"},{"not_picked":["Die Die Die","Tools of the Trade"],"picked":"A Thousand Cuts"},{"not_picked":["Outmaneuver","Eviscerate"],"picked":"Acrobatics"},{"not_picked":["Bouncing Flask","Deadly Poison"],"picked":"Backflip"}],"player_experience":39457,"potions_floor_usage":[21,33,33,35,35],"damage_taken":[{"damage":4.0,"enemies":"Cultist","floor":1.0,"turns":4.0},{"damage":0.0,"enemies":"2 Louse","floor":2.0,"turns":3.0},{"damage":2.0,"enemies":"Jaw Worm","floor":4.0,"turns":4.0},{"damage":17.0,"enemies":"3 Louse","floor":5.0,"turns":4.0},{"damage":26.0,"enemies":"3 Sentries","floor":7.0,"turns":9.0},{"damage":3.0,"enemies":"Exordium Wildlife","floor":8.0,"turns":5.0},{"damage":0.0,"enemies":"2 Fungi Beasts","floor":12.0,"turns":3.0},{"damage":34.0,"enemies":"Slime Boss","floor":16.0,"turns":8.0},{"damage":14,"enemies":"Chosen","floor":18,"turns":5},{"damage":17,"enemies":"Shell Parasite","floor":19,"turns":5},{"damage":20,"enemies":"Snake Plant","floor":21,"turns":4},{"damage":18,"enemies":"Snecko","floor":25,"turns":4},{"damage":35,"enemies":"Centurion and Healer","floor":28,"turns":7},{"damage":22,"enemies":"Chosen and Byrds","floor":29,"turns":5},{"damage":5,"enemies":"3 Cultists","floor":30,"turns":3},{"damage":39,"enemies":"Collector","floor":33,"turns":7},{"damage":47,"enemies":"3 Darklings","floor":35,"turns":6},{"damage":18,"enemies":"3 Shapes","floor":36,"turns":9},{"damage":37,"enemies":"Maw","floor":37,"turns":4}],"event_choices":[{"event_name":"Golden Wing","player_choice":"Ignored","floor":3.0,"damage_taken":0.0},{"event_name":"World of Goop","player_choice":"Gather Gold","floor":10.0,"damage_taken":0.0},{"event_name":"Scrap Ooze","player_choice":"success","floor":11.0,"damage_taken":3.0},{"event_name":"Vampires","player_choice":"Became a vampire","floor":20,"damage_taken":0},{"event_name":"Upgrade Shrine","player_choice":"Upgraded","floor":24,"damage_taken":0},{"event_name":"Drug Dealer","player_choice":"Ignored","floor":27,"damage_taken":0},{"event_name":"Cursed Tome","player_choice":"Obtained Book","floor":31,"damage_taken":0}],"boss_relics":[{"not_picked":["Philosopher\u0027s Stone","Runic Pyramid"],"picked":"Orrery"},{"not_picked":["Question Card","Black Star"],"picked":"Eternal Feather"}],"potions_floor_spawned":[2,7,8,16,19,28,29,30,33],"seed_played":"-1601042599113514180","killed_by":"Maw","is_trial":false}