{"path_per_floor":["M","M","$","M","?","E","R","M","T","R","?","R","?","$","R","B",null,"M","$","?","M","M","R","?","R","T","E","M","R","M","M","R","B",null,"M","?","?","M","?","R","M","R","T","$","?","M","M","?","R"],"character_chosen":"THE_SILENT","items_purchased":["Choke","Ninja Scroll","Blade Dance","Well Laid Plans","Prepared","Happy Flower"],"gold_per_floor":[113,128,47,60,60,89,89,100,100,100,275,275,275,20,20,120,120,133,60,60,75,95,95,95,95,141,170,189,189,208,227,227,329,329,345,345,345,356,356,356,374,374,421,145,145,161,177,177,177],"floor_reached":50,"campfire_rested":6,"playtime":4434,"current_hp_per_floor":[70,70,70,70,70,56,56,48,48,69,69,69,69,69,69,8,70,70,70,70,59,57,70,70,70,77,54,54,77,57,57,57,11,77,57,57,57,50,50,73,57,77,77,77,77,54,37,37,60],"items_purged":[],"gold":177,"play_id":"3149b18c-b5f1-4656-afc8-b3e075bf5805","is_prod":false,"is_daily":false,"campfire_rituals":0,"campfire_upgraded":5,"is_hardmode":false,"path_taken":["M","M","$","M","?","E","R","M","T","R","?","R","?","$","R","BOSS","M","$","?","M","M","R","?","R","T","E","?","R","M","M","R","BOSS","M","?","?","M","?","R","M","R","T","?","?","?","M","?","R","BOSS"],"build_version":"2018-01-18-PROD4","purchased_purges":1,"victory":false,"master_deck":["Defend_G","Defend_G","Defend_G","Defend_G","Defend_G","Strike_G","Strike_G","Strike_G","Survivor","Neutralize","Cloak And Dagger","Cloak And Dagger","Choke","Flying Knee","Endless Agony","Quick Slash","Adrenaline","Endless Agony","Blade Dance","Escape Plan","Doppelganger","Adrenaline","Blade Dance","Finisher","Well Laid Plans","Prepared"],"max_hp_per_floor":[70,70,70,70,70,70,70,70,70,70,70,70,70,70,70,70,70,70,70,70,70,70,70,70,70,77,77,77,77,77,77,77,77,77,77,77,77,77,77,77,77,77,77,77,77,77,77,77,77],"relics":["Ring of the Snake","NeowsBlessing","Omamori","Art of War","Frozen Eye","Bag of Marbles","Ninja Scroll","Lizard Tail","Strawberry","Torii","White Beast Statue","Whetstone","Happy Flower","Bronze Scales"],"campfire_meditates":0,"card_choices":[{"not_picked":["Envenom","Backflip"],"picked":"Cloak And Dagger"},{"not_picked":["Flechettes","Terror"],"picked":"Cloak And Dagger"},{"not_picked":["Backflip","Deadly Poison"],"picked":"Flying Knee"},{"not_picked":["Sucker Punch","Dagger Spray"],"picked":"Endless Agony"},{"not_picked":["Acrobatics","Sucker Punch"],"picked":"Quick Slash"},{"not_picked":["Burst","Die Die Die"],"picked":"Adrenaline"},{"not_picked":["All Out Attack","Cloak And Dagger"],"picked":"Endless Agony"},{"not_picked":["Poisoned Stab","Acrobatics"],"picked":"Escape Plan"},{"not_picked":["Poisoned Stab","Malaise"],"picked":"Adrenaline"},{"not_picked":["Dash","Distraction"],"picked":"Finisher"}],"player_experience":148208,"potions_floor_usage":[50,50],"damage_taken":[{"damage":0.0,"enemies":"Small Slimes","floor":1.0,"turns":1.0},{"damage":0.0,"enemies":"2 Louse","floor":2.0,"turns":1.0},{"damage":0.0,"enemies":"Jaw Worm","floor":4.0,"turns":1.0},{"damage":14.0,"enemies":"3 Sentries","floor":6.0,"turns":8.0},{"damage":8.0,"enemies":"Large Slime","floor":8.0,"turns":5.0},{"damage":61.0,"enemies":"Hexaghost","floor":16.0,"turns":11.0},{"damage":0.0,"enemies":"3 Byrds","floor":18.0,"turns":4.0},{"damage":11.0,"enemies":"Chosen","floor":21.0,"turns":4.0},{"damage":2.0,"enemies":"3 Cultists","floor":22.0,"turns":4.0},{"damage":23.0,"enemies":"Book of Stabbing","floor":27.0,"turns":4.0},{"damage":0.0,"enemies":"Snake Plant","floor":28.0,"turns":1.0},{"damage":20.0,"enemies":"Snecko","floor":30.0,"turns":4.0},{"damage":0.0,"enemies":"Chosen and Byrds","floor":31.0,"turns":3.0},{"damage":112.0,"enemies":"Champ","floor":33.0,"turns":14.0},{"damage":20.0,"enemies":"3 Darklings","floor":35.0,"turns":5.0},{"damage":7.0,"enemies":"Orb Walker","floor":38.0,"turns":2.0},{"damage":16.0,"enemies":"4 Shapes","floor":41.0,"turns":5.0},{"damage":23.0,"enemies":"Maw","floor":46.0,"turns":7.0},{"damage":17.0,"enemies":"3 Darklings","floor":47.0,"turns":4.0},{"damage":86,"enemies":"Time Eater","floor":50,"turns":6}],"event_choices":[{"event_name":"Big Fish","player_choice":"Box","floor":5.0,"damage_taken":0.0},{"event_name":"Liars Game","player_choice":"agreed","floor":11.0,"damage_taken":0.0},{"event_name":"Dead Adventurer","player_choice":"Searched \u00272\u0027 times","floor":13.0,"damage_taken":0.0},{"event_name":"Vampires","player_choice":"Ignored","floor":20.0,"damage_taken":0.0},{"event_name":"Transmorgrifier","player_choice":"Transform","floor":24.0,"damage_taken":0.0},{"event_name":"Fountain of Cleansing","player_choice":"Removed Curse","floor":36.0,"damage_taken":0.0},{"event_name":"Transmorgrifier","player_choice":"Transform","floor":37.0,"damage_taken":0.0},{"event_name":"Tomb of Lord Red Mask","player_choice":"Ignored","floor":39.0,"damage_taken":0.0},{"event_name":"Wheel of Change","player_choice":"Relic","floor":45.0,"damage_taken":0.0},{"event_name":"Mysterious Sphere","player_choice":"Ignore","floor":48.0,"damage_taken":0.0}],"boss_relics":[],"potions_floor_spawned":[1,6,18,21,27,31,35,38,41,46,47],"seed_played":"4285890846507685548","killed_by":"Time Eater","is_trial":false}