{"path_per_floor":["M","?","$","?","?","R","?","?","T","R","M","M","M","?","R","B",null,"M","M","?","$","?","R","$","R","T","M","?","M"],"character_chosen":"THE_SILENT","items_purchased":["Secret Technique","Night Terror","Poisoned Stab","Meat on the Bone"],"gold_per_floor":[368,368,13,13,13,13,13,88,135,135,154,175,199,269,269,388,388,373,393,393,343,343,343,6,6,29,54,54,72],"floor_reached":30,"campfire_rested":4,"playtime":3031,"current_hp_per_floor":[28,28,28,28,28,49,49,38,38,59,57,55,50,18,39,10,70,35,28,28,28,28,36,36,65,65,44,44,22],"items_purged":["Injury"],"gold":72,"play_id":"4fafe276-5c82-46d1-9e47-a3e642a525f2","is_prod":false,"is_daily":false,"campfire_rituals":0,"campfire_upgraded":1,"is_hardmode":false,"path_taken":["M","?","$","?","?","R","?","?","T","R","M","?","?","?","R","BOSS","M","M","?","?","?","R","$","R","T","?","?","M","E"],"build_version":"2018-01-11-PROD2","purchased_purges":1,"victory":false,"master_deck":["Defend_G","Defend_G","Defend_G","Defend_G","Defend_G","Strike_G","Strike_G","Strike_G","Strike_G","Strike_G","Survivor","Neutralize","Noxious Fumes","Secret Technique","Night Terror","Poisoned Stab","Bane","PiercingWail","Crippling Poison","Poisoned Stab","Noxious Fumes","Noxious Fumes"],"max_hp_per_floor":[70,70,70,70,70,70,70,70,70,70,70,70,70,70,70,70,70,70,70,70,70,70,70,70,70,70,70,70,70],"relics":["Ring of the Snake","Golden Idol","Snake Skull","Calipers","Eternal Feather","Meat on the Bone","Dream Catcher"],"campfire_meditates":0,"card_choices":[{"not_picked":["Deadly Poison","Bouncing Flask"],"picked":"Noxious Fumes"},{"not_picked":["Quick Slash","Dodge and Roll"],"picked":"Poisoned Stab"},{"not_picked":["Reflex","Flying Knee"],"picked":"Bane"},{"not_picked":["Infinite Blades","Flying Knee"],"picked":"PiercingWail"},{"not_picked":["Slice","Flechettes"],"picked":"Noxious Fumes"}],"player_experience":59980,"potions_floor_usage":[14,16,30,30],"damage_taken":[{"damage":7,"enemies":"Small Slimes","floor":1,"turns":5},{"damage":2,"enemies":"2 Louse","floor":11,"turns":4},{"damage":2,"enemies":"Blue Slaver","floor":12,"turns":5},{"damage":5,"enemies":"Looter","floor":13,"turns":3},{"damage":32,"enemies":"3 Sentries","floor":14,"turns":8},{"damage":29,"enemies":"The Guardian","floor":16,"turns":12},{"damage":35,"enemies":"2 Thieves","floor":18,"turns":4},{"damage":7,"enemies":"Chosen","floor":19,"turns":7},{"damage":33,"enemies":"Centurion and Healer","floor":27,"turns":7},{"damage":34,"enemies":"3 Cultists","floor":29,"turns":6},{"damage":32,"enemies":"Gremlin Leader","floor":30,"turns":2}],"event_choices":[{"event_name":"Golden Idol","player_choice":"Take Wound","floor":2,"damage_taken":0},{"event_name":"Liars Game","player_choice":"disagreed","floor":4,"damage_taken":0},{"event_name":"Match and Keep!","player_choice":"0 cards matched","floor":5,"damage_taken":0},{"event_name":"Living Wall","player_choice":"Grow","floor":7,"damage_taken":0},{"event_name":"World of Goop","player_choice":"Gather Gold","floor":8,"damage_taken":0},{"event_name":"Dead Adventurer","player_choice":"Searched \u00271\u0027 times","floor":14,"damage_taken":0},{"event_name":"The Library","player_choice":"Read","floor":20,"damage_taken":0},{"event_name":"Duplicator","player_choice":"One dupe","floor":22,"damage_taken":0},{"event_name":"Addict","player_choice":"Ignored","floor":28,"damage_taken":0}],"boss_relics":[{"not_picked":["White Beast Statue","Question Card"],"picked":"Eternal Feather"}],"potions_floor_spawned":[11,12,16,19,29],"seed_played":"5222316276777611234","killed_by":"Gremlin Leader","is_trial":false}