{"path_per_floor":["M","$","?","$","M","E","R","M","T","E","M","R","E","M","R","B",null,"M","?","?","M","?"],"character_chosen":"THE_SILENT","items_purchased":["Infinite Blades","Cloak And Dagger"],"gold_per_floor":[119,3,3,3,27,63,63,86,86,119,135,135,170,194,194,314,314,330,330,330,341,341],"floor_reached":23,"campfire_rested":2,"playtime":1554,"current_hp_per_floor":[70,70,53,53,53,53,53,49,49,48,41,77,49,39,77,49,77,43,53,53,51,35],"items_purged":[],"gold":341,"play_id":"84d301fa-8e71-4863-894f-fa132a3797b0","is_prod":false,"is_daily":false,"is_ascension_mode":true,"campfire_upgraded":1,"path_taken":["M","?","?","$","M","E","R","M","T","E","M","R","E","?","R","BOSS","M","?","?","M","?","E"],"build_version":"2018-02-01-PROD3","purchased_purges":0,"victory":false,"master_deck":["Defend_G","Defend_G","Defend_G","Defend_G","Defend_G","Strike_G","Strike_G","Strike_G","Strike_G","Strike_G","Survivor","Neutralize","Infinite Blades","Infinite Blades","Cloak And Dagger","Envenom+1","PiercingWail","Choke","Storm of Steel","Cloak And Dagger"],"max_hp_per_floor":[70,70,70,70,70,70,70,70,70,77,77,77,77,77,77,77,77,77,87,87,87,87],"relics":["Ring of the Snake","NeowsBlessing","Bloody Idol","Regal Pillow","Oddly Smooth Stone","Strawberry","Bottled Flame","Question Card","Pear","Enchiridion"],"card_choices":[{"not_picked":["Prepared","Escape Plan"],"picked":"Infinite Blades"},{"not_picked":["Poisoned Stab","Reflex"],"picked":"Envenom"},{"not_picked":["Quick Slash","Eviscerate"],"picked":"PiercingWail"},{"not_picked":["Cloak And Dagger","Masterful Stab"],"picked":"Choke"},{"not_picked":["Tools of the Trade","Corpse Explosion"],"picked":"Storm of Steel"},{"not_picked":["Backflip","Dagger Spray","Blur"],"picked":"Cloak And Dagger"}],"player_experience":312339,"potions_floor_usage":[23,23,23],"damage_taken":[{"damage":0.0,"enemies":"Blue Slaver","floor":1.0,"turns":1.0},{"damage":0.0,"enemies":"Small Slimes","floor":5.0,"turns":1.0},{"damage":0.0,"enemies":"Gremlin Nob","floor":6.0,"turns":1.0},{"damage":4.0,"enemies":"Jaw Worm","floor":8.0,"turns":4.0},{"damage":8.0,"enemies":"Lagavulin","floor":10.0,"turns":7.0},{"damage":7.0,"enemies":"Exordium Wildlife","floor":11.0,"turns":5.0},{"damage":28.0,"enemies":"Gremlin Nob","floor":13.0,"turns":5.0},{"damage":10.0,"enemies":"Gremlin Gang","floor":14.0,"turns":5.0},{"damage":28.0,"enemies":"Slime Boss","floor":16.0,"turns":10.0},{"damage":34.0,"enemies":"2 Thieves","floor":18.0,"turns":5.0},{"damage":7.0,"enemies":"3 Byrds","floor":21.0,"turns":6.0},{"damage":35,"enemies":"Gremlin Leader","floor":23,"turns":4}],"event_choices":[{"event_name":"Golden Idol","player_choice":"Take Damage","floor":3.0,"damage_taken":0.0},{"event_name":"The Mausoleum","player_choice":"Yes","floor":19.0,"damage_taken":0.0},{"event_name":"Forgotten Altar","player_choice":"Gave Idol","floor":20.0,"damage_taken":0.0},{"event_name":"Cursed Tome","player_choice":"Obtained Book","floor":22.0,"damage_taken":0.0}],"boss_relics":[],"potions_floor_spawned":[1,6,10,18],"seed_played":"4869176370568193412","killed_by":"Gremlin Leader","ascension_level":4,"is_trial":false}