{"path_per_floor":["M","?","?","$","?","M","E","R","T","R","$","M","R","E","R","B",null,"M","?","$","M","$","R","M","M","T","E","$","R","?","?","R"],"character_chosen":"THE_SILENT","items_purchased":["Dagger Throw","Reflex","Bag of Marbles","Backstab","Dagger Throw","Singing Bowl"],"gold_per_floor":[116,66,66,41,41,59,97,97,179,179,140,154,154,188,188,309,309,332,332,36,52,6,6,26,49,126,165,11,11,11,11,11],"floor_reached":33,"campfire_rested":5,"playtime":2342,"current_hp_per_floor":[57,57,54,54,54,54,19,38,38,57,57,55,55,47,65,1,65,65,65,65,65,65,65,54,54,54,23,23,42,26,26,45],"items_purged":["Backflip"],"gold":11,"play_id":"af1925a5-5c47-4d27-9994-0418c4932ad0","is_prod":false,"is_daily":false,"is_ascension_mode":true,"campfire_upgraded":2,"path_taken":["M","?","?","$","?","M","E","R","T","R","?","M","R","E","R","BOSS","M","?","$","M","$","R","M","M","T","E","$","R","?","?","R","BOSS"],"build_version":"2018-02-01-PROD3","purchased_purges":1,"victory":false,"master_deck":["Survivor","Neutralize","Cloak And Dagger","Dagger Throw","Dagger Throw","Reflex+1","Infinite Blades+1","Venomology","Deadly Poison","Underhanded Strike+1","Sucker Punch+1","Bane+1","Acrobatics","Underhanded Strike+1","Masterful Stab+1","Backstab+1","Acrobatics","Dagger Throw+1","Deadly Poison+1","Prepared+1","A Thousand Cuts","Necronomicurse"],"max_hp_per_floor":[70,70,70,70,65,65,65,65,65,65,65,65,65,65,65,65,65,65,65,65,65,65,65,65,65,65,65,65,65,65,65,65],"relics":["Ring of the Snake","Dodecahedron","Golden Idol","Blood Vial","Molten Egg 2","Happy Flower","Pandora\u0027s Box","Bag of Marbles","Tiny Chest","Juzu Bracelet","Singing Bowl","Necronomicon","Oddly Smooth Stone"],"card_choices":[{"not_picked":["PiercingWail","Slice"],"picked":"Cloak And Dagger"},{"not_picked":["Underhanded Strike","Glass Knife"],"picked":"Dagger Throw"},{"not_picked":["Underhanded Strike","Flying Knee"],"picked":"Infinite Blades"},{"not_picked":["Unload","Grand Finale"],"picked":"Venomology"},{"not_picked":["Outmaneuver","Underhanded Strike"],"picked":"Acrobatics"},{"not_picked":["Quick Slash","Backflip"],"picked":"Deadly Poison"},{"not_picked":["Poisoned Stab","Distraction"],"picked":"Prepared"},{"not_picked":["Accuracy","Caltrops"],"picked":"A Thousand Cuts"}],"player_experience":316355,"potions_floor_usage":[14,16,27,27,33],"damage_taken":[{"damage":13,"enemies":"Jaw Worm","floor":1,"turns":6},{"damage":0,"enemies":"Cultist","floor":6,"turns":4},{"damage":35,"enemies":"Gremlin Nob","floor":7,"turns":5},{"damage":4,"enemies":"Blue Slaver","floor":12,"turns":5},{"damage":10,"enemies":"3 Sentries","floor":14,"turns":6},{"damage":64,"enemies":"Slime Boss","floor":16,"turns":13},{"damage":0,"enemies":"Chosen","floor":18,"turns":3},{"damage":0,"enemies":"2 Thieves","floor":21,"turns":2},{"damage":11,"enemies":"Sentry and Sphere","floor":24,"turns":4},{"damage":2,"enemies":"Centurion and Healer","floor":25,"turns":3},{"damage":33,"enemies":"Gremlin Leader","floor":27,"turns":5},{"damage":58,"enemies":"Champ","floor":33,"turns":8}],"event_choices":[{"event_name":"The Cleric","player_choice":"Card Removal","floor":2,"damage_taken":0},{"event_name":"Scrap Ooze","player_choice":"success","floor":3,"damage_taken":3},{"event_name":"Golden Idol","player_choice":"Lose Max HP","floor":5,"damage_taken":0},{"event_name":"Back to Basics","player_choice":"Elegance","floor":19,"damage_taken":0},{"event_name":"Cursed Tome","player_choice":"Obtained Book","floor":30,"damage_taken":0},{"event_name":"The Mausoleum","player_choice":"Yes","floor":31,"damage_taken":0}],"boss_relics":[{"not_picked":["Question Card","Tiny House"],"picked":"Pandora\u0027s Box"}],"potions_floor_spawned":[12,14,24],"seed_played":"-8598416219338575102","killed_by":"Champ","ascension_level":4,"is_trial":false}