{"path_per_floor":["M","?","M","M","M","R","$","E","T","R","M","R","M","M","R","B",null,"M","?","?","$","M","R","M","?","T","$","T","R","$","?","R","B",null,"M","M","?","$","?","R","M","R","T","R","E","$","M","?","R","B"],"character_chosen":"THE_SILENT","items_purchased":["A Thousand Cuts","Blade Dance","Apotheosis","Concentrate"],"gold_per_floor":[119,294,309,324,343,343,64,96,96,96,114,114,125,135,135,235,235,245,245,160,60,79,79,93,93,116,116,116,116,116,116,116,217,217,233,245,245,37,89,89,108,108,108,108,139,104,116,116,116,116],"floor_reached":51,"campfire_rested":2,"playtime":3467,"current_hp_per_floor":[70,70,65,63,59,59,59,54,54,54,39,60,60,60,60,56,70,70,70,70,70,70,70,68,68,68,68,68,68,68,68,68,53,70,70,70,70,70,57,57,52,70,70,70,66,66,51,68,68,12],"items_purged":["Doubt","Setup"],"gold":116,"play_id":"a9b561df-7756-4fdc-88df-c61b3fd32db1","is_prod":false,"is_daily":false,"is_ascension_mode":true,"campfire_upgraded":7,"path_taken":["M","?","?","M","M","R","$","E","T","R","M","R","?","M","R","BOSS","M","?","?","?","M","R","M","?","T","$","?","R","$","?","R","BOSS","M","M","?","$","?","R","M","R","T","R","E","$","M","?","R","BOSS"],"build_version":"2018-02-01-PROD3","purchased_purges":2,"victory":true,"master_deck":["Survivor","Neutralize","Masterful Stab","Blade Dance+1","Cloak And Dagger","A Thousand Cuts+1","Blade Dance+1","Terror","Backstab","Infinite Blades+1","Unload","Bane","Poisoned Stab","Cloak And Dagger","Underhanded Strike","Blur","Noxious Fumes+1","Cloak And Dagger","Bane","Well Laid Plans","Footwork+1","Accuracy+1","Bullet Time","Backstab","Infinite Blades+1","Adrenaline","Finisher+1","Apotheosis+1","Infinite Blades","Concentrate","Writhe"],"max_hp_per_floor":[70,70,70,70,70,70,70,70,70,70,70,70,70,70,70,70,70,70,70,70,70,70,70,70,70,70,70,70,70,70,70,70,70,70,70,70,70,70,70,70,70,70,70,70,70,70,70,70,70,70],"relics":["Sozu","Mercury Hourglass","Dead Branch","Pandora\u0027s Box","Ninja Scroll","Juzu Bracelet","Tingsha","Lizard Tail","Calipers","Shovel","Shuriken","Bag of Preparation","Anchor"],"card_choices":[{"not_picked":["Caltrops","Sucker Punch"],"picked":"Masterful Stab"},{"not_picked":["Bane","Leg Sweep"],"picked":"Blade Dance"},{"not_picked":["Dagger Throw","Poisoned Stab"],"picked":"Cloak And Dagger"},{"not_picked":["Catalyst","Sucker Punch"],"picked":"Terror"},{"not_picked":["Deflect","PiercingWail"],"picked":"Backstab"},{"not_picked":["Sucker Punch","Bane"],"picked":"Infinite Blades"},{"not_picked":["Die Die Die","Tools of the Trade"],"picked":"Unload"},{"not_picked":["Escape Plan","Bane"],"picked":"Footwork"},{"not_picked":["Deadly Poison","Quick Slash"],"picked":"Accuracy"},{"not_picked":["Venomology","Tactician"],"picked":"Adrenaline"},{"not_picked":["Footwork","Setup"],"picked":"Finisher"},{"not_picked":["Backflip","Bouncing Flask"],"picked":"Infinite Blades"}],"player_experience":286942,"potions_floor_usage":[],"damage_taken":[{"damage":0.0,"enemies":"Small Slimes","floor":1.0,"turns":5.0},{"damage":5.0,"enemies":"Cultist","floor":3.0,"turns":4.0},{"damage":2.0,"enemies":"2 Louse","floor":4.0,"turns":3.0},{"damage":4.0,"enemies":"Lots of Slimes","floor":5.0,"turns":4.0},{"damage":5.0,"enemies":"3 Sentries","floor":8.0,"turns":7.0},{"damage":15.0,"enemies":"Gremlin Gang","floor":11.0,"turns":2.0},{"damage":0.0,"enemies":"Looter","floor":13.0,"turns":2.0},{"damage":0.0,"enemies":"3 Louse","floor":14.0,"turns":1.0},{"damage":4.0,"enemies":"Slime Boss","floor":16.0,"turns":3.0},{"damage":0.0,"enemies":"Spheric Guardian","floor":18.0,"turns":2.0},{"damage":0.0,"enemies":"Chosen","floor":22.0,"turns":2.0},{"damage":2.0,"enemies":"Snecko","floor":24.0,"turns":3.0},{"damage":15.0,"enemies":"Champ","floor":33.0,"turns":6.0},{"damage":0.0,"enemies":"Orb Walker","floor":35.0,"turns":2.0},{"damage":0.0,"enemies":"3 Shapes","floor":36.0,"turns":2.0},{"damage":13,"enemies":"Mysterious Sphere","floor":39,"turns":3},{"damage":5,"enemies":"3 Darklings","floor":41,"turns":3},{"damage":4,"enemies":"Nemesis","floor":45,"turns":4},{"damage":15,"enemies":"4 Shapes","floor":47,"turns":2},{"damage":56,"enemies":"Donu and Deca","floor":50,"turns":6}],"event_choices":[{"event_name":"Liars Game","player_choice":"agreed","floor":2.0,"damage_taken":0.0},{"event_name":"Drug Dealer","player_choice":"Ignored","floor":19.0,"damage_taken":0.0},{"event_name":"Addict","player_choice":"Obtained Relic","floor":20.0,"damage_taken":0.0},{"event_name":"Match and Keep!","player_choice":"2 cards matched","floor":25.0,"damage_taken":0.0},{"event_name":"Duplicator","player_choice":"One dupe","floor":31.0,"damage_taken":0.0},{"event_name":"Tomb of Lord Red Mask","player_choice":"Ignored","floor":37.0,"damage_taken":0.0},{"event_name":"Mysterious Sphere","player_choice":"Fight","floor":39,"damage_taken":0},{"event_name":"Winding Halls","player_choice":"Writhe","floor":48,"damage_taken":0}],"boss_relics":[],"potions_floor_spawned":[1,3,11,14,16,33,35,41,47],"seed_played":"5524488707239851875","ascension_level":3,"is_trial":false}