{"path_per_floor":["M","?","$","?","$","E","R","M","T","E","M","?","M","E","R","B",null,"M","?","M","?","$","R","E","R","T","M","$","M","?","M","R","B",null,"M","M","?","M","?","R","E","T","T","R","$","R","M","M","R"],"character_chosen":"THE_SILENT","items_purchased":["Apotheosis","Infinite Blades","Shovel","Pen Nib","Accuracy"],"gold_per_floor":[114,364,114,114,34,59,59,70,70,401,419,419,430,456,456,556,556,544,544,564,564,160,160,194,194,217,234,109,122,122,138,138,239,239,259,272,272,282,282,282,308,308,388,388,16,16,26,45,45],"floor_reached":50,"campfire_rested":5,"playtime":4333,"current_hp_per_floor":[70,70,70,70,70,70,70,70,70,68,67,67,63,59,59,51,70,38,38,23,23,23,44,2,23,23,25,25,17,40,35,56,35,70,53,47,47,30,30,51,52,52,52,52,52,70,69,69,69],"items_purged":["Regret","Regret","Strike_G","Doubt"],"gold":45,"play_id":"58626498-fd84-43ca-897d-800880c7a0f2","is_prod":false,"is_daily":false,"is_ascension_mode":true,"campfire_upgraded":2,"path_taken":["M","?","$","?","$","E","R","?","T","E","M","?","?","E","R","BOSS","M","?","?","?","?","R","E","R","T","M","$","?","?","M","R","BOSS","M","?","?","?","?","R","E","?","T","R","$","R","M","M","R","BOSS"],"build_version":"2018-02-01-PROD3","purchased_purges":4,"victory":false,"master_deck":["Defend_G","Defend_G+1","Defend_G","Defend_G+1","Defend_G","Strike_G","Strike_G","Survivor","Neutralize+1","Well Laid Plans+1","Apotheosis+1","Infinite Blades+1","Noxious Fumes","Envenom","Backstab","Envenom","Backstab","Noxious Fumes","PiercingWail","Backstab+1","After Image","Doubt","Decay","Cloak And Dagger","Prepared+1","Cloak And Dagger+1","Accuracy","Accuracy"],"max_hp_per_floor":[70,70,70,70,70,70,70,70,70,70,70,70,70,70,70,70,70,70,70,70,70,70,70,70,70,70,70,70,70,70,70,70,70,70,70,70,70,70,70,70,70,70,70,70,70,70,70,70,70],"relics":["Ring of the Snake","NeowsBlessing","Paper Crane","Happy Flower","Old Coin","War Paint","Torii","Sozu","Oddly Smooth Stone","Shovel","Girya","Blood Vial","Calling Bell","Gambling Chip","Tingsha","Bag of Marbles","Bag of Preparation","Du-Vu Doll","Mummified Hand","Whetstone","Pen Nib"],"card_choices":[{"not_picked":["Caltrops","Dagger Throw"],"picked":"Well Laid Plans"},{"not_picked":["Catalyst","Masterful Stab"],"picked":"Noxious Fumes"},{"not_picked":["Poisoned Stab","Well Laid Plans"],"picked":"Envenom"},{"not_picked":["Reflex","PiercingWail"],"picked":"Backstab"},{"not_picked":["A Thousand Cuts","Burst"],"picked":"Envenom"},{"not_picked":["Crippling Poison","Sucker Punch"],"picked":"Backstab"},{"not_picked":["Terror","Calculated Gamble"],"picked":"PiercingWail"},{"not_picked":["Cloak And Dagger","Dagger Throw"],"picked":"Backstab"},{"not_picked":["Adrenaline","Grand Finale"],"picked":"After Image"},{"not_picked":["Flying Knee","Well Laid Plans"],"picked":"Cloak And Dagger"},{"not_picked":["Quick Slash","Dagger Spray"],"picked":"Prepared"},{"not_picked":["Accuracy","Dodge and Roll"],"picked":"Cloak And Dagger"},{"not_picked":["Blur","Cloak And Dagger"],"picked":"Accuracy"}],"player_experience":319802,"potions_floor_usage":[],"damage_taken":[{"damage":0.0,"enemies":"Jaw Worm","floor":1.0,"turns":1.0},{"damage":0.0,"enemies":"Gremlin Nob","floor":6.0,"turns":1.0},{"damage":0.0,"enemies":"Blue Slaver","floor":8.0,"turns":1.0},{"damage":2.0,"enemies":"Lagavulin","floor":10.0,"turns":6.0},{"damage":1.0,"enemies":"Small Slimes","floor":11.0,"turns":3.0},{"damage":4.0,"enemies":"Red Slaver","floor":13.0,"turns":4.0},{"damage":4.0,"enemies":"3 Sentries","floor":14.0,"turns":6.0},{"damage":8.0,"enemies":"The Guardian","floor":16.0,"turns":8.0},{"damage":32.0,"enemies":"2 Thieves","floor":18.0,"turns":4.0},{"damage":15.0,"enemies":"Shell Parasite","floor":20.0,"turns":6.0},{"damage":42.0,"enemies":"Slavers","floor":24.0,"turns":6.0},{"damage":0.0,"enemies":"Sentry and Sphere","floor":27.0,"turns":7.0},{"damage":10.0,"enemies":"Centurion and Healer","floor":29.0,"turns":6.0},{"damage":7.0,"enemies":"Snecko","floor":31.0,"turns":5.0},{"damage":23.0,"enemies":"Automaton","floor":33.0,"turns":11.0},{"damage":17.0,"enemies":"Orb Walker","floor":35.0,"turns":4.0},{"damage":8.0,"enemies":"3 Shapes","floor":36.0,"turns":6.0},{"damage":19.0,"enemies":"Maw","floor":38.0,"turns":8.0},{"damage":1.0,"enemies":"Giant Head","floor":41.0,"turns":9.0},{"damage":1.0,"enemies":"Sphere and 2 Shapes","floor":47.0,"turns":5.0},{"damage":1.0,"enemies":"4 Shapes","floor":48.0,"turns":4.0},{"damage":86,"enemies":"Awakened One","floor":50,"turns":6}],"event_choices":[{"event_name":"Golden Shrine","player_choice":"Desecrate","floor":2.0,"damage_taken":0.0},{"event_name":"Bonfire Elementals","player_choice":"BASIC","floor":4.0,"damage_taken":0.0},{"event_name":"Big Fish","player_choice":"Box","floor":12.0,"damage_taken":0.0},{"event_name":"Duplicator","player_choice":"One dupe","floor":19.0,"damage_taken":0.0},{"event_name":"The Mausoleum","player_choice":"Yes","floor":21.0,"damage_taken":0.0},{"event_name":"The Library","player_choice":"Heal","floor":30.0,"damage_taken":0.0},{"event_name":"Upgrade Shrine","player_choice":"Upgraded","floor":39.0,"damage_taken":0.0}],"boss_relics":[],"potions_floor_spawned":[1,8,13,14,20,24,27,33,36,41,48],"seed_played":"-3984602512718484775","killed_by":"Awakened One","ascension_level":4,"is_trial":false}