{"path_per_floor":["M","M","?","?","$","E","M","R","T","M","R","E","R","M","R","B",null,"M","?","M","?","M","R","M","$","T","R","?","M","R","?","R","B",null,"M","M","?","?","$","R","E","R","T","M","R","?","?","M","R","B"],"character_chosen":"THE_SILENT","items_purchased":["Accuracy","Cloak And Dagger","Anchor","Ancient Potion"],"gold_per_floor":[116,134,134,134,67,100,113,113,139,155,155,189,189,199,199,302,302,313,313,328,328,339,339,356,76,76,76,76,95,95,95,95,194,194,204,217,217,217,66,66,95,95,95,112,112,0,0,16,16,16],"floor_reached":51,"campfire_rested":8,"playtime":4982,"current_hp_per_floor":[70,64,64,70,70,23,22,43,43,19,40,32,53,41,62,50,70,58,58,25,25,39,60,57,57,57,57,57,37,70,61,61,75,75,63,40,40,58,58,58,46,75,75,62,62,62,62,45,75,4],"items_purged":["Concentrate","Writhe"],"gold":16,"play_id":"75e2c9c9-f5aa-40fe-aca9-84977a95679e","is_prod":false,"is_daily":false,"is_ascension_mode":true,"campfire_upgraded":4,"path_taken":["M","M","?","?","?","E","M","R","T","M","R","E","R","M","R","BOSS","M","?","M","?","M","R","M","$","T","R","?","?","R","?","R","BOSS","M","M","?","?","$","R","E","R","T","M","R","?","?","?","R","BOSS"],"build_version":"2018-02-01-PROD3","purchased_purges":2,"victory":true,"master_deck":["Survivor","Neutralize+1","Accuracy+1","Cloak And Dagger","Blade Dance+1","Infinite Blades","A Thousand Cuts+1","Flying Knee","Sucker Punch","Well Laid Plans","Cloak And Dagger","Cloak And Dagger","Terror+1","Prepared","Prepared","Infinite Blades+1","Cloak And Dagger","Bite","Bite","Bite","Bite","Bite","After Image","Escape Plan+1","Infinite Blades+1"],"max_hp_per_floor":[70,70,70,70,70,70,70,70,70,70,70,70,70,70,70,70,70,70,70,70,70,70,70,70,70,70,70,70,70,70,75,75,75,75,75,75,75,75,75,75,75,75,75,75,75,75,75,75,75,75],"relics":["Ring of the Snake","Pen Nib","Letter Opener","Pandora\u0027s Box","Gremlin Horn","Anchor","Regal Pillow","Oddly Smooth Stone","Mummified Hand","Red Mask"],"card_choices":[{"not_picked":["Underhanded Strike","Prepared"],"picked":"Cloak And Dagger"},{"not_picked":["Blur","Sucker Punch"],"picked":"Blade Dance"},{"not_picked":["Reflex","Dagger Throw"],"picked":"Infinite Blades"},{"not_picked":["Tactician","Glass Knife"],"picked":"A Thousand Cuts"},{"not_picked":["Glass Knife","Phantasmal Killer"],"picked":"After Image"},{"not_picked":["Sucker Punch","Outmaneuver"],"picked":"Escape Plan"},{"not_picked":["Concentrate","Riddle With Holes"],"picked":"Infinite Blades"}],"player_experience":278276,"potions_floor_usage":[50,50,50],"damage_taken":[{"damage":0.0,"enemies":"Jaw Worm","floor":1.0,"turns":4.0},{"damage":6.0,"enemies":"2 Louse","floor":2.0,"turns":3.0},{"damage":47.0,"enemies":"3 Sentries","floor":6.0,"turns":16.0},{"damage":3.0,"enemies":"Blue Slaver","floor":7.0,"turns":6.0},{"damage":26.0,"enemies":"Large Slime","floor":10.0,"turns":13.0},{"damage":10.0,"enemies":"Lagavulin","floor":12.0,"turns":12.0},{"damage":14.0,"enemies":"Exordium Thugs","floor":14.0,"turns":4.0},{"damage":14.0,"enemies":"Hexaghost","floor":16.0,"turns":10.0},{"damage":12.0,"enemies":"Shell Parasite","floor":18.0,"turns":3.0},{"damage":35.0,"enemies":"3 Byrds","floor":20.0,"turns":3.0},{"damage":18.0,"enemies":"Centurion and Healer","floor":22.0,"turns":16.0},{"damage":5.0,"enemies":"Snecko","floor":24.0,"turns":4.0},{"damage":30.0,"enemies":"Slaver and Parasite","floor":29.0,"turns":5.0},{"damage":6.0,"enemies":"Champ","floor":33.0,"turns":9.0},{"damage":15.0,"enemies":"Orb Walker","floor":35.0,"turns":4.0},{"damage":33.0,"enemies":"3 Darklings","floor":36.0,"turns":5.0},{"damage":16,"enemies":"Giant Head","floor":41,"turns":6},{"damage":23,"enemies":"4 Shapes","floor":44,"turns":8},{"damage":31,"enemies":"Maw","floor":48,"turns":6},{"damage":98,"enemies":"Awakened One","floor":50,"turns":8}],"event_choices":[{"event_name":"Living Wall","player_choice":"Forget","floor":3.0,"damage_taken":0.0},{"event_name":"Wheel of Change","player_choice":"Full Heal","floor":4.0,"damage_taken":0.0},{"event_name":"The Mausoleum","player_choice":"Yes","floor":19.0,"damage_taken":0.0},{"event_name":"Duplicator","player_choice":"One dupe","floor":21.0,"damage_taken":0.0},{"event_name":"Vampires","player_choice":"Became a vampire (Vial)","floor":28.0,"damage_taken":0.0},{"event_name":"Forgotten Altar","player_choice":"Shed Blood","floor":31.0,"damage_taken":0.0},{"event_name":"Accursed Blacksmith","player_choice":"Forge","floor":37.0,"damage_taken":0.0},{"event_name":"Winding Halls","player_choice":"Writhe","floor":38.0,"damage_taken":0.0},{"event_name":"Tomb of Lord Red Mask","player_choice":"Paid","floor":46,"damage_taken":0},{"event_name":"Mysterious Sphere","player_choice":"Ignore","floor":47,"damage_taken":0}],"boss_relics":[],"potions_floor_spawned":[1,10,12,14,20,29,41,44,48],"seed_played":"8172741725681205022","ascension_level":2,"is_trial":false}