{"path_per_floor":["M","?","?","M","$","E","R","E","T","M","R","M","M","$","R","B",null,"M","M","$","M","M"],"character_chosen":"THE_SILENT","items_purchased":["Choke","Accuracy"],"gold_per_floor":[111,141,91,106,28,62,62,93,120,134,134,146,164,89,89,185,185,203,220,45,60,70],"floor_reached":23,"campfire_rested":2,"playtime":6239,"current_hp_per_floor":[70,70,70,70,70,42,63,50,50,50,70,55,51,51,51,25,70,70,70,70,46,8],"items_purged":["Clumsy","Strike_G"],"gold":70,"play_id":"10794a14-22b0-44d8-9747-bf3d44ea12fd","is_prod":false,"is_daily":false,"is_ascension_mode":false,"campfire_upgraded":1,"path_taken":["M","?","?","M","$","E","R","E","T","?","R","M","M","$","R","BOSS","M","?","$","M","M","E"],"build_version":"2018-01-25-PROD3","purchased_purges":4,"victory":false,"master_deck":["Defend_G","Defend_G","Defend_G","Defend_G","Defend_G","Strike_G","Strike_G","Survivor","Neutralize","Prepared","Storm of Steel+1","Choke","Bullet Time","Blade Dance","Prepared","Accuracy"],"max_hp_per_floor":[70,70,70,70,70,70,70,70,70,70,70,70,70,70,70,70,70,70,70,70,70,70],"relics":["Ring of the Snake","Tiny Chest","Bag of Preparation","Bag of Marbles","Prayer Wheel","Lizard Tail"],"card_choices":[{"not_picked":["PiercingWail","Deadly Poison"],"picked":"Bullet Time"},{"not_picked":["Storm of Steel","Malaise"],"picked":"Blade Dance"},{"not_picked":["Backflip","All Out Attack"],"picked":"Prepared"}],"player_experience":214599,"potions_floor_usage":[],"damage_taken":[{"damage":0.0,"enemies":"2 Louse","floor":1.0,"turns":2.0},{"damage":0.0,"enemies":"Blue Slaver","floor":4.0,"turns":5.0},{"damage":28.0,"enemies":"3 Sentries","floor":6.0,"turns":11.0},{"damage":13.0,"enemies":"Lagavulin","floor":8.0,"turns":5.0},{"damage":0.0,"enemies":"Jaw Worm","floor":10.0,"turns":1.0},{"damage":15.0,"enemies":"3 Louse","floor":12.0,"turns":3.0},{"damage":4.0,"enemies":"Gremlin Gang","floor":13.0,"turns":4.0},{"damage":26.0,"enemies":"Slime Boss","floor":16.0,"turns":6.0},{"damage":0.0,"enemies":"3 Byrds","floor":18.0,"turns":3.0},{"damage":0.0,"enemies":"Shell Parasite","floor":19.0,"turns":1.0},{"damage":24.0,"enemies":"Snake Plant","floor":21.0,"turns":4.0},{"damage":38.0,"enemies":"Snecko","floor":22.0,"turns":8.0},{"damage":52,"enemies":"Gremlin Leader","floor":23,"turns":5}],"event_choices":[{"event_name":"Accursed Blacksmith","player_choice":"Rummage","floor":2.0,"damage_taken":0.0},{"event_name":"The Cleric","player_choice":"Card Removal","floor":3.0,"damage_taken":0.0}],"boss_relics":[],"potions_floor_spawned":[1,4,6,13,16,18,22],"seed_played":"-755764108143606185","killed_by":"Gremlin Leader","ascension_level":0,"is_trial":false}