{"path_per_floor":["M","$","M","?","?","R","T","R","T","R","M","E","M","M","R","B",null,"M","?","?","M","M","R"],"character_chosen":"THE_SILENT","items_purchased":["Footwork","Escape Plan"],"gold_per_floor":[113,2,15,15,315,315,315,315,315,315,330,361,372,387,387,487,487,501,501,501,512,522,522],"floor_reached":24,"campfire_rested":2,"playtime":1064,"current_hp_per_floor":[70,70,68,54,54,54,54,54,54,54,54,30,28,22,43,2,70,54,41,41,30,16,38],"items_purged":[],"gold":522,"score":235,"play_id":"fa3ff585-a609-4085-8cf4-12cc65d381d3","is_prod":false,"is_daily":false,"is_ascension_mode":true,"campfire_upgraded":3,"path_taken":["M","$","M","?","?","R","?","R","T","R","M","E","M","M","R","BOSS","M","?","?","M","?","R","E"],"build_version":"2018-02-12-PROD1","purchased_purges":0,"victory":false,"master_deck":["Defend_G","Defend_G","Defend_G","Defend_G+1","Defend_G","Strike_G","Strike_G","Strike_G","Strike_G","Strike_G+1","Survivor","Neutralize+1","Footwork+1","Escape Plan","Quick Slash+1","Regret","Prepared","Terror","Dagger Throw","Adrenaline","Expertise","Dagger Throw","Dodge and Roll+1"],"max_hp_per_floor":[70,70,70,70,70,70,70,70,70,70,70,70,70,70,70,70,70,70,75,75,75,75,75],"relics":["Runic Dome","Old Coin","Sundial","Bag of Marbles","Tingsha","Sozu"],"card_choices":[{"not_picked":["Prepared","Bouncing Flask"],"picked":"Quick Slash"},{"not_picked":["Bane","Endless Agony"],"picked":"Prepared"},{"not_picked":["Dodge and Roll","Distraction"],"picked":"Terror"},{"not_picked":["Backstab","Underhanded Strike"],"picked":"Dagger Throw"},{"not_picked":["Corpse Explosion","Doppelganger"],"picked":"Adrenaline"},{"not_picked":["Deflect","Flying Knee"],"picked":"Expertise"},{"not_picked":["Backflip","Quick Slash"],"picked":"Dagger Throw"},{"not_picked":["Finisher","PiercingWail"],"picked":"Dodge and Roll"}],"player_experience":397940,"potions_floor_usage":[],"damage_taken":[{"damage":0,"enemies":"Jaw Worm","floor":1,"turns":4},{"damage":2,"enemies":"2 Louse","floor":3,"turns":3},{"damage":0,"enemies":"Cultist","floor":11,"turns":3},{"damage":24,"enemies":"3 Sentries","floor":12,"turns":12},{"damage":2,"enemies":"3 Louse","floor":13,"turns":3},{"damage":6,"enemies":"Red Slaver","floor":14,"turns":2},{"damage":41,"enemies":"Slime Boss","floor":16,"turns":9},{"damage":16,"enemies":"Spheric Guardian","floor":18,"turns":4},{"damage":11,"enemies":"3 Byrds","floor":21,"turns":6},{"damage":14,"enemies":"Centurion and Healer","floor":22,"turns":5},{"damage":40,"enemies":"Gremlin Leader","floor":24,"turns":3}],"event_choices":[{"event_name":"Shining Light","player_choice":"Entered Light","floor":4,"damage_taken":0},{"event_name":"Big Fish","player_choice":"Box","floor":5,"damage_taken":0},{"event_name":"Forgotten Altar","player_choice":"Shed Blood","floor":19,"damage_taken":0},{"event_name":"Drug Dealer","player_choice":"Ignored","floor":20,"damage_taken":0}],"boss_relics":[{"not_picked":["The Specimen","Snecko Eye"],"picked":"Sozu"}],"potions_floor_spawned":[1,12,16,18],"seed_played":"6726195271114743049","killed_by":"Gremlin Leader","ascension_level":4,"is_trial":false}