{"path_per_floor":["M","?","?","M","$","R","M","E","T","R","M","M","R","$","R","B",null,"M","?","M","M","M","R","M","R","T","?","$","R","M","M","R","B",null,"M","$","?","M","$","R","M","R","T","M","M","R","?","M","R","B"],"character_chosen":"THE_SILENT","items_purchased":["Dagger Throw","Prepared","Underhanded Strike","Panache"],"gold_per_floor":[114,114,64,81,27,27,40,69,69,69,86,96,96,23,23,121,121,138,138,149,164,179,179,191,191,191,191,116,116,128,139,139,234,234,252,51,51,61,61,61,74,74,74,87,102,102,102,116,116,116],"floor_reached":51,"campfire_rested":5,"playtime":3743,"current_hp_per_floor":[65,65,65,63,63,63,63,40,40,60,58,50,50,50,50,20,67,49,49,45,44,20,40,23,43,43,43,43,43,43,43,63,14,67,67,67,67,65,65,65,54,54,54,54,40,60,60,60,60,20],"items_purged":["Deadly Poison"],"gold":116,"score":451,"play_id":"d0175ade-505a-4777-9004-1b4bc5207f6d","is_prod":false,"is_daily":false,"is_ascension_mode":false,"campfire_upgraded":7,"path_taken":["M","?","?","?","$","R","M","E","T","R","M","M","R","$","R","BOSS","M","?","M","?","M","R","M","R","T","?","$","R","?","?","R","BOSS","M","$","?","M","$","R","M","R","T","M","M","R","?","?","R","BOSS"],"build_version":"2018-02-08-PROD1","purchased_purges":1,"victory":true,"master_deck":["Survivor","Neutralize+1","Unload+1","Underhanded Strike","Dagger Throw","Acrobatics","Prepared+1","Underhanded Strike","Tactician+1","Quick Slash","Flying Knee","Prepared","Cloak And Dagger","Poisoned Stab","Outmaneuver","Quick Slash","Tactician+1","Concentrate+1","Blur+1","Choke+1","After Image+1","Noxious Fumes+1","Panache","Acrobatics","Terror+1","Blur+1","Expertise+1"],"max_hp_per_floor":[70,67,67,67,67,67,67,67,67,67,67,67,67,67,67,67,67,67,67,67,67,67,67,67,67,67,67,67,67,67,67,67,67,67,67,67,67,67,67,67,67,67,67,67,67,67,67,67,67,67],"relics":["Ring of the Snake","Gambling Chip","Matryoshka","Pandora\u0027s Box","Omamori","Unceasing Top","Cursed Key","Toolbox","Torii"],"card_choices":[{"not_picked":["A Thousand Cuts","Night Terror"],"picked":"Unload"},{"not_picked":["Bane","Sucker Punch"],"picked":"Underhanded Strike"},{"not_picked":["Crippling Poison","Setup"],"picked":"Acrobatics"},{"not_picked":["Die Die Die","Tools of the Trade"],"picked":"Tactician"},{"not_picked":["Poisoned Stab","Footwork"],"picked":"Concentrate"},{"not_picked":["Catalyst","Flying Knee"],"picked":"Blur"},{"not_picked":["Dash","Prepared"],"picked":"Choke"},{"not_picked":["Wraith Form","Doppelganger"],"picked":"After Image"},{"not_picked":["Slice","Escape Plan"],"picked":"Noxious Fumes"},{"not_picked":["Setup","Masterful Stab"],"picked":"Acrobatics"},{"not_picked":["Quick Slash","Calculated Gamble"],"picked":"Terror"},{"not_picked":["Dagger Spray","Skewer"],"picked":"Blur"},{"not_picked":["All Out Attack","Choke"],"picked":"Expertise"}],"player_experience":379245,"potions_floor_usage":[16,33,50,50,50],"damage_taken":[{"damage":5,"enemies":"2 Louse","floor":1,"turns":2},{"damage":2,"enemies":"Small Slimes","floor":4,"turns":4},{"damage":0,"enemies":"Cultist","floor":7,"turns":4},{"damage":23,"enemies":"Lagavulin","floor":8,"turns":6},{"damage":2,"enemies":"3 Louse","floor":11,"turns":2},{"damage":8,"enemies":"Large Slime","floor":12,"turns":5},{"damage":30,"enemies":"Slime Boss","floor":16,"turns":10},{"damage":18,"enemies":"2 Thieves","floor":18,"turns":3},{"damage":4,"enemies":"Spheric Guardian","floor":20,"turns":3},{"damage":1,"enemies":"Centurion and Healer","floor":21,"turns":3},{"damage":24,"enemies":"Sentry and Sphere","floor":22,"turns":4},{"damage":17,"enemies":"Cultist and Chosen","floor":24,"turns":6},{"damage":0,"enemies":"Centurion and Healer","floor":30,"turns":4},{"damage":0,"enemies":"3 Cultists","floor":31,"turns":3},{"damage":64,"enemies":"Automaton","floor":33,"turns":9},{"damage":0,"enemies":"3 Shapes","floor":35,"turns":3},{"damage":2,"enemies":"Orb Walker","floor":38,"turns":2},{"damage":11,"enemies":"4 Shapes","floor":41,"turns":3},{"damage":0,"enemies":"Maw","floor":44,"turns":4},{"damage":14,"enemies":"Sphere and 2 Shapes","floor":45,"turns":5},{"damage":0,"enemies":"4 Shapes","floor":48,"turns":2},{"damage":40,"enemies":"Awakened One","floor":50,"turns":9}],"event_choices":[{"event_name":"Living Wall","player_choice":"Forget","floor":2,"damage_taken":0},{"event_name":"The Cleric","player_choice":"Card Removal","floor":3,"damage_taken":0},{"event_name":"Duplicator","player_choice":"One dupe","floor":19,"damage_taken":0},{"event_name":"Drug Dealer","player_choice":"Ignored","floor":27,"damage_taken":0},{"event_name":"Mysterious Sphere","player_choice":"Ignore","floor":47,"damage_taken":0}],"boss_relics":[{"not_picked":["Sozu","Runic Pyramid"],"picked":"Pandora\u0027s Box"},{"not_picked":["Snecko Eye","Black Star"],"picked":"Cursed Key"}],"potions_floor_spawned":[4,7,8,18,21,30,38,44,45],"seed_played":"-7774849261510050552","ascension_level":0,"is_trial":false}