{"path_per_floor":["M","?","?","M","M","R","M","$","T","R","M","?","M","?","R","B",null,"M","$","?","M","M","R","?","M","T","?","?","R","$","M","R","B",null,"M","?","$","?","$","R","M","M","T","R","?","M","M","M","R","B"],"character_chosen":"THE_SILENT","items_purchased":["Noxious Fumes","Escape Plan","Acrobatics","Panache","Flash of Steel","Noxious Fumes","Well Laid Plans","Acrobatics"],"gold_per_floor":[360,360,435,460,473,473,493,60,113,113,136,136,152,152,152,275,275,295,179,179,199,219,219,219,233,233,233,233,233,60,79,79,208,208,221,221,96,96,47,47,67,85,110,110,110,135,154,174,174,174],"floor_reached":51,"campfire_rested":5,"playtime":3329,"current_hp_per_floor":[61,46,35,30,30,48,41,41,41,41,38,38,16,3,36,23,53,42,42,42,36,22,55,55,54,54,54,54,54,54,12,45,1,48,29,45,45,45,45,45,42,42,42,42,42,21,21,21,54,38],"items_purged":["Strike_G","Defend_G","Writhe"],"gold":174,"score":643,"play_id":"3ddfc6b8-2586-4bec-bfcc-8e41bb4a7e37","is_prod":false,"is_daily":false,"is_ascension_mode":true,"campfire_upgraded":4,"path_taken":["M","?","?","?","M","R","M","$","T","R","M","?","M","?","R","BOSS","M","$","?","M","?","R","?","M","T","?","?","R","?","M","R","BOSS","M","?","$","?","$","R","M","?","T","R","?","M","M","?","R","BOSS"],"build_version":"2018-02-15-PROD1","purchased_purges":3,"victory":true,"master_deck":["Defend_G+1","Defend_G+1","Defend_G+1","Defend_G+1","Strike_G+1","Strike_G+1","Survivor","Neutralize+1","Cloak And Dagger","Tools of the Trade","Noxious Fumes+1","Escape Plan+1","Acrobatics","Panache","Flash of Steel","Tactician+1","Noxious Fumes","Underhanded Strike+1","Underhanded Strike","Tactician+1","Well Laid Plans","Backstab","A Thousand Cuts+1","Acrobatics","Distraction+1","Backflip+1","Clumsy","Dagger Throw+1","Backflip+1"],"max_hp_per_floor":[63,63,63,63,63,63,63,63,63,63,63,63,63,63,63,63,63,63,63,63,63,63,63,63,63,63,63,63,63,63,63,63,63,63,63,63,63,63,63,63,63,63,63,63,63,63,63,63,63,63],"relics":["Ring of the Snake","Golden Idol","Regal Pillow","Lizard Tail","Lantern","Cursed Key","Happy Flower"],"card_choices":[{"not_picked":["Flying Knee","Deadly Poison"],"picked":"Cloak And Dagger"},{"not_picked":["Prepared","Dagger Spray"],"picked":"Tools of the Trade"},{"not_picked":["Unload","Envenom"],"picked":"Tactician"},{"not_picked":["Dagger Spray","Acrobatics"],"picked":"Underhanded Strike"},{"not_picked":["Deflect","Dagger Throw"],"picked":"Underhanded Strike"},{"not_picked":["Poisoned Stab","Deadly Poison"],"picked":"Backstab"},{"not_picked":["Phantasmal Killer","Glass Knife"],"picked":"A Thousand Cuts"},{"not_picked":["Leg Sweep","Outmaneuver"],"picked":"Distraction"},{"not_picked":["Flying Knee","Dodge and Roll"],"picked":"Backflip"},{"not_picked":["Cloak And Dagger","Flying Knee"],"picked":"Dagger Throw"},{"not_picked":["Terror","Setup"],"picked":"Backflip"}],"player_experience":481628,"potions_floor_usage":[46,50,50,50],"damage_taken":[{"damage":2.0,"enemies":"Small Slimes","floor":1.0,"turns":4.0},{"damage":5.0,"enemies":"Jaw Worm","floor":4.0,"turns":5.0},{"damage":0.0,"enemies":"Cultist","floor":5.0,"turns":4.0},{"damage":7.0,"enemies":"3 Louse","floor":7.0,"turns":4.0},{"damage":3.0,"enemies":"Blue Slaver","floor":11.0,"turns":4.0},{"damage":22.0,"enemies":"Exordium Wildlife","floor":13.0,"turns":4.0},{"damage":13.0,"enemies":"Hexaghost","floor":16.0,"turns":10.0},{"damage":11.0,"enemies":"Shell Parasite","floor":18.0,"turns":6.0},{"damage":6.0,"enemies":"3 Byrds","floor":21.0,"turns":3.0},{"damage":14.0,"enemies":"Snake Plant","floor":22.0,"turns":5.0},{"damage":1.0,"enemies":"Centurion and Healer","floor":25.0,"turns":6.0},{"damage":42.0,"enemies":"Cultist and Chosen","floor":31.0,"turns":8.0},{"damage":44.0,"enemies":"Automaton","floor":33.0,"turns":11.0},{"damage":19.0,"enemies":"3 Shapes","floor":35.0,"turns":4.0},{"damage":3.0,"enemies":"Orb Walker","floor":41.0,"turns":4.0},{"damage":0.0,"enemies":"3 Darklings","floor":42.0,"turns":3.0},{"damage":21,"enemies":"4 Shapes","floor":46,"turns":4},{"damage":0,"enemies":"Maw","floor":47,"turns":6},{"damage":0,"enemies":"3 Darklings","floor":48,"turns":3},{"damage":31,"enemies":"Donu and Deca","floor":50,"turns":8}],"event_choices":[{"event_name":"Golden Idol","player_choice":"Take Damage","floor":2.0,"damage_taken":0.0},{"event_name":"World of Goop","player_choice":"Gather Gold","floor":3.0,"damage_taken":0.0},{"event_name":"The Woman in Blue","player_choice":"Bought 0 Potions","floor":12.0,"damage_taken":0.0},{"event_name":"Shining Light","player_choice":"Entered Light","floor":14.0,"damage_taken":0.0},{"event_name":"Back to Basics","player_choice":"Simplicity","floor":20.0,"damage_taken":0.0},{"event_name":"Purifier","player_choice":"One Purge","floor":24.0,"damage_taken":0.0},{"event_name":"The Library","player_choice":"Read","floor":27.0,"damage_taken":0.0},{"event_name":"Drug Dealer","player_choice":"Ignored","floor":28.0,"damage_taken":0.0},{"event_name":"Winding Halls","player_choice":"Writhe","floor":36.0,"damage_taken":0.0},{"event_name":"Mysterious Sphere","player_choice":"Ignore","floor":45,"damage_taken":0}],"boss_relics":[],"potions_floor_spawned":[4,7,13,16,18,33,35,46,47],"seed_played":"1985155131626189331","ascension_level":7,"is_trial":false}