{"path_per_floor":["M","$","?","M","$","R","$","E","T","M","M","?","R","M","R","B",null,"M","$","?","M","M","R","M","M","T","R","?","M","$","M","R","B",null,"M","?","?","M","$","R","$","R","T","R","M","M","R","M","R"],"character_chosen":"THE_SILENT","items_purchased":["Footwork","Noxious Fumes","Noxious Fumes"],"gold_per_floor":[110,38,38,54,54,54,54,80,80,99,116,66,66,86,86,188,188,171,25,25,40,60,60,79,90,90,90,90,100,30,45,45,148,148,168,223,223,242,142,142,17,17,17,17,34,52,52,72,72],"floor_reached":50,"campfire_rested":6,"playtime":2143,"current_hp_per_floor":[76,76,76,72,72,72,72,24,24,18,7,7,30,30,53,36,77,56,56,56,55,41,47,24,24,24,53,53,51,51,37,66,1,77,75,51,51,44,44,77,77,83,93,99,84,82,88,74,101],"items_purged":["Defend_G","Strike_G","Strike_G"],"gold":72,"score":470,"play_id":"d93c3176-e306-46c5-96ee-5daa173a2376","is_prod":false,"is_daily":false,"is_ascension_mode":false,"campfire_upgraded":5,"path_taken":["M","$","?","M","?","R","$","E","T","?","M","?","R","?","R","BOSS","M","$","?","?","M","R","M","M","T","R","?","M","?","M","R","BOSS","M","?","?","M","$","R","?","R","T","R","M","M","R","M","R","BOSS"],"build_version":"2018-02-08-PROD1","purchased_purges":3,"victory":false,"master_deck":["Defend_G","Defend_G","Defend_G","Defend_G","Strike_G","Survivor+1","Neutralize+1","Deadly Poison","Footwork+1","Backstab+1","Adrenaline+1","Bane+1","Noxious Fumes+1","Noxious Fumes","Noxious Fumes+1","Noxious Fumes+1","Noxious Fumes+1"],"max_hp_per_floor":[77,77,77,77,77,77,77,77,77,77,77,77,77,77,77,77,77,77,77,77,77,77,77,77,77,77,77,77,77,77,77,77,77,77,77,91,91,91,91,91,91,91,101,101,101,101,101,101,101],"relics":["Ring of the Snake","Strawberry","Centennial Puzzle","Torii","Eternal Feather","Frozen Eye","The Specimen","Mango","Pear"],"card_choices":[{"not_picked":["Backflip","Flying Knee"],"picked":"Deadly Poison"},{"not_picked":["Bane","Deflect"],"picked":"Backstab"},{"not_picked":["Night Terror","Wraith Form"],"picked":"Adrenaline"},{"not_picked":["Quick Slash","Dodge and Roll"],"picked":"Bane"},{"not_picked":["Bane","Masterful Stab"],"picked":"Caltrops"},{"not_picked":["Deadly Poison","Backflip"],"picked":"Noxious Fumes"},{"not_picked":["Masterful Stab","Bane"],"picked":"Noxious Fumes"},{"not_picked":["Calculated Gamble","Bane"],"picked":"Noxious Fumes"}],"player_experience":375868,"potions_floor_usage":[33,45,50,50,50],"damage_taken":[{"damage":1,"enemies":"Cultist","floor":1,"turns":4},{"damage":4,"enemies":"Blue Slaver","floor":4,"turns":6},{"damage":48,"enemies":"3 Sentries","floor":8,"turns":15},{"damage":6,"enemies":"Jaw Worm","floor":10,"turns":5},{"damage":11,"enemies":"2 Fungi Beasts","floor":11,"turns":4},{"damage":0,"enemies":"3 Louse","floor":14,"turns":5},{"damage":17,"enemies":"The Guardian","floor":16,"turns":15},{"damage":21,"enemies":"2 Thieves","floor":18,"turns":4},{"damage":1,"enemies":"Spheric Guardian","floor":21,"turns":6},{"damage":14,"enemies":"Snake Plant","floor":22,"turns":5},{"damage":23,"enemies":"Snecko","floor":24,"turns":8},{"damage":0,"enemies":"Centurion and Healer","floor":25,"turns":5},{"damage":2,"enemies":"Snake Plant","floor":29,"turns":5},{"damage":14,"enemies":"3 Cultists","floor":31,"turns":5},{"damage":80,"enemies":"Champ","floor":33,"turns":13},{"damage":2,"enemies":"3 Darklings","floor":35,"turns":6},{"damage":38,"enemies":"Mysterious Sphere","floor":36,"turns":4},{"damage":7,"enemies":"3 Shapes","floor":38,"turns":6},{"damage":15,"enemies":"Sphere and 2 Shapes","floor":45,"turns":5},{"damage":2,"enemies":"4 Shapes","floor":46,"turns":5},{"damage":14,"enemies":"3 Darklings","floor":48,"turns":4},{"damage":118,"enemies":"Awakened One","floor":50,"turns":9}],"event_choices":[{"event_name":"Upgrade Shrine","player_choice":"Upgraded","floor":3,"damage_taken":0},{"event_name":"The Cleric","player_choice":"Card Removal","floor":12,"damage_taken":0},{"event_name":"Upgrade Shrine","player_choice":"Upgraded","floor":20,"damage_taken":0},{"event_name":"Bonfire Elementals","player_choice":"BASIC","floor":28,"damage_taken":0},{"event_name":"Mysterious Sphere","player_choice":"Fight","floor":36,"damage_taken":0}],"boss_relics":[{"not_picked":["Runic Dome","Ectoplasm"],"picked":"Eternal Feather"},{"not_picked":["Question Card","Lizard Tail"],"picked":"The Specimen"}],"potions_floor_spawned":[11,14,18,22,29,36,46,48],"seed_played":"-8697837418700961091","killed_by":"Awakened One","ascension_level":0,"is_trial":false}