{"path_per_floor":["M","M","$","M","$","R","E","M","T","R","M","R","M","?","R","B",null,"M","?","?","$","M"],"character_chosen":"THE_SILENT","items_purchased":["Toxic Egg 2","Regal Pillow"],"gold_per_floor":[369,381,66,79,79,79,104,121,190,190,205,205,224,224,224,320,320,335,335,335,87,61],"floor_reached":23,"campfire_rested":2,"playtime":1781,"current_hp_per_floor":[57,57,57,53,53,53,41,33,33,51,46,46,40,37,55,53,63,51,42,42,42,26],"items_purged":["Strike_G","Strike_G"],"gold":61,"play_id":"f7381d9f-7fff-447c-b8d3-d744c71cba65","is_prod":false,"is_daily":false,"is_ascension_mode":true,"campfire_upgraded":2,"path_taken":["M","?","$","M","?","R","E","M","T","R","M","R","?","?","R","BOSS","M","?","?","$","M","E"],"build_version":"2018-02-01-PROD3","purchased_purges":3,"victory":false,"master_deck":["Defend_G","Defend_G","Defend_G","Defend_G","Defend_G","Strike_G","Strike_G","Strike_G","Survivor","Neutralize+1","Noxious Fumes+1","Bane","Poisoned Stab","Deadly Poison+1","Backstab","Bane","Dodge and Roll+1","Deadly Poison+1"],"max_hp_per_floor":[63,63,63,63,63,63,63,63,63,63,63,63,63,63,63,63,63,63,68,68,68,68],"relics":["Ring of the Snake","Toxic Egg 2","Art of War","Ornamental Fan","Dead Branch","Lizard Tail","Regal Pillow"],"card_choices":[{"not_picked":["Quick Slash","Endless Agony"],"picked":"Noxious Fumes"},{"not_picked":["Deadly Poison","Dagger Throw"],"picked":"Bane"},{"not_picked":["Choke","Acrobatics"],"picked":"Poisoned Stab"},{"not_picked":["Acrobatics","Dodge and Roll"],"picked":"Deadly Poison"},{"not_picked":["Leg Sweep","Deadly Poison"],"picked":"Backstab"},{"not_picked":["Outmaneuver","Acrobatics"],"picked":"Bane"},{"not_picked":["Sucker Punch","Riddle With Holes"],"picked":"Dodge and Roll"},{"not_picked":["Prepared","Concentrate"],"picked":"Deadly Poison"}],"player_experience":335670,"potions_floor_usage":[22],"damage_taken":[{"damage":6.0,"enemies":"Blue Slaver","floor":1.0,"turns":7.0},{"damage":0.0,"enemies":"Jaw Worm","floor":2.0,"turns":5.0},{"damage":4.0,"enemies":"Small Slimes","floor":4.0,"turns":4.0},{"damage":12.0,"enemies":"Lagavulin","floor":7.0,"turns":6.0},{"damage":8.0,"enemies":"Looter","floor":8.0,"turns":3.0},{"damage":5.0,"enemies":"Red Slaver","floor":11.0,"turns":4.0},{"damage":6.0,"enemies":"Lots of Slimes","floor":13.0,"turns":3.0},{"damage":2,"enemies":"Hexaghost","floor":16,"turns":9},{"damage":12,"enemies":"Spheric Guardian","floor":18,"turns":5},{"damage":16,"enemies":"2 Thieves","floor":22,"turns":5},{"damage":62,"enemies":"Slavers","floor":23,"turns":6}],"event_choices":[{"event_name":"Scrap Ooze","player_choice":"success","floor":14,"damage_taken":3},{"event_name":"Forgotten Altar","player_choice":"Shed Blood","floor":19,"damage_taken":0},{"event_name":"Drug Dealer","player_choice":"Ignored","floor":20,"damage_taken":0}],"boss_relics":[{"not_picked":["Orrery","Runic Dome"],"picked":"Lizard Tail"}],"potions_floor_spawned":[2,7,16],"seed_played":"2499526146064333884","killed_by":"Slavers","ascension_level":4,"is_trial":false}