{"path_per_floor":["M","$","?","M","?","R","E","R","T","?","M","$","R","M","R","B",null,"M","?","M","$"],"character_chosen":"THE_SILENT","items_purchased":["Choke","Flash of Steel","Accuracy","Anchor"],"gold_per_floor":[360,37,112,127,127,127,161,161,161,161,179,34,34,55,55,179,179,197,112,132,32],"floor_reached":22,"campfire_rested":3,"playtime":849,"current_hp_per_floor":[59,59,48,48,33,51,14,32,32,32,28,28,46,46,46,30,63,24,24,15,15],"items_purged":["Strike_G","Accuracy"],"gold":32,"score":182,"play_id":"571f1416-3883-47eb-997e-44141aa6fabf","is_prod":false,"is_daily":false,"is_ascension_mode":false,"campfire_upgraded":1,"path_taken":["M","$","?","M","?","R","E","R","T","?","M","$","R","M","R","BOSS","M","?","M","$","M"],"build_version":"2018-02-08-PROD1","purchased_purges":2,"victory":false,"master_deck":["Defend_G","Defend_G","Defend_G","Defend_G","Defend_G","Strike_G","Strike_G","Strike_G","Strike_G","Survivor","Neutralize","Choke","Flash of Steel","Noxious Fumes+1","Adrenaline","Terror"],"max_hp_per_floor":[63,63,63,63,63,63,63,63,63,63,63,63,63,63,63,63,63,63,63,63,63],"relics":["Ring of the Snake","Golden Idol","Shovel","Peace Pipe","Anchor","The Specimen","Juzu Bracelet"],"card_choices":[{"not_picked":["Tools of the Trade","Outmaneuver"],"picked":"Noxious Fumes"},{"not_picked":["Corpse Explosion","Grand Finale"],"picked":"Adrenaline"},{"not_picked":["Deflect","Calculated Gamble"],"picked":"Terror"}],"player_experience":348566,"potions_floor_usage":[7,16,20,22,22],"damage_taken":[{"damage":4,"enemies":"Cultist","floor":1,"turns":5},{"damage":0,"enemies":"Jaw Worm","floor":4,"turns":3},{"damage":37,"enemies":"Lagavulin","floor":7,"turns":10},{"damage":4,"enemies":"2 Louse","floor":11,"turns":2},{"damage":0,"enemies":"Exordium Wildlife","floor":14,"turns":3},{"damage":16,"enemies":"The Guardian","floor":16,"turns":10},{"damage":39,"enemies":"Shell Parasite","floor":18,"turns":8},{"damage":9,"enemies":"Chosen","floor":20,"turns":6},{"damage":27,"enemies":"Snecko","floor":22,"turns":5}],"event_choices":[{"event_name":"World of Goop","player_choice":"Gather Gold","floor":3,"damage_taken":0},{"event_name":"Golden Idol","player_choice":"Take Damage","floor":5,"damage_taken":0},{"event_name":"The Lab","player_choice":"Got Potions","floor":10,"damage_taken":0},{"event_name":"Addict","player_choice":"Obtained Relic","floor":19,"damage_taken":0}],"boss_relics":[{"not_picked":["Ectoplasm","Lizard Tail"],"picked":"The Specimen"}],"potions_floor_spawned":[1,14,16,20],"seed_played":"-6513292557619368869","killed_by":"Snecko","ascension_level":0,"is_trial":false}