{"path_per_floor":["M","?","T","$","?","R","?","M","T","M","M","E","R","$","R","B",null,"M","T","$","M","$","R","M","?","T","M","R","M","R","M","R","B",null,"M","?","$","?","M","R","M","M","T","?","T","$","M","M","R","B"],"character_chosen":"THE_SILENT","items_purchased":["Caltrops","Dodge and Roll","Blur","Footwork","Tactician","Well Laid Plans","Caltrops"],"gold_per_floor":[117,117,168,47,12,12,187,205,232,247,258,290,290,58,58,161,161,178,202,32,43,43,43,54,54,104,115,115,127,127,143,143,241,241,254,254,48,0,18,18,36,49,49,49,120,48,63,83,83,83],"floor_reached":51,"campfire_rested":2,"playtime":3526,"current_hp_per_floor":[53,53,53,53,70,70,70,67,67,59,58,36,36,36,57,14,56,50,50,50,50,50,50,50,50,50,38,59,56,56,56,56,31,60,60,60,60,60,60,60,60,60,60,60,60,60,60,58,58,30],"items_purged":["Doubt","Strike_G","Defend_G"],"gold":83,"score":606,"play_id":"cbfdd8f4-1010-43cc-a481-36a919fb804e","is_prod":false,"is_daily":false,"is_ascension_mode":true,"campfire_upgraded":7,"path_taken":["M","?","?","$","?","R","?","M","T","M","M","E","R","$","R","BOSS","M","?","?","M","$","R","?","?","T","M","R","?","R","M","R","BOSS","M","?","$","?","M","R","M","?","T","?","?","$","M","M","R","BOSS"],"build_version":"2018-02-15-PROD1","purchased_purges":3,"victory":true,"master_deck":["Defend_G","Defend_G","Defend_G","Strike_G+1","Survivor","Neutralize+1","Dagger Throw","Caltrops","Dodge and Roll+1","Backstab+1","Blur","Wraith Form","Reflex+1","Heel Hook+1","Night Terror+1","Distraction+1","Tactician","Dodge and Roll+1","Footwork+1","Acrobatics","Well Laid Plans+1","PiercingWail+1","Prepared+1","Doubt","Decay","Caltrops+1","Dodge and Roll+1"],"max_hp_per_floor":[70,70,70,70,70,70,70,70,70,70,70,70,70,70,70,70,70,70,70,70,70,70,70,70,70,70,70,70,70,70,70,70,70,70,70,70,70,70,70,70,70,70,70,70,70,70,70,70,70,70],"relics":["Ring of the Snake","Bronze Scales","Vajra","Whetstone","Astrolabe","Anchor","Bag of Marbles","Cursed Key","Red Mask","Frozen Egg 2","Toxic Egg 2"],"card_choices":[{"not_picked":["Backflip","All Out Attack"],"picked":"Dagger Throw"},{"not_picked":["Outmaneuver","Escape Plan"],"picked":"Backstab"},{"not_picked":["Bullet Time","Storm of Steel"],"picked":"Wraith Form"},{"not_picked":["Blade Dance","Underhanded Strike"],"picked":"Distraction"},{"not_picked":["Eviscerate","Bane"],"picked":"Dodge and Roll"},{"not_picked":["Deflect","Setup"],"picked":"Footwork"},{"not_picked":["Underhanded Strike","Outmaneuver"],"picked":"Acrobatics"},{"not_picked":["Accuracy","Caltrops"],"picked":"PiercingWail"},{"not_picked":["Backflip","Deflect"],"picked":"Prepared"},{"not_picked":["Malaise","Poisoned Stab"],"picked":"Dodge and Roll"}],"player_experience":472768,"potions_floor_usage":[50,50,50],"damage_taken":[{"damage":10.0,"enemies":"Jaw Worm","floor":1.0,"turns":5.0},{"damage":3.0,"enemies":"Cultist","floor":8.0,"turns":3.0},{"damage":8.0,"enemies":"2 Louse","floor":10.0,"turns":2.0},{"damage":1.0,"enemies":"2 Fungi Beasts","floor":11.0,"turns":4.0},{"damage":22.0,"enemies":"3 Sentries","floor":12.0,"turns":8.0},{"damage":43.0,"enemies":"Slime Boss","floor":16.0,"turns":15.0},{"damage":6.0,"enemies":"Spheric Guardian","floor":18.0,"turns":5.0},{"damage":0.0,"enemies":"3 Byrds","floor":21.0,"turns":2.0},{"damage":0.0,"enemies":"Centurion and Healer","floor":24.0,"turns":6.0},{"damage":12.0,"enemies":"Cultist and Chosen","floor":27.0,"turns":7.0},{"damage":3.0,"enemies":"Slaver and Parasite","floor":29.0,"turns":5.0},{"damage":0.0,"enemies":"Snake Plant","floor":31.0,"turns":4.0},{"damage":25.0,"enemies":"Automaton","floor":33.0,"turns":15.0},{"damage":0.0,"enemies":"3 Shapes","floor":35.0,"turns":6.0},{"damage":0.0,"enemies":"Orb Walker","floor":39.0,"turns":4.0},{"damage":0.0,"enemies":"Maw","floor":41.0,"turns":9.0},{"damage":0,"enemies":"4 Shapes","floor":42,"turns":7},{"damage":0,"enemies":"Sphere and 2 Shapes","floor":47,"turns":8},{"damage":2,"enemies":"3 Darklings","floor":48,"turns":6},{"damage":28,"enemies":"Donu and Deca","floor":50,"turns":11}],"event_choices":[{"event_name":"Purifier","player_choice":"One Purge","floor":2.0,"damage_taken":0.0},{"event_name":"The Cleric","player_choice":"Healed","floor":5.0,"damage_taken":0.0},{"event_name":"Liars Game","player_choice":"agreed","floor":7.0,"damage_taken":0.0},{"event_name":"Beggar","player_choice":"Ignored","floor":25.0,"damage_taken":0.0},{"event_name":"Mysterious Sphere","player_choice":"Ignore","floor":36.0,"damage_taken":0.0},{"event_name":"Tomb of Lord Red Mask","player_choice":"Paid","floor":38.0,"damage_taken":0.0}],"boss_relics":[],"potions_floor_spawned":[8,11,18,21,29,35,41,47],"seed_played":"3709095439817952643","ascension_level":6,"is_trial":false}