{"path_per_floor":["M","$","M","?","$","R","?","R","T","M","R","E","?","M","R","B",null,"M","$","?","M","?","R","M","M","T","R","$","M","M","$","R"],"character_chosen":"THE_SILENT","items_purchased":["Cloak And Dagger","Lantern","Escape Plan","Noxious Fumes","Infinite Blades"],"gold_per_floor":[119,119,131,206,1,1,1,1,28,46,46,81,81,100,100,203,203,215,37,37,55,55,55,69,81,81,81,11,26,42,42,42],"floor_reached":33,"campfire_rested":5,"playtime":1299,"current_hp_per_floor":[59,59,52,41,41,41,41,59,59,55,55,16,31,28,46,17,63,46,46,46,12,12,30,17,4,4,22,22,14,12,12,30],"items_purged":["Parasite"],"gold":42,"score":294,"play_id":"f8ad3fda-7815-499f-a069-dda8ca341006","is_prod":false,"is_daily":false,"is_ascension_mode":true,"campfire_upgraded":1,"path_taken":["M","$","M","?","$","R","?","R","T","M","R","E","?","M","R","BOSS","M","$","?","M","?","R","M","M","T","R","$","?","M","$","R","BOSS"],"build_version":"2018-02-08-PROD1","purchased_purges":1,"victory":false,"master_deck":["Survivor","Neutralize","Accuracy","Cloak And Dagger+1","Terror","Accuracy","After Image","Bane","Deadly Poison","Backflip","Quick Slash","Flying Knee","Blade Dance","Masterful Stab","Deadly Poison","Accuracy+1","Escape Plan","Noxious Fumes","Cloak And Dagger","Blade Dance","Infinite Blades"],"max_hp_per_floor":[63,63,63,63,63,63,63,63,63,63,63,63,63,63,63,63,63,63,60,60,60,60,60,60,60,60,60,60,60,60,60,60],"relics":["Ring of the Snake","Peace Pipe","Lantern","Pen Nib","War Paint","Pandora\u0027s Box","Blood Vial"],"card_choices":[{"not_picked":["Tools of the Trade","Distraction"],"picked":"Accuracy"},{"not_picked":["Bane","Dodge and Roll"],"picked":"Terror"},{"not_picked":["Setup","Poisoned Stab"],"picked":"Accuracy"},{"not_picked":["Tactician","Grand Finale"],"picked":"After Image"},{"not_picked":["PiercingWail","Underhanded Strike"],"picked":"Accuracy"},{"not_picked":["Blur","Reflex"],"picked":"Cloak And Dagger"},{"not_picked":["Backflip","Deadly Poison"],"picked":"Blade Dance"}],"player_experience":362104,"potions_floor_usage":[29,30,30],"damage_taken":[{"damage":4,"enemies":"Jaw Worm","floor":1,"turns":4},{"damage":7,"enemies":"Small Slimes","floor":3,"turns":3},{"damage":4,"enemies":"Blue Slaver","floor":10,"turns":5},{"damage":39,"enemies":"Lagavulin","floor":12,"turns":7},{"damage":3,"enemies":"Looter","floor":14,"turns":4},{"damage":29,"enemies":"Hexaghost","floor":16,"turns":11},{"damage":17,"enemies":"Shell Parasite","floor":18,"turns":3},{"damage":34,"enemies":"3 Byrds","floor":21,"turns":5},{"damage":13,"enemies":"3 Cultists","floor":24,"turns":5},{"damage":13,"enemies":"Centurion and Healer","floor":25,"turns":5},{"damage":10,"enemies":"Snake Plant","floor":29,"turns":3},{"damage":4,"enemies":"Chosen and Byrds","floor":30,"turns":4},{"damage":46,"enemies":"Collector","floor":33,"turns":5}],"event_choices":[{"event_name":"World of Goop","player_choice":"Gather Gold","floor":4,"damage_taken":0},{"event_name":"Transmorgrifier","player_choice":"Transform","floor":7,"damage_taken":0},{"event_name":"Mushrooms","player_choice":"Healed and dodged fight","floor":13,"damage_taken":0},{"event_name":"Back to Basics","player_choice":"Elegance","floor":20,"damage_taken":0},{"event_name":"Vampires","player_choice":"Ignored","floor":22,"damage_taken":0}],"boss_relics":[{"not_picked":["Sozu","Runic Pyramid"],"picked":"Pandora\u0027s Box"}],"potions_floor_spawned":[1,3,14,25,29,30],"seed_played":"-3469892222512508022","killed_by":"Collector","ascension_level":4,"is_trial":false}