{"path_per_floor":["M","?","?","M","?","R","?","M","T","R","M","$","M","?","R","B",null,"M","?","$","?"],"character_chosen":"THE_SILENT","items_purchased":["Pantograph","Skewer","Bane","Matryoshka"],"gold_per_floor":[113,288,288,307,257,257,257,273,318,318,338,75,91,341,341,446,446,462,387,88,88],"floor_reached":22,"campfire_rested":2,"playtime":1054,"current_hp_per_floor":[20,20,17,11,11,32,32,27,27,48,43,43,40,40,40,41,63,41,41,41,41],"items_purged":["Strike_G"],"gold":88,"score":224,"play_id":"07272870-1953-4a10-91f2-7521a04f5408","is_prod":false,"is_daily":false,"is_ascension_mode":true,"campfire_upgraded":1,"path_taken":["M","?","?","?","?","R","?","M","T","R","?","$","M","?","R","BOSS","M","?","$","?","M"],"build_version":"2018-02-15-PROD1","purchased_purges":2,"victory":false,"master_deck":["Defend_G","Defend_G","Defend_G","Defend_G","Defend_G","Strike_G","Strike_G","Strike_G","Strike_G","Survivor","Neutralize","Corpse Explosion","Deadly Poison","Backstab","Skewer+1","Burst","Bane"],"max_hp_per_floor":[70,70,70,70,70,70,70,70,70,70,70,70,70,70,70,70,70,70,70,70,70],"relics":["Ring of the Snake","Smiling Mask","The Courier","Orichalcum","Pantograph","The Specimen","Matryoshka"],"card_choices":[{"not_picked":["Bullet Time","Glass Knife"],"picked":"Corpse Explosion"},{"not_picked":["Prepared","Eviscerate"],"picked":"Deadly Poison"},{"not_picked":["Heel Hook","Slice"],"picked":"Backstab"},{"not_picked":["Grand Finale","Night Terror"],"picked":"Burst"}],"player_experience":471256,"potions_floor_usage":[16,16,18],"damage_taken":[{"damage":8.0,"enemies":"Small Slimes","floor":1.0,"turns":5.0},{"damage":6.0,"enemies":"Cultist","floor":4.0,"turns":5.0},{"damage":5,"enemies":"Jaw Worm","floor":8,"turns":5},{"damage":5,"enemies":"2 Fungi Beasts","floor":11,"turns":5},{"damage":3,"enemies":"3 Louse","floor":13,"turns":3},{"damage":39,"enemies":"Slime Boss","floor":16,"turns":11},{"damage":22,"enemies":"Chosen","floor":18,"turns":7},{"damage":51,"enemies":"Spheric Guardian","floor":22,"turns":7}],"event_choices":[{"event_name":"Liars Game","player_choice":"agreed","floor":2.0,"damage_taken":0.0},{"event_name":"Scrap Ooze","player_choice":"success","floor":3.0,"damage_taken":3.0},{"event_name":"The Cleric","player_choice":"Card Removal","floor":5.0,"damage_taken":0.0},{"event_name":"Dead Adventurer","player_choice":"Searched \u00271\u0027 times","floor":7,"damage_taken":0},{"event_name":"Golden Shrine","player_choice":"Desecrate","floor":14,"damage_taken":0},{"event_name":"Beggar","player_choice":"Gave Gold","floor":19,"damage_taken":0},{"event_name":"Addict","player_choice":"Ignored","floor":21,"damage_taken":0}],"boss_relics":[{"not_picked":["Black Star","Calling Bell"],"picked":"The Specimen"}],"potions_floor_spawned":[4,11,16],"seed_played":"7984452306303823196","killed_by":"Spheric Guardian","ascension_level":6,"is_trial":false}