{"path_per_floor":["M","?","M","M","?","R","M","R","T","T","M","R","M","M","R","B",null,"M","?","$","?","$","R","M","E","T","M","M","?","R","M","R","B",null,"M","$","M","?","M","R","M","M","T","?","M","R","$","?","R","B"],"character_chosen":"THE_SILENT","items_purchased":["Toxic Egg 2","Blade Dance","Tactician","Infinite Blades"],"gold_per_floor":[119,119,136,149,149,149,160,160,160,185,199,199,214,225,225,326,326,340,340,11,11,11,11,24,55,79,95,109,109,109,125,125,222,222,234,8,23,0,15,15,26,38,65,65,83,83,1,1,1,1],"floor_reached":51,"campfire_rested":1,"playtime":3203,"current_hp_per_floor":[64,64,61,61,61,61,60,60,60,67,67,67,66,66,66,17,77,75,75,75,75,75,75,75,65,65,60,58,77,77,77,77,61,77,75,75,67,67,68,68,70,57,57,47,40,63,63,63,63,18],"items_purged":["Doubt"],"gold":1,"score":536,"play_id":"5cd14cf8-5674-4877-b009-7179d32e2ff6","is_prod":false,"is_daily":false,"is_ascension_mode":false,"campfire_upgraded":9,"path_taken":["M","?","M","M","?","R","?","R","T","?","M","R","?","?","R","BOSS","M","?","?","?","$","R","?","E","T","M","M","?","R","?","R","BOSS","M","$","M","?","M","R","M","M","T","?","M","R","$","?","R","BOSS"],"build_version":"2018-02-12-PROD1","purchased_purges":2,"victory":true,"master_deck":["Defend_G","Defend_G","Defend_G","Strike_G","Strike_G","Strike_G","Strike_G","Survivor","Neutralize+1","Infinite Blades+1","Cloak And Dagger+1","Tactician+1","Backstab","Tactician+1","Accuracy+1","Die Die Die","Acrobatics+1","After Image+1","Dagger Throw","Blade Dance+1","Dagger Throw+1","Acrobatics+1","After Image+1","Concentrate+1","Bouncing Flask+1","Outmaneuver+1","Footwork+1","Tactician+1","Well Laid Plans","Backstab+1","Prepared+1","Writhe","Madness+1","Madness+1","Choke","Blade Dance+1","Infinite Blades+1"],"max_hp_per_floor":[70,70,70,70,70,70,70,70,70,77,77,77,77,77,77,77,77,77,77,77,77,77,77,77,77,77,77,77,77,77,77,77,77,77,77,77,77,77,77,77,77,77,77,77,77,77,77,77,77,77],"relics":["Question Card","Thread and Needle","Strawberry","Cursed Key","Toxic Egg 2","Dream Catcher","Blood Vial","Astrolabe","Red Mask","Bronze Scales"],"card_choices":[{"not_picked":["Blur","Malaise","All Out Attack"],"picked":"Infinite Blades"},{"not_picked":["PiercingWail","Skewer","Acrobatics"],"picked":"Backstab"},{"not_picked":["Flechettes","Blur","PiercingWail"],"picked":"Tactician"},{"not_picked":["Concentrate","Well Laid Plans","Deadly Poison"],"picked":"Accuracy"},{"not_picked":["Slice","Backflip","Bouncing Flask"],"picked":"Die Die Die"},{"not_picked":["Dagger Throw","Prepared","Outmaneuver"],"picked":"Acrobatics"},{"not_picked":["Venomology","Doppelganger","Grand Finale"],"picked":"After Image"},{"not_picked":["Well Laid Plans","Quick Slash","Sucker Punch"],"picked":"Dagger Throw"},{"not_picked":["Acrobatics","Poisoned Stab","Dagger Spray"],"picked":"Dagger Throw"},{"not_picked":["Leg Sweep","Slice","Escape Plan"],"picked":"Acrobatics"},{"not_picked":["Phantasmal Killer","Adrenaline","Grand Finale"],"picked":"After Image"},{"not_picked":["Bane","Acrobatics","Terror"],"picked":"Footwork"},{"not_picked":["Dodge and Roll","Calculated Gamble","Sucker Punch"],"picked":"Well Laid Plans"},{"not_picked":["PiercingWail","Deadly Poison","Caltrops"],"picked":"Backstab"},{"not_picked":["Poisoned Stab","Flying Knee","Wraith Form"],"picked":"Prepared"},{"not_picked":["Deadly Poison","Dagger Spray","Masterful Stab"],"picked":"Choke"},{"not_picked":["Footwork","PiercingWail","Dodge and Roll"],"picked":"Blade Dance"}],"player_experience":392014,"potions_floor_usage":[50],"damage_taken":[{"damage":6.0,"enemies":"Jaw Worm","floor":1.0,"turns":4.0},{"damage":3.0,"enemies":"Blue Slaver","floor":3.0,"turns":5.0},{"damage":0.0,"enemies":"2 Louse","floor":4.0,"turns":2.0},{"damage":1.0,"enemies":"Large Slime","floor":7.0,"turns":5.0},{"damage":0.0,"enemies":"Red Slaver","floor":11.0,"turns":3.0},{"damage":1.0,"enemies":"3 Louse","floor":13.0,"turns":3.0},{"damage":0.0,"enemies":"Lots of Slimes","floor":14.0,"turns":3.0},{"damage":49.0,"enemies":"Hexaghost","floor":16.0,"turns":12.0},{"damage":2.0,"enemies":"Spheric Guardian","floor":18.0,"turns":4.0},{"damage":0.0,"enemies":"Chosen","floor":24.0,"turns":4.0},{"damage":10.0,"enemies":"Slavers","floor":25.0,"turns":6.0},{"damage":7.0,"enemies":"Snake Plant","floor":27.0,"turns":7.0},{"damage":4.0,"enemies":"Snecko","floor":28.0,"turns":7.0},{"damage":0.0,"enemies":"Cultist and Chosen","floor":31.0,"turns":6.0},{"damage":31.0,"enemies":"Automaton","floor":33.0,"turns":9.0},{"damage":2.0,"enemies":"Orb Walker","floor":35.0,"turns":3.0},{"damage":10.0,"enemies":"3 Shapes","floor":37.0,"turns":6.0},{"damage":1.0,"enemies":"Maw","floor":39.0,"turns":9.0},{"damage":0,"enemies":"3 Darklings","floor":41,"turns":6},{"damage":15,"enemies":"Sphere and 2 Shapes","floor":42,"turns":5},{"damage":9,"enemies":"4 Shapes","floor":45,"turns":6},{"damage":47,"enemies":"Donu and Deca","floor":50,"turns":9}],"event_choices":[{"event_name":"Match and Keep!","player_choice":"2 cards matched","floor":2.0,"damage_taken":0.0},{"event_name":"The Lab","player_choice":"Got Potions","floor":5.0,"damage_taken":0.0},{"event_name":"Addict","player_choice":"Ignored","floor":19.0,"damage_taken":0.0},{"event_name":"Accursed Blacksmith","player_choice":"Forge","floor":21.0,"damage_taken":0.0},{"event_name":"Wheel of Change","player_choice":"Full Heal","floor":29.0,"damage_taken":0.0},{"event_name":"Tomb of Lord Red Mask","player_choice":"Paid","floor":38.0,"damage_taken":0.0},{"event_name":"Winding Halls","player_choice":"Embrace Madness","floor":44,"damage_taken":0},{"event_name":"Upgrade Shrine","player_choice":"Upgraded","floor":48,"damage_taken":0}],"boss_relics":[],"potions_floor_spawned":[1,3,4,14,24,41,45],"seed_played":"-3334925230537320047","ascension_level":0,"is_trial":false}