{"path_per_floor":["M","?","$","?","?","R","M","R","T","M","M","M","R","M","R","B",null,"M","$","?","T","$","R","?","R","T","M","?","M","M","M","R","B",null,"M","M","$","?","$","R","M","?","T","M","R","M","?","$","R","B"],"character_chosen":"THE_SILENT","items_purchased":["Footwork","Mummified Hand","Well Laid Plans","Cloak And Dagger","Bronze Scales","Well Laid Plans"],"gold_per_floor":[111,111,74,74,74,74,98,98,98,123,147,168,168,192,192,311,311,325,5,5,54,54,54,54,54,135,159,159,180,199,217,217,336,336,354,374,178,511,173,173,190,0,0,10,10,28,28,28,28,28],"floor_reached":51,"campfire_rested":2,"playtime":2753,"current_hp_per_floor":[63,63,63,46,46,46,46,46,60,60,60,56,56,56,81,49,84,78,78,78,78,78,84,84,84,84,80,80,76,76,64,70,4,84,70,70,70,70,70,78,48,48,48,32,40,31,31,31,64,15],"items_purged":["Defend_G","Defend_G","Strike_G"],"gold":28,"score":512,"play_id":"5e40ca06-c06a-4a5e-8d7c-90ae8d0da896","is_prod":false,"is_daily":false,"is_ascension_mode":false,"campfire_upgraded":8,"path_taken":["M","?","$","?","?","R","M","R","T","M","?","M","R","M","R","BOSS","M","$","?","?","$","R","?","R","T","?","?","M","M","M","R","BOSS","M","M","$","?","$","R","M","?","T","M","R","M","?","?","R","BOSS"],"build_version":"2018-02-12-PROD1","purchased_purges":3,"victory":true,"master_deck":["Defend_G","Defend_G+1","Defend_G+1","Strike_G","Strike_G","Strike_G","Survivor","Neutralize+1","Envenom+1","Dodge and Roll+1","Footwork+1","Die Die Die","Escape Plan","Bane+1","Burst+1","Bouncing Flask+1","Skewer+1","Bullet Time","Leg Sweep+1","Catalyst+1","Well Laid Plans","Cloak And Dagger+1","Well Laid Plans","Cloak And Dagger+1"],"max_hp_per_floor":[70,70,70,70,70,70,70,70,84,84,84,84,84,84,84,84,84,84,84,84,84,84,84,84,84,84,84,84,84,84,84,84,84,84,84,84,84,84,84,84,84,84,84,84,84,84,84,84,84,84],"relics":["Ring of the Snake","Mango","Eternal Feather","Mummified Hand","Bag of Marbles","War Paint","Molten Egg 2","Bag of Preparation","Velvet Choker","Bronze Scales","Red Mask","Calipers"],"card_choices":[{"not_picked":["Corpse Explosion","Night Terror"],"picked":"Envenom"},{"not_picked":["Terror","Dagger Spray"],"picked":"Dodge and Roll"},{"not_picked":["Dagger Spray","Terror"],"picked":"Escape Plan"},{"not_picked":["Blade Dance","Prepared"],"picked":"Bane"},{"not_picked":["Storm of Steel","Venomology"],"picked":"Burst"},{"not_picked":["Malaise","Eviscerate"],"picked":"Bouncing Flask"},{"not_picked":["Quick Slash","Acrobatics"],"picked":"Skewer"},{"not_picked":["Glass Knife","Corpse Explosion"],"picked":"Bullet Time"},{"not_picked":["Acrobatics","Underhanded Strike"],"picked":"Leg Sweep"},{"not_picked":["Riddle With Holes","Acrobatics"],"picked":"Catalyst"},{"not_picked":["Flechettes","Malaise"],"picked":"Cloak And Dagger"}],"player_experience":389261,"potions_floor_usage":[33,33,50,50,50],"damage_taken":[{"damage":7.0,"enemies":"Small Slimes","floor":1.0,"turns":4.0},{"damage":0.0,"enemies":"Cultist","floor":7.0,"turns":5.0},{"damage":0.0,"enemies":"2 Louse","floor":10.0,"turns":2.0},{"damage":0.0,"enemies":"2 Fungi Beasts","floor":11.0,"turns":3.0},{"damage":4.0,"enemies":"Looter","floor":12.0,"turns":5.0},{"damage":0.0,"enemies":"Exordium Wildlife","floor":14.0,"turns":4.0},{"damage":32.0,"enemies":"The Guardian","floor":16.0,"turns":13.0},{"damage":6.0,"enemies":"Shell Parasite","floor":18.0,"turns":13.0},{"damage":4,"enemies":"Chosen","floor":27,"turns":6},{"damage":4,"enemies":"Centurion and Healer","floor":29,"turns":7},{"damage":0,"enemies":"Snake Plant","floor":30,"turns":4},{"damage":12,"enemies":"Snecko","floor":31,"turns":4},{"damage":66,"enemies":"Automaton","floor":33,"turns":8},{"damage":14,"enemies":"Orb Walker","floor":35,"turns":3},{"damage":0,"enemies":"3 Shapes","floor":36,"turns":4},{"damage":30,"enemies":"Sphere and 2 Shapes","floor":41,"turns":5},{"damage":16,"enemies":"Maw","floor":44,"turns":6},{"damage":9,"enemies":"4 Shapes","floor":46,"turns":6},{"damage":49,"enemies":"Awakened One","floor":50,"turns":15}],"event_choices":[{"event_name":"Living Wall","player_choice":"Forget","floor":2.0,"damage_taken":0.0},{"event_name":"Golden Idol","player_choice":"Take Damage","floor":4.0,"damage_taken":0.0},{"event_name":"Transmorgrifier","player_choice":"Transform","floor":5.0,"damage_taken":0.0},{"event_name":"The Mausoleum","player_choice":"Yes","floor":20,"damage_taken":0},{"event_name":"Beggar","player_choice":"Ignored","floor":24,"damage_taken":0},{"event_name":"Accursed Blacksmith","player_choice":"Rummage","floor":28,"damage_taken":0},{"event_name":"The Moai Head","player_choice":"Gave Idol","floor":38,"damage_taken":0},{"event_name":"Tomb of Lord Red Mask","player_choice":"Paid","floor":42,"damage_taken":0},{"event_name":"Mysterious Sphere","player_choice":"Ignore","floor":47,"damage_taken":0}],"boss_relics":[{"not_picked":["Philosopher\u0027s Stone","Runic Pyramid"],"picked":"Velvet Choker"}],"potions_floor_spawned":[1,7,14,27,31,35,36,41],"seed_played":"8876831441275299035","ascension_level":0,"is_trial":false}