{"path_per_floor":["M","?","?","M","?","E","R","M","T","R","M","$","?","M","R","B",null,"M","M","?","?","M","R","M","R","T","E","M","$","M","$","R","B",null,"M","$","?","?","M","?","M","M","T","R","E","R","?","M","R","B"],"character_chosen":"THE_SILENT","items_purchased":["Apotheosis","Backstab","Letter Opener","Matryoshka","Footwork"],"gold_per_floor":[113,113,113,127,202,234,234,248,274,274,285,62,62,74,74,171,171,183,203,203,563,580,580,593,593,593,628,648,128,138,63,63,161,161,173,39,0,0,13,13,30,49,98,98,132,132,132,143,143,143],"floor_reached":51,"campfire_rested":6,"playtime":3246,"current_hp_per_floor":[70,63,70,70,59,59,59,59,59,59,47,47,35,35,73,30,77,74,70,70,30,5,43,33,71,71,39,31,31,39,39,78,26,83,71,71,71,71,68,68,65,53,53,89,67,67,67,63,93,90],"items_purged":["Defend_G","Strike_G"],"gold":143,"score":801,"play_id":"260f4d6b-3f1b-49b5-ae88-0af73b2cd11d","is_prod":false,"is_daily":false,"is_ascension_mode":true,"campfire_upgraded":3,"path_taken":["M","?","?","?","?","E","R","M","T","R","?","$","?","M","R","BOSS","M","M","?","?","?","R","M","R","T","E","M","?","M","$","R","BOSS","M","$","?","?","M","?","M","M","T","R","E","R","?","M","R","BOSS"],"build_version":"2018-02-15-PROD1","purchased_purges":3,"victory":true,"master_deck":["Defend_G","Defend_G","Defend_G","Defend_G","Strike_G","Survivor","Neutralize","Dagger Throw+1","Acrobatics+1","Escape Plan","Apotheosis+1","Backstab","Tactician","Prepared","Underhanded Strike","Blur","A Thousand Cuts","Footwork","Noxious Fumes","Writhe","Flying Knee"],"max_hp_per_floor":[70,70,77,77,77,77,77,77,77,77,77,77,77,77,77,77,77,77,77,77,77,79,79,79,79,79,81,83,83,83,83,83,83,83,85,85,85,85,85,85,87,89,89,89,91,91,91,93,93,93],"relics":["Ring of the Snake","NeowsBlessing","Strawberry","Regal Pillow","Bronze Scales","Anchor","Black Star","Singing Bowl","Frozen Eye","Bottled Flame","Meat on the Bone","Letter Opener","Matryoshka","Cursed Key","Red Mask","Juzu Bracelet","Oddly Smooth Stone","Tough Bandages","Bottled Lightning"],"card_choices":[{"not_picked":["Skewer","Outmaneuver"],"picked":"Dagger Throw"},{"not_picked":["Bane","Slice"],"picked":"Acrobatics"},{"not_picked":["Bane","Storm of Steel"],"picked":"Escape Plan"},{"not_picked":["Corpse Explosion","A Thousand Cuts"],"picked":"Tactician"},{"not_picked":["Finisher","Masterful Stab"],"picked":"Prepared"},{"not_picked":["Choke","Sucker Punch"],"picked":"Underhanded Strike"},{"not_picked":["Acrobatics","Outmaneuver"],"picked":"Blur"},{"not_picked":["Unload","Wraith Form"],"picked":"A Thousand Cuts"},{"not_picked":["Deadly Poison","Cloak And Dagger"],"picked":"Noxious Fumes"}],"player_experience":439167,"potions_floor_usage":[50,50,50],"damage_taken":[{"damage":0.0,"enemies":"Small Slimes","floor":1.0,"turns":1.0},{"damage":0.0,"enemies":"Cultist","floor":4.0,"turns":1.0},{"damage":0.0,"enemies":"Gremlin Nob","floor":6.0,"turns":1.0},{"damage":0.0,"enemies":"2 Louse","floor":8.0,"turns":2.0},{"damage":12.0,"enemies":"Exordium Thugs","floor":11.0,"turns":6.0},{"damage":0.0,"enemies":"2 Fungi Beasts","floor":14.0,"turns":3.0},{"damage":43.0,"enemies":"Slime Boss","floor":16.0,"turns":13.0},{"damage":3.0,"enemies":"Shell Parasite","floor":18.0,"turns":5.0},{"damage":4.0,"enemies":"Spheric Guardian","floor":19.0,"turns":4.0},{"damage":27.0,"enemies":"Chosen and Byrds","floor":22.0,"turns":8.0},{"damage":10.0,"enemies":"Sentry and Sphere","floor":24.0,"turns":9.0},{"damage":34.0,"enemies":"Gremlin Leader","floor":27.0,"turns":9.0},{"damage":22.0,"enemies":"Snecko","floor":28.0,"turns":6.0},{"damage":4.0,"enemies":"Centurion and Healer","floor":30.0,"turns":9.0},{"damage":64.0,"enemies":"Automaton","floor":33.0,"turns":15.0},{"damage":14.0,"enemies":"3 Darklings","floor":35.0,"turns":5.0},{"damage":3.0,"enemies":"Orb Walker","floor":39.0,"turns":6.0},{"damage":5.0,"enemies":"4 Shapes","floor":41.0,"turns":6.0},{"damage":26.0,"enemies":"3 Darklings","floor":42.0,"turns":5.0},{"damage":24.0,"enemies":"2 Orb Walkers","floor":45.0,"turns":6.0},{"damage":6,"enemies":"Maw","floor":48,"turns":8},{"damage":15,"enemies":"Donu and Deca","floor":50,"turns":12}],"event_choices":[{"event_name":"Golden Wing","player_choice":"Card Removal","floor":2.0,"damage_taken":0.0},{"event_name":"Accursed Blacksmith","player_choice":"Rummage","floor":3.0,"damage_taken":0.0},{"event_name":"World of Goop","player_choice":"Gather Gold","floor":5.0,"damage_taken":0.0},{"event_name":"Scrap Ooze","player_choice":"success","floor":13.0,"damage_taken":12.0},{"event_name":"The Mausoleum","player_choice":"Yes","floor":20.0,"damage_taken":0.0},{"event_name":"Knowing Skull","player_choice":"GOLD GOLD GOLD GOLD ","floor":21.0,"damage_taken":0.0},{"event_name":"Tomb of Lord Red Mask","player_choice":"Paid","floor":37.0,"damage_taken":0.0},{"event_name":"Mysterious Sphere","player_choice":"Ignore","floor":40.0,"damage_taken":0.0},{"event_name":"Transmorgrifier","player_choice":"Transform","floor":47,"damage_taken":0}],"boss_relics":[],"potions_floor_spawned":[1,11,14,22,27,28,35,41,42],"seed_played":"7324521256467748177","ascension_level":4,"is_trial":false}