{"path_per_floor":["M","M","?","?","M","R","M","$","T","R","$","M","M","M","R","B",null,"M","?","M","M","M","E","R","M","T","M","R","M","?","M","R"],"character_chosen":"THE_SILENT","items_purchased":["Noxious Fumes","Blur","Dash"],"gold_per_floor":[115,129,129,129,146,146,162,50,101,101,22,41,61,81,81,186,186,206,206,224,242,262,287,287,303,371,383,383,396,396,409,409],"floor_reached":33,"campfire_rested":4,"playtime":2101,"current_hp_per_floor":[63,63,56,56,54,54,46,46,46,46,46,46,38,37,55,53,63,61,50,33,24,15,6,26,26,26,24,44,24,24,2,22],"items_purged":[],"gold":409,"score":265,"play_id":"d406a4ba-7aed-43ff-a6e8-93b06fb08030","is_prod":false,"is_daily":false,"is_ascension_mode":false,"campfire_upgraded":2,"path_taken":["M","M","?","?","M","R","M","$","T","R","$","?","M","M","R","BOSS","M","?","?","M","M","E","R","M","T","?","R","M","?","M","R","BOSS"],"build_version":"2018-02-08-PROD1","purchased_purges":2,"victory":false,"master_deck":["Defend_G","Defend_G","Defend_G","Defend_G","Strike_G","Strike_G","Strike_G","Strike_G","Survivor","Neutralize+1","Bullet Time","Caltrops","Envenom","Noxious Fumes+1","Blur","Dash","Backstab","Backstab","Bane","Poisoned Stab","PiercingWail","Dodge and Roll","Cloak And Dagger","Leg Sweep","Catalyst","Poisoned Stab","Bane+1"],"max_hp_per_floor":[63,63,63,63,63,63,63,63,63,63,63,63,63,63,63,63,63,63,68,68,68,68,68,68,68,68,68,68,68,68,68,68],"relics":["Ring of the Snake","Orichalcum","Orrery","Dodecahedron","Bottled Lightning"],"card_choices":[{"not_picked":["Doppelganger","A Thousand Cuts"],"picked":"Bullet Time"},{"not_picked":["Flying Knee","Outmaneuver"],"picked":"Caltrops"},{"not_picked":["Deadly Poison","Flying Knee"],"picked":"Envenom"},{"not_picked":["Crippling Poison","Backflip"],"picked":"Backstab"},{"not_picked":["Poisoned Stab","Riddle With Holes"],"picked":"Backstab"},{"not_picked":["Masterful Stab","Leg Sweep"],"picked":"Bane"},{"not_picked":["Infinite Blades","Flying Knee"],"picked":"Poisoned Stab"},{"not_picked":["Dodge and Roll","Concentrate"],"picked":"PiercingWail"},{"not_picked":["Deflect","Prepared"],"picked":"Dodge and Roll"},{"not_picked":["Calculated Gamble","Skewer"],"picked":"Cloak And Dagger"},{"not_picked":["All Out Attack","Underhanded Strike"],"picked":"Leg Sweep"},{"not_picked":["Choke","Bouncing Flask"],"picked":"Catalyst"},{"not_picked":["PiercingWail","Accuracy"],"picked":"Poisoned Stab"},{"not_picked":["Quick Slash","Slice"],"picked":"Bane"}],"player_experience":373767,"potions_floor_usage":[21,22,23,29,33,33],"damage_taken":[{"damage":0,"enemies":"2 Louse","floor":1,"turns":2},{"damage":0,"enemies":"Jaw Worm","floor":2,"turns":5},{"damage":2,"enemies":"Small Slimes","floor":5,"turns":4},{"damage":8,"enemies":"3 Louse","floor":7,"turns":4},{"damage":0,"enemies":"2 Fungi Beasts","floor":12,"turns":5},{"damage":8,"enemies":"Lots of Slimes","floor":13,"turns":4},{"damage":1,"enemies":"Exordium Wildlife","floor":14,"turns":4},{"damage":2,"enemies":"Hexaghost","floor":16,"turns":9},{"damage":2,"enemies":"3 Byrds","floor":18,"turns":5},{"damage":17,"enemies":"Shell Parasite","floor":20,"turns":7},{"damage":9,"enemies":"Snake Plant","floor":21,"turns":3},{"damage":9,"enemies":"3 Cultists","floor":22,"turns":7},{"damage":9,"enemies":"Gremlin Leader","floor":23,"turns":7},{"damage":0,"enemies":"Snecko","floor":25,"turns":5},{"damage":2,"enemies":"Centurion and Healer","floor":27,"turns":8},{"damage":20,"enemies":"3 Cultists","floor":29,"turns":6},{"damage":22,"enemies":"Chosen and Byrds","floor":31,"turns":8},{"damage":22,"enemies":"Champ","floor":33,"turns":12}],"event_choices":[{"event_name":"Golden Wing","player_choice":"Card Removal","floor":3,"damage_taken":0},{"event_name":"Living Wall","player_choice":"Forget","floor":4,"damage_taken":0},{"event_name":"Forgotten Altar","player_choice":"Shed Blood","floor":19,"damage_taken":0},{"event_name":"Addict","player_choice":"Ignored","floor":30,"damage_taken":0}],"boss_relics":[{"not_picked":["Runic Pyramid","Black Star"],"picked":"Orrery"}],"potions_floor_spawned":[2,5,14,16,21,23,25,29],"seed_played":"-5205913366639666201","killed_by":"Champ","ascension_level":0,"is_trial":false}