{"path_per_floor":["M","M","$","?","?","R","?","M","T","R","M","E","$","M","R","B",null,"M","?","?","M","M","R","E","R","T","R","?","M","$"],"character_chosen":"THE_SILENT","items_purchased":["Choke","Prepared","Noxious Fumes","Backstab","Bag of Preparation"],"gold_per_floor":[115,131,0,0,0,0,31,56,135,135,150,190,45,70,70,194,194,208,208,208,219,233,233,266,266,266,266,191,202,29],"floor_reached":31,"campfire_rested":5,"playtime":1770,"current_hp_per_floor":[63,63,63,46,39,60,54,42,42,63,33,22,22,22,43,19,57,55,80,80,73,57,80,46,70,70,70,70,45,45],"items_purged":["Strike_G"],"gold":29,"score":342,"play_id":"216d8dbd-9288-41f3-8190-ad5e5ea0ffaf","is_prod":false,"is_daily":false,"is_ascension_mode":true,"campfire_upgraded":1,"path_taken":["M","M","$","?","?","R","?","?","T","R","?","E","$","M","R","BOSS","M","?","?","M","?","R","E","R","T","R","?","?","?","E"],"build_version":"2018-02-15-PROD1","purchased_purges":1,"victory":false,"master_deck":["Survivor","Neutralize","Dagger Throw","Choke","Prepared","Adrenaline","Cloak And Dagger","Noxious Fumes","Infinite Blades","Die Die Die","Deflect","Infinite Blades","Poisoned Stab","Acrobatics","Slice","Dagger Throw","Well Laid Plans","Accuracy+1","Backstab","Prepared","Backstab"],"max_hp_per_floor":[70,70,70,70,70,70,70,70,70,70,70,70,70,70,70,70,70,70,80,80,80,80,80,80,80,80,80,80,80,80],"relics":["Ring of the Snake","Bloody Idol","Odd Mushroom","Tiny Chest","Anchor","Pandora\u0027s Box","The Courier","Toxic Egg 2","Bag of Preparation"],"card_choices":[{"not_picked":["Prepared","Sucker Punch"],"picked":"Dagger Throw"},{"not_picked":["Bouncing Flask","Quick Slash"],"picked":"Adrenaline"},{"not_picked":["Finisher","Blur"],"picked":"Cloak And Dagger"},{"not_picked":["All Out Attack","PiercingWail"],"picked":"Venomology"},{"not_picked":["Caltrops","Dagger Spray"],"picked":"Infinite Blades"},{"not_picked":["Venomology","Corpse Explosion"],"picked":"Die Die Die"},{"not_picked":["Deadly Poison","Dodge and Roll"],"picked":"Accuracy"},{"not_picked":["Terror","Backflip"],"picked":"Backstab"},{"not_picked":["Venomology","Caltrops"],"picked":"Prepared"}],"player_experience":476558,"potions_floor_usage":[24],"damage_taken":[{"damage":0.0,"enemies":"2 Louse","floor":1.0,"turns":5.0},{"damage":0.0,"enemies":"Small Slimes","floor":2.0,"turns":3.0},{"damage":6.0,"enemies":"The Mushroom Lair","floor":7.0,"turns":4.0},{"damage":12.0,"enemies":"Jaw Worm","floor":8.0,"turns":3.0},{"damage":30.0,"enemies":"Gremlin Gang","floor":11.0,"turns":6.0},{"damage":11.0,"enemies":"3 Sentries","floor":12.0,"turns":8.0},{"damage":0.0,"enemies":"Red Slaver","floor":14.0,"turns":2.0},{"damage":39.0,"enemies":"The Guardian","floor":16.0,"turns":13.0},{"damage":2,"enemies":"2 Thieves","floor":18,"turns":3},{"damage":12,"enemies":"Spheric Guardian","floor":21,"turns":4},{"damage":21,"enemies":"Chosen and Byrds","floor":22,"turns":6},{"damage":39,"enemies":"Gremlin Leader","floor":24,"turns":5},{"damage":30,"enemies":"Snecko","floor":29,"turns":5},{"damage":49,"enemies":"Book of Stabbing","floor":31,"turns":4}],"event_choices":[{"event_name":"Golden Idol","player_choice":"Take Damage","floor":4.0,"damage_taken":0.0},{"event_name":"Golden Wing","player_choice":"Card Removal","floor":5.0,"damage_taken":0.0},{"event_name":"Mushrooms","player_choice":"Fought Mushrooms","floor":7.0,"damage_taken":0.0},{"event_name":"Bonfire Elementals","player_choice":"RARE","floor":19,"damage_taken":0},{"event_name":"Forgotten Altar","player_choice":"Gave Idol","floor":20,"damage_taken":0},{"event_name":"Beggar","player_choice":"Gave Gold","floor":28,"damage_taken":0}],"boss_relics":[],"potions_floor_spawned":[2,11,16,18,22],"seed_played":"5661163497549720545","killed_by":"Book of Stabbing","ascension_level":7,"is_trial":false}