{"path_per_floor":["M","?","$","M","M","R","E","R","T","M","M","M","M","M","R","B",null,"M","?","$","?","$","R","M","R","T","M","R","?","R","?","R","B",null,"M","?","?","M","M","R","$","R","T","?","R","?","M"],"character_chosen":"THE_SILENT","items_purchased":["Accuracy","Adrenaline","Infinite Blades","Lee\u0027s Waffle","Blade Dance"],"gold_per_floor":[217,167,15,32,52,52,79,79,79,98,115,125,145,156,156,252,252,264,534,97,97,97,97,117,117,140,160,160,160,160,160,160,255,255,268,268,268,285,301,301,133,133,156,156,156,156,174],"floor_reached":48,"campfire_rested":5,"playtime":2719,"current_hp_per_floor":[56,56,56,55,53,53,32,53,53,43,48,45,43,26,47,20,58,41,9,77,77,77,77,70,70,70,29,52,52,52,36,59,4,59,42,42,42,36,27,50,50,50,50,69,69,69,49],"items_purged":["Strike_G","Strike_G"],"gold":174,"score":513,"play_id":"2a05be5e-fcec-40cb-933c-0acd6936d4b3","is_prod":false,"is_daily":false,"is_ascension_mode":true,"campfire_upgraded":6,"path_taken":["M","?","$","M","?","R","E","R","T","M","M","M","M","M","R","BOSS","M","?","$","?","$","R","M","R","T","M","R","?","R","?","R","BOSS","M","?","?","M","M","R","$","R","T","?","R","?","M","E"],"build_version":"2018-02-15-PROD1","purchased_purges":2,"victory":false,"master_deck":["Defend_G","Defend_G","Defend_G","Defend_G","Strike_G","Strike_G","Survivor","Neutralize+1","Escape Plan","Accuracy+1","Blade Dance+1","Choke","A Thousand Cuts+1","Adrenaline+1","Infinite Blades","Cloak And Dagger","Clumsy","Burst+1","Cloak And Dagger","Cloak And Dagger+1","Blade Dance","Injury","Writhe"],"max_hp_per_floor":[70,70,70,70,70,70,70,70,70,70,70,70,70,70,70,70,70,70,70,77,77,77,77,77,77,77,77,77,77,77,77,77,77,77,77,77,77,77,77,77,77,77,77,77,77,77,77],"relics":["Ring of the Snake","Bronze Scales","Bottled Lightning","Cursed Key","Lee\u0027s Waffle","Juzu Bracelet","Enchiridion","Sozu","Anchor"],"card_choices":[{"not_picked":["Dodge and Roll","Expertise"],"picked":"Escape Plan"},{"not_picked":["Expertise","Distraction"],"picked":"Blade Dance"},{"not_picked":["Bane","PiercingWail"],"picked":"Choke"},{"not_picked":["Venomology","Night Terror"],"picked":"A Thousand Cuts"},{"not_picked":["Bouncing Flask","Footwork"],"picked":"Cloak And Dagger"},{"not_picked":["Caltrops","Skewer"],"picked":"Backstab"},{"not_picked":["Night Terror","Tactician"],"picked":"Burst"},{"not_picked":["Underhanded Strike","Dodge and Roll"],"picked":"Cloak And Dagger"},{"not_picked":["Bouncing Flask","Calculated Gamble"],"picked":"Cloak And Dagger"}],"player_experience":478328,"potions_floor_usage":[],"damage_taken":[{"damage":7.0,"enemies":"Jaw Worm","floor":1.0,"turns":7.0},{"damage":1.0,"enemies":"Small Slimes","floor":4.0,"turns":6.0},{"damage":2.0,"enemies":"Cultist","floor":5.0,"turns":5.0},{"damage":21.0,"enemies":"Gremlin Nob","floor":7.0,"turns":5.0},{"damage":10.0,"enemies":"Large Slime","floor":10.0,"turns":9.0},{"damage":10.0,"enemies":"Gremlin Gang","floor":11.0,"turns":6.0},{"damage":3.0,"enemies":"3 Louse","floor":12.0,"turns":4.0},{"damage":2.0,"enemies":"2 Fungi Beasts","floor":13.0,"turns":4.0},{"damage":17.0,"enemies":"Gremlin Gang","floor":14.0,"turns":4.0},{"damage":27.0,"enemies":"Hexaghost","floor":16.0,"turns":11.0},{"damage":17.0,"enemies":"2 Thieves","floor":18.0,"turns":4.0},{"damage":7.0,"enemies":"Shell Parasite","floor":24.0,"turns":3.0},{"damage":41.0,"enemies":"Centurion and Healer","floor":27.0,"turns":7.0},{"damage":55.0,"enemies":"Automaton","floor":33.0,"turns":9.0},{"damage":17.0,"enemies":"3 Darklings","floor":35.0,"turns":5.0},{"damage":6.0,"enemies":"Orb Walker","floor":38.0,"turns":3.0},{"damage":9.0,"enemies":"3 Darklings","floor":39.0,"turns":4.0},{"damage":20.0,"enemies":"4 Shapes","floor":47.0,"turns":6.0},{"damage":63,"enemies":"2 Orb Walkers","floor":48,"turns":4}],"event_choices":[{"event_name":"The Cleric","player_choice":"Card Removal","floor":2.0,"damage_taken":0.0},{"event_name":"Knowing Skull","player_choice":"GOLD GOLD GOLD ","floor":19.0,"damage_taken":0.0},{"event_name":"Bonfire Elementals","player_choice":"BASIC","floor":21.0,"damage_taken":0.0},{"event_name":"Vampires","player_choice":"Ignored","floor":29.0,"damage_taken":0.0},{"event_name":"Cursed Tome","player_choice":"Obtained Book","floor":31.0,"damage_taken":0.0},{"event_name":"Tomb of Lord Red Mask","player_choice":"Ignored","floor":36.0,"damage_taken":0.0},{"event_name":"Mysterious Sphere","player_choice":"Ignore","floor":37.0,"damage_taken":0.0},{"event_name":"Winding Halls","player_choice":"Writhe","floor":44.0,"damage_taken":0.0}],"boss_relics":[],"potions_floor_spawned":[4,5,10,14,18,35],"seed_played":"1876405773748230525","killed_by":"2 Orb Walkers","ascension_level":7,"is_trial":false}