{"path_per_floor":["M","?","$","M","M","R","M","R","T","R","M","M","M","M","R","B",null,"M","M","?","M"],"character_chosen":"THE_SILENT","items_purchased":["Noxious Fumes"],"gold_per_floor":[109,109,0,13,26,26,38,38,87,87,107,122,135,105,105,210,210,227,247,247,262],"floor_reached":22,"campfire_rested":2,"playtime":857,"current_hp_per_floor":[63,63,63,63,63,63,20,20,20,41,39,30,30,29,50,22,58,55,32,32,14],"items_purged":["Strike_G"],"gold":262,"score":252,"play_id":"e320859f-b9af-4eaf-8084-38cf349a05c8","is_prod":false,"is_daily":false,"is_ascension_mode":true,"campfire_upgraded":2,"path_taken":["M","?","$","M","?","R","M","R","T","R","?","M","M","M","R","BOSS","M","M","?","M","M"],"build_version":"2018-02-15-PROD1","purchased_purges":1,"victory":false,"master_deck":["Defend_G","Defend_G","Defend_G","Defend_G","Defend_G","Strike_G","Strike_G","Strike_G","Survivor","Neutralize+1","Prepared","Noxious Fumes+1","Caltrops","Noxious Fumes","Noxious Fumes","Escape Plan"],"max_hp_per_floor":[70,70,70,70,70,70,70,70,70,70,70,70,70,70,70,70,70,70,70,70,70],"relics":["Ring of the Snake","NeowsBlessing","Prayer Wheel","Black Star"],"card_choices":[{"not_picked":["Outmaneuver","Endless Agony"],"picked":"Prepared"},{"not_picked":["Terror","Eviscerate"],"picked":"Caltrops"},{"not_picked":["Deadly Poison","Endless Agony"],"picked":"Noxious Fumes"},{"not_picked":["Bane","Poisoned Stab"],"picked":"Noxious Fumes"},{"not_picked":["Masterful Stab","Footwork"],"picked":"Escape Plan"}],"player_experience":498115,"potions_floor_usage":[16,19],"damage_taken":[{"damage":0,"enemies":"Jaw Worm","floor":1,"turns":1},{"damage":0,"enemies":"Cultist","floor":4,"turns":1},{"damage":0,"enemies":"2 Louse","floor":5,"turns":1},{"damage":43,"enemies":"Exordium Thugs","floor":7,"turns":6},{"damage":2,"enemies":"Gremlin Gang","floor":11,"turns":6},{"damage":9,"enemies":"3 Louse","floor":12,"turns":4},{"damage":0,"enemies":"Large Slime","floor":13,"turns":6},{"damage":1,"enemies":"Looter","floor":14,"turns":4},{"damage":28,"enemies":"Hexaghost","floor":16,"turns":8},{"damage":3,"enemies":"3 Byrds","floor":18,"turns":3},{"damage":23,"enemies":"Spheric Guardian","floor":19,"turns":6},{"damage":18,"enemies":"Centurion and Healer","floor":21,"turns":8},{"damage":19,"enemies":"Snake Plant","floor":22,"turns":4}],"event_choices":[{"event_name":"The Woman in Blue","player_choice":"Bought 0 Potions","floor":2,"damage_taken":0},{"event_name":"Back to Basics","player_choice":"Elegance","floor":20,"damage_taken":0}],"boss_relics":[{"not_picked":["Ectoplasm","Philosopher\u0027s Stone"],"picked":"Black Star"}],"potions_floor_spawned":[4,7,12,18,21],"seed_played":"-6571701617728204450","killed_by":"Snake Plant","ascension_level":8,"is_trial":false}