{"path_per_floor":["M","?","$","M","?","R","E","R","T","M","M","M","R","M","R","B",null,"M","?","M"],"character_chosen":"THE_SILENT","items_purchased":[],"gold_per_floor":[10,10,10,29,29,29,62,62,62,78,93,105,105,120,120,219,249,265,265,277],"floor_reached":21,"campfire_rested":3,"playtime":1074,"current_hp_per_floor":[60,46,46,43,43,64,35,56,56,56,44,41,41,41,62,20,63,28,28,10],"items_purged":[],"gold":277,"score":253,"play_id":"93acf07e-2ce8-403f-b9a0-c297ef41926b","is_prod":false,"is_daily":false,"is_ascension_mode":true,"campfire_upgraded":0,"path_taken":["M","?","?","M","?","R","E","R","T","M","M","M","R","?","R","BOSS","M","?","M","M"],"build_version":"2018-02-15-PROD1","purchased_purges":0,"victory":false,"master_deck":["Defend_G+1","Defend_G","Defend_G","Defend_G","Defend_G","Strike_G+1","Strike_G","Strike_G","Survivor","Neutralize+1","Escape Plan","Dagger Throw","Tools of the Trade+1","Underhanded Strike","Well Laid Plans","Prepared","A Thousand Cuts","Dagger Throw","Underhanded Strike"],"max_hp_per_floor":[70,70,70,70,70,70,70,70,70,70,70,70,70,70,70,70,75,75,75,75],"relics":["Ring of the Snake","Frozen Eye","Dead Branch","Peace Pipe","Tiny House"],"card_choices":[{"not_picked":["Terror","Quick Slash"],"picked":"Escape Plan"},{"not_picked":["Predator","Poisoned Stab"],"picked":"Dagger Throw"},{"not_picked":["Dagger Spray","Predator"],"picked":"Tools of the Trade"},{"not_picked":["Prepared","Sucker Punch"],"picked":"Underhanded Strike"},{"not_picked":["Footwork","Cloak And Dagger"],"picked":"Well Laid Plans"},{"not_picked":["Well Laid Plans","Bane"],"picked":"Prepared"},{"not_picked":["Corpse Explosion","Grand Finale"],"picked":"A Thousand Cuts"},{"not_picked":["Well Laid Plans","Bane"],"picked":"Dagger Throw"},{"not_picked":["Prepared","Bouncing Flask"],"picked":"Underhanded Strike"}],"player_experience":494682,"potions_floor_usage":[16,18,20,21,21],"damage_taken":[{"damage":3.0,"enemies":"Jaw Worm","floor":1.0,"turns":6.0},{"damage":3.0,"enemies":"2 Louse","floor":4.0,"turns":3.0},{"damage":29.0,"enemies":"Gremlin Nob","floor":7.0,"turns":5.0},{"damage":0.0,"enemies":"Cultist","floor":10.0,"turns":3.0},{"damage":12.0,"enemies":"Exordium Thugs","floor":11.0,"turns":6.0},{"damage":3.0,"enemies":"Exordium Wildlife","floor":12.0,"turns":4.0},{"damage":0.0,"enemies":"Large Slime","floor":14.0,"turns":4.0},{"damage":42,"enemies":"Hexaghost","floor":16,"turns":17},{"damage":35,"enemies":"2 Thieves","floor":18,"turns":4},{"damage":27,"enemies":"Spheric Guardian","floor":20,"turns":4},{"damage":24,"enemies":"3 Cultists","floor":21,"turns":4}],"event_choices":[{"event_name":"Shining Light","player_choice":"Entered Light","floor":2.0,"damage_taken":0.0},{"event_name":"Upgrade Shrine","player_choice":"Upgraded","floor":5.0,"damage_taken":0.0},{"event_name":"Purifier","player_choice":"One Purge","floor":19,"damage_taken":0}],"boss_relics":[{"not_picked":["Orrery","The Specimen"],"picked":"Tiny House"}],"potions_floor_spawned":[1,11,12,20],"seed_played":"-3193607914023646964","killed_by":"3 Cultists","ascension_level":8,"is_trial":false}