{"path_per_floor":["M","M","?","?","$","R","M","R","T","?","M","M","R","M","R","B",null,"M","?","?","M","?","R","?","M","T","R","M","?","R","M","R"],"character_chosen":"THE_SILENT","items_purchased":["Dodge and Roll"],"gold_per_floor":[119,135,210,210,87,87,98,98,150,100,112,131,131,144,144,242,242,262,262,312,293,293,293,293,303,330,330,348,348,348,367,367],"floor_reached":33,"campfire_rested":4,"playtime":1431,"current_hp_per_floor":[57,57,46,56,56,56,54,78,78,78,77,77,77,68,68,45,71,70,70,70,62,62,62,62,5,5,29,28,28,52,25,49],"items_purged":["Regret"],"gold":367,"score":332,"play_id":"3ab82d4d-cad1-4588-a3d0-46f37720c271","is_prod":false,"is_daily":false,"is_ascension_mode":true,"campfire_upgraded":4,"path_taken":["M","M","?","?","$","R","?","R","T","?","M","M","R","M","R","BOSS","M","?","?","M","?","R","?","M","T","R","M","?","R","M","R","BOSS"],"build_version":"2018-02-15-PROD1","purchased_purges":1,"victory":false,"master_deck":["Defend_G","Defend_G","Defend_G","Defend_G","Strike_G","Strike_G","Strike_G","Strike_G","Strike_G","Survivor+1","Neutralize+1","Leg Sweep+1","Backflip","Dodge and Roll+1","Caltrops+1","Wraith Form","Backflip+1","Dash+1","Neutralize","Dash"],"max_hp_per_floor":[70,70,70,80,80,80,80,80,80,80,80,80,80,80,80,80,80,80,80,80,80,80,80,80,80,80,80,80,80,80,80,80],"relics":["Ring of the Snake","Bronze Scales","Pear","Juzu Bracelet","Question Card","Orichalcum","Happy Flower"],"card_choices":[{"not_picked":["Quick Slash","Cloak And Dagger"],"picked":"Leg Sweep"},{"not_picked":["Dagger Throw","Flying Knee"],"picked":"Backflip"},{"not_picked":["Reflex","Bane"],"picked":"Caltrops"},{"not_picked":["A Thousand Cuts","Doppelganger"],"picked":"Wraith Form"},{"not_picked":["Riddle With Holes","Flying Knee","Reflex"],"picked":"Backflip"},{"not_picked":["Slice","Outmaneuver","Well Laid Plans"],"picked":"Dash"},{"not_picked":["Slice","Predator","Choke"],"picked":"Dash"}],"player_experience":493251,"potions_floor_usage":[],"damage_taken":[{"damage":6.0,"enemies":"Cultist","floor":1.0,"turns":4.0},{"damage":0.0,"enemies":"2 Louse","floor":2.0,"turns":3.0},{"damage":2.0,"enemies":"Jaw Worm","floor":7.0,"turns":5.0},{"damage":1.0,"enemies":"2 Fungi Beasts","floor":11.0,"turns":7.0},{"damage":0.0,"enemies":"Red Slaver","floor":12.0,"turns":5.0},{"damage":9.0,"enemies":"Gremlin Gang","floor":14.0,"turns":5.0},{"damage":23.0,"enemies":"Hexaghost","floor":16.0,"turns":11.0},{"damage":1.0,"enemies":"Shell Parasite","floor":18.0,"turns":8.0},{"damage":8.0,"enemies":"2 Thieves","floor":21.0,"turns":4.0},{"damage":57,"enemies":"3 Cultists","floor":25,"turns":7},{"damage":1,"enemies":"Snecko","floor":28,"turns":7},{"damage":27,"enemies":"Chosen and Byrds","floor":31,"turns":9},{"damage":57,"enemies":"Automaton","floor":33,"turns":6}],"event_choices":[{"event_name":"World of Goop","player_choice":"Gather Gold","floor":3.0,"damage_taken":0.0},{"event_name":"Big Fish","player_choice":"Box","floor":4.0,"damage_taken":0.0},{"event_name":"The Cleric","player_choice":"Card Removal","floor":10.0,"damage_taken":0.0},{"event_name":"Cursed Tome","player_choice":"Ignored","floor":19.0,"damage_taken":0.0},{"event_name":"The Joust","player_choice":"Bet on Murderer","floor":20.0,"damage_taken":0.0},{"event_name":"Upgrade Shrine","player_choice":"Upgraded","floor":22.0,"damage_taken":0.0},{"event_name":"The Mausoleum","player_choice":"Yes","floor":24,"damage_taken":0},{"event_name":"Match and Keep!","player_choice":"1 cards matched","floor":29,"damage_taken":0}],"boss_relics":[],"potions_floor_spawned":[2,11,14,18,28],"seed_played":"22990798663768019","killed_by":"Automaton","ascension_level":8,"is_trial":false}