{"path_per_floor":["M","?","?","M","M","R","E","M","T","R","$","R","M","M","R","B",null,"M","?","M","M","?","R","$","R","T","M","R","?","M","$","R"],"character_chosen":"THE_SILENT","items_purchased":[],"gold_per_floor":[99,99,99,99,99,99,99,99,99,99,99,99,99,99,99,99,99,99,99,99,99,99,99,99,99,99,99,99,99,99,24,24],"floor_reached":33,"campfire_rested":5,"playtime":1249,"current_hp_per_floor":[63,63,63,56,56,56,36,29,29,29,29,50,43,45,66,63,68,62,62,63,19,19,40,40,40,40,15,36,36,11,11,32],"items_purged":["Underhanded Strike"],"gold":24,"score":345,"play_id":"776b5af5-683c-411b-91fe-bf4f2c66c687","is_prod":false,"is_daily":false,"is_ascension_mode":true,"campfire_upgraded":3,"path_taken":["M","?","?","M","M","R","E","?","T","R","?","R","?","M","R","BOSS","M","?","M","M","?","R","?","R","T","M","R","?","M","$","R","BOSS"],"build_version":"2018-02-22-PROD2","purchased_purges":3,"victory":false,"master_deck":["Defend_G","Defend_G","Defend_G","Defend_G","Defend_G","Strike_G","Strike_G","Strike_G+1","Strike_G","Strike_G","Survivor","Neutralize+1","A Thousand Cuts+1","Backstab+1","Acrobatics","Infinite Blades+1","Underhanded Strike","Acrobatics","Phantasmal Killer","Backstab","Underhanded Strike","Dodge and Roll+1"],"max_hp_per_floor":[70,70,70,70,70,70,70,70,70,70,70,70,70,70,70,70,70,70,70,70,70,70,70,70,70,70,70,70,70,70,70,70],"relics":["Ectoplasm","Ancient Tea Set","Spirit Poop","Whetstone","Bird Faced Urn","Runic Dome","Ice Cream"],"card_choices":[{"not_picked":["Underhanded Strike","Eviscerate"],"picked":"A Thousand Cuts"},{"not_picked":["Calculated Gamble","Dash"],"picked":"Backstab"},{"not_picked":["Dodge and Roll","Predator"],"picked":"Acrobatics"},{"not_picked":["Noxious Fumes","Skewer"],"picked":"Infinite Blades"},{"not_picked":["Unload","Acrobatics"],"picked":"Underhanded Strike"},{"not_picked":["Slice","Deadly Poison"],"picked":"Acrobatics"},{"not_picked":["Grand Finale","Storm of Steel"],"picked":"Phantasmal Killer"},{"not_picked":["Backflip","Expertise"],"picked":"Underhanded Strike"},{"not_picked":["Deadly Poison","PiercingWail"],"picked":"Underhanded Strike"},{"not_picked":["Poisoned Stab","Bane"],"picked":"Dodge and Roll"}],"player_experience":518782,"potions_floor_usage":[27,27,33,33],"damage_taken":[{"damage":0,"enemies":"Cultist","floor":1,"turns":4},{"damage":7,"enemies":"Jaw Worm","floor":4,"turns":4},{"damage":0,"enemies":"Small Slimes","floor":5,"turns":3},{"damage":20,"enemies":"Lagavulin","floor":7,"turns":6},{"damage":7,"enemies":"Exordium Wildlife","floor":8,"turns":3},{"damage":9,"enemies":"Red Slaver","floor":13,"turns":2},{"damage":2,"enemies":"Exordium Thugs","floor":14,"turns":4},{"damage":7,"enemies":"The Guardian","floor":16,"turns":9},{"damage":10,"enemies":"3 Byrds","floor":18,"turns":5},{"damage":3,"enemies":"Spheric Guardian","floor":20,"turns":3},{"damage":48,"enemies":"Centurion and Healer","floor":21,"turns":6},{"damage":38,"enemies":"Chosen and Byrds","floor":27,"turns":7},{"damage":29,"enemies":"Slaver and Parasite","floor":30,"turns":7},{"damage":51,"enemies":"Champ","floor":33,"turns":7}],"event_choices":[{"event_name":"Big Fish","player_choice":"Box","floor":2,"damage_taken":0},{"event_name":"Bonfire Elementals","player_choice":"CURSE","floor":3,"damage_taken":0},{"event_name":"The Library","player_choice":"Read","floor":19,"damage_taken":0},{"event_name":"Drug Dealer","player_choice":"Ignored","floor":22,"damage_taken":0},{"event_name":"Cursed Tome","player_choice":"Ignored","floor":29,"damage_taken":0}],"boss_relics":[{"not_picked":["Question Card","Astrolabe"],"picked":"Runic Dome"}],"potions_floor_spawned":[5,7,8,14,16,21,27],"seed_played":"6771974371031429569","killed_by":"Champ","ascension_level":8,"is_trial":false}