{"path_per_floor":["M","M","$","?","M","R","E","R","T","M","M","M","M","?","R","B",null,"M","$","?","M","M","R","M","M","T","R","M","M","R","T","R"],"character_chosen":"THE_SILENT","items_purchased":["Well Laid Plans","Matryoshka"],"gold_per_floor":[113,125,15,15,29,29,73,73,73,97,111,132,151,131,131,261,261,274,20,20,39,55,55,79,100,155,155,178,197,197,197,197],"floor_reached":33,"campfire_rested":5,"playtime":1876,"current_hp_per_floor":[59,59,59,59,59,59,17,35,35,34,26,26,5,5,23,6,48,45,45,45,44,11,29,24,5,5,38,14,12,45,45,45],"items_purged":["Defend_G"],"gold":197,"score":392,"play_id":"b0ce67d8-e22a-42c4-94c6-283ef4334869","is_prod":false,"is_daily":false,"is_ascension_mode":true,"campfire_upgraded":2,"path_taken":["M","M","$","?","M","R","E","R","T","M","M","M","M","?","R","BOSS","M","?","?","M","M","R","?","M","T","R","M","M","R","?","R","BOSS"],"build_version":"2018-02-22-PROD2","purchased_purges":1,"victory":false,"master_deck":["Defend_G","Defend_G","Defend_G","Defend_G","Strike_G+1","Strike_G","Strike_G","Strike_G","Strike_G","Survivor","Neutralize+1","Well Laid Plans+1","Dagger Throw+1","Calculated Gamble","Underhanded Strike","Prepared","Die Die Die","Dagger Throw","Acrobatics+1","Underhanded Strike","Skewer+1","Underhanded Strike"],"max_hp_per_floor":[67,67,67,62,62,62,62,62,62,62,62,62,62,62,62,62,62,62,62,62,62,62,62,62,62,62,62,62,62,62,62,62],"relics":["Ring of the Snake","Golden Idol","Torii","Bronze Scales","Sozu","Matryoshka","Regal Pillow","Whetstone","Prayer Wheel","Peace Pipe"],"card_choices":[{"not_picked":["Dagger Spray","Quick Slash"],"picked":"Dagger Throw"},{"not_picked":["Dagger Throw","Dash"],"picked":"Calculated Gamble"},{"not_picked":["Dagger Spray","Dodge and Roll"],"picked":"Underhanded Strike"},{"not_picked":["Concentrate","Predator"],"picked":"Prepared"},{"not_picked":["Corpse Explosion","Bullet Time"],"picked":"Die Die Die"},{"not_picked":["Terror","Poisoned Stab"],"picked":"Dagger Throw"},{"not_picked":["Dash","Backflip"],"picked":"Acrobatics"},{"not_picked":["Cloak And Dagger","Deadly Poison"],"picked":"Underhanded Strike"},{"not_picked":["Acrobatics","Poisoned Stab"],"picked":"Skewer"},{"not_picked":["Calculated Gamble","Dagger Spray"],"picked":"Underhanded Strike"}],"player_experience":542519,"potions_floor_usage":[16,24,33],"damage_taken":[{"damage":4,"enemies":"Small Slimes","floor":1,"turns":4},{"damage":0,"enemies":"2 Louse","floor":2,"turns":3},{"damage":0,"enemies":"Jaw Worm","floor":5,"turns":5},{"damage":42,"enemies":"Gremlin Nob","floor":7,"turns":5},{"damage":1,"enemies":"Large Slime","floor":10,"turns":6},{"damage":8,"enemies":"Lots of Slimes","floor":11,"turns":4},{"damage":0,"enemies":"Looter","floor":12,"turns":2},{"damage":21,"enemies":"Exordium Thugs","floor":13,"turns":5},{"damage":17,"enemies":"The Guardian","floor":16,"turns":11},{"damage":3,"enemies":"3 Byrds","floor":18,"turns":3},{"damage":1,"enemies":"Spheric Guardian","floor":21,"turns":3},{"damage":33,"enemies":"Snake Plant","floor":22,"turns":6},{"damage":17,"enemies":"3 Cultists","floor":24,"turns":5},{"damage":19,"enemies":"Centurion and Healer","floor":25,"turns":10},{"damage":24,"enemies":"Sentry and Sphere","floor":28,"turns":5},{"damage":2,"enemies":"3 Cultists","floor":29,"turns":4},{"damage":50,"enemies":"Collector","floor":33,"turns":7}],"event_choices":[{"event_name":"Golden Idol","player_choice":"Lose Max HP","floor":4,"damage_taken":0},{"event_name":"World of Goop","player_choice":"Left","floor":14,"damage_taken":0},{"event_name":"The Lab","player_choice":"Got Potions","floor":20,"damage_taken":0}],"boss_relics":[{"not_picked":["Eternal Feather","Calling Bell"],"picked":"Sozu"}],"potions_floor_spawned":[10,12,16,22,28,29],"seed_played":"-6983564897644199125","killed_by":"Collector","ascension_level":11,"is_trial":false}