{"path_per_floor":["M","$","?","?","?","E","R","E","T","$","M","R","$","?","R","B",null,"M","?","?","M","T","R","M","R","T","R","M","M","M","$","R","B",null,"M","?","?","M","?","M","M","R","T","$","M","$","M","M","R","B"],"character_chosen":"THE_SILENT","items_purchased":["Noxious Fumes","Tough Bandages","Oddly Smooth Stone","Dexterity Potion","Expertise","Strawberry","Swift Strike","Acrobatics","Noxious Fumes","Dexterity Potion"],"gold_per_floor":[112,43,43,43,43,76,76,117,117,42,62,62,62,62,62,185,185,201,201,201,217,296,296,312,312,394,394,415,429,452,54,54,177,177,200,200,200,213,313,338,358,358,658,223,236,89,113,129,129,129],"floor_reached":51,"campfire_rested":2,"playtime":3922,"current_hp_per_floor":[63,63,56,56,39,39,39,39,39,39,39,39,39,39,60,16,57,57,57,57,57,57,57,43,43,43,64,56,56,54,54,54,50,65,65,65,65,65,65,65,65,65,65,72,63,63,63,63,63,45],"items_purged":["Strike_G","Doubt"],"gold":129,"score":757,"play_id":"f68f726c-cf82-4d3d-af8a-b7bb897edcbc","is_prod":false,"is_daily":false,"is_ascension_mode":true,"campfire_upgraded":7,"path_taken":["M","$","?","?","?","E","R","E","T","$","?","R","?","?","R","BOSS","M","?","?","?","?","R","M","R","T","R","M","M","?","$","R","BOSS","M","?","?","M","?","M","M","R","T","?","M","$","?","M","R","BOSS"],"build_version":"2018-02-22-PROD2","purchased_purges":4,"victory":true,"master_deck":["Survivor","Neutralize+1","Noxious Fumes+1","Backflip+1","Skewer+1","Neutralize+1","After Image+1","Poisoned Stab","Prepared+1","Dodge and Roll+1","Dodge and Roll+1","Bane","Slice","Leg Sweep+1","After Image+1","Backflip+1","Burst+1","Acrobatics+1","Tactician+1","Dodge and Roll+1","Escape Plan+1","Reflex+1","Expertise+1","Swift Strike","Acrobatics+1","Noxious Fumes+1","Caltrops+1"],"max_hp_per_floor":[70,70,70,70,70,70,70,70,70,70,70,70,70,70,70,70,70,70,70,70,70,70,70,70,70,70,70,70,70,70,70,70,70,70,70,70,70,70,70,70,70,70,70,77,77,77,77,77,77,77],"relics":["Ring of the Snake","NeowsBlessing","Golden Idol","Bag of Preparation","Toxic Egg 2","Bottled Tornado","Pandora\u0027s Box","Dodecahedron","Meat on the Bone","Centennial Puzzle","Tough Bandages","Oddly Smooth Stone","Cursed Key","Old Coin","Strawberry"],"card_choices":[{"not_picked":["Slice","Expertise"],"picked":"Backflip"},{"not_picked":["Die Die Die","A Thousand Cuts"],"picked":"After Image"},{"not_picked":["Underhanded Strike","Cloak And Dagger"],"picked":"Leg Sweep"},{"not_picked":["Flying Knee","Quick Slash"],"picked":"Backflip"},{"not_picked":["Quick Slash","Poisoned Stab"],"picked":"Burst"},{"not_picked":["Blade Dance","Bane"],"picked":"Acrobatics"},{"not_picked":["Die Die Die","Envenom"],"picked":"Tactician"},{"not_picked":["Deadly Poison","Dagger Throw"],"picked":"Dodge and Roll"},{"not_picked":["Dagger Spray","PiercingWail"],"picked":"Escape Plan"},{"not_picked":["Riddle With Holes","Sucker Punch"],"picked":"Reflex"},{"not_picked":["Infinite Blades","Backflip"],"picked":"Caltrops"}],"player_experience":520730,"potions_floor_usage":[50,50,50],"damage_taken":[{"damage":0.0,"enemies":"2 Louse","floor":1.0,"turns":1.0},{"damage":0.0,"enemies":"Gremlin Nob","floor":6.0,"turns":1.0},{"damage":0.0,"enemies":"Lagavulin","floor":8.0,"turns":1.0},{"damage":0.0,"enemies":"Cultist","floor":11.0,"turns":4.0},{"damage":44.0,"enemies":"Slime Boss","floor":16.0,"turns":12.0},{"damage":0.0,"enemies":"Chosen","floor":18.0,"turns":6.0},{"damage":0.0,"enemies":"3 Byrds","floor":21.0,"turns":5.0},{"damage":14.0,"enemies":"Snecko","floor":24.0,"turns":7.0},{"damage":8.0,"enemies":"Slaver and Parasite","floor":28.0,"turns":7.0},{"damage":0.0,"enemies":"3 Cultists","floor":29.0,"turns":5.0},{"damage":2.0,"enemies":"Cultist and Chosen","floor":30.0,"turns":7.0},{"damage":4.0,"enemies":"Collector","floor":33.0,"turns":14.0},{"damage":0.0,"enemies":"3 Shapes","floor":35.0,"turns":6.0},{"damage":0.0,"enemies":"3 Darklings","floor":38.0,"turns":6.0},{"damage":0.0,"enemies":"Maw","floor":40.0,"turns":10.0},{"damage":0.0,"enemies":"Sphere and 2 Shapes","floor":41.0,"turns":6.0},{"damage":9,"enemies":"4 Shapes","floor":45,"turns":8},{"damage":0,"enemies":"Maw","floor":47,"turns":8},{"damage":0,"enemies":"Sphere and 2 Shapes","floor":48,"turns":6},{"damage":18,"enemies":"Time Eater","floor":50,"turns":15}],"event_choices":[{"event_name":"Golden Wing","player_choice":"Card Removal","floor":3.0,"damage_taken":0.0},{"event_name":"Bonfire Elementals","player_choice":"BASIC","floor":4.0,"damage_taken":0.0},{"event_name":"Golden Idol","player_choice":"Take Damage","floor":5.0,"damage_taken":0.0},{"event_name":"Match and Keep!","player_choice":"2 cards matched","floor":14.0,"damage_taken":0.0},{"event_name":"The Mausoleum","player_choice":"Yes","floor":19.0,"damage_taken":0.0},{"event_name":"Duplicator","player_choice":"One dupe","floor":20.0,"damage_taken":0.0},{"event_name":"Mysterious Sphere","player_choice":"Ignore","floor":37.0,"damage_taken":0.0},{"event_name":"Golden Shrine","player_choice":"Pray","floor":39.0,"damage_taken":0.0}],"boss_relics":[],"potions_floor_spawned":[8,24,30,33,35,38,48],"seed_played":"-4220478055608071089","ascension_level":8,"is_trial":false}