{"path_per_floor":["M","$","M","?","?","R","M","R","T","E","R","$","M","M","R","B",null,"M","?","?","?","M","R","?","R","T","M"],"character_chosen":"THE_SILENT","items_purchased":["Vajra","Cloak And Dagger","Noxious Fumes"],"gold_per_floor":[111,111,125,125,125,125,138,138,219,249,249,34,54,73,73,169,169,153,153,153,153,169,169,169,169,196,206],"floor_reached":28,"campfire_rested":2,"playtime":1045,"current_hp_per_floor":[63,63,63,68,61,61,60,60,60,34,34,34,27,27,49,21,62,43,27,27,27,16,38,38,38,38,16],"items_purged":[],"gold":206,"score":313,"play_id":"0853d20b-021b-4523-ab5f-34b44388da49","is_prod":false,"is_daily":false,"is_ascension_mode":true,"campfire_upgraded":4,"path_taken":["M","$","M","?","?","R","M","R","T","E","R","?","?","M","R","BOSS","M","?","?","?","M","R","?","R","T","M","E"],"build_version":"2018-02-22-PROD2","purchased_purges":0,"victory":false,"master_deck":["Defend_G","Defend_G","Defend_G","Defend_G","Strike_G","Strike_G","Strike_G","Strike_G","Strike_G","Survivor","Neutralize+1","Cloak And Dagger+1","Terror+1","Cloak And Dagger","Noxious Fumes+1","Envenom","Quick Slash","Writhe","Quick Slash+1"],"max_hp_per_floor":[70,70,70,75,75,75,75,75,75,75,75,75,75,75,75,75,75,75,75,75,75,75,75,75,75,75,75],"relics":["Cursed Key","The Courier","Letter Opener","Vajra","Lizard Tail","Nilry\u0027s Codex","Lantern"],"card_choices":[{"not_picked":["Bane","Acrobatics"],"picked":"Cloak And Dagger"},{"not_picked":["Backflip","Eviscerate"],"picked":"Terror"},{"not_picked":["Wraith Form","Doppelganger"],"picked":"Envenom"},{"not_picked":["Underhanded Strike","Bane"],"picked":"Quick Slash"},{"not_picked":["Underhanded Strike","Noxious Fumes"],"picked":"Quick Slash"}],"player_experience":524652,"potions_floor_usage":[10,16,16,27],"damage_taken":[{"damage":0,"enemies":"2 Louse","floor":1,"turns":3},{"damage":0,"enemies":"Jaw Worm","floor":3,"turns":5},{"damage":1,"enemies":"Small Slimes","floor":7,"turns":4},{"damage":26,"enemies":"Lagavulin","floor":10,"turns":12},{"damage":7,"enemies":"3 Louse","floor":13,"turns":3},{"damage":0,"enemies":"Looter","floor":14,"turns":3},{"damage":28,"enemies":"Hexaghost","floor":16,"turns":9},{"damage":19,"enemies":"2 Thieves","floor":18,"turns":4},{"damage":11,"enemies":"3 Byrds","floor":22,"turns":5},{"damage":22,"enemies":"Centurion and Healer","floor":27,"turns":6},{"damage":71,"enemies":"Slavers","floor":28,"turns":3}],"event_choices":[{"event_name":"Big Fish","player_choice":"Donut","floor":4,"damage_taken":0},{"event_name":"Golden Wing","player_choice":"Card Removal","floor":5,"damage_taken":0},{"event_name":"Cursed Tome","player_choice":"Obtained Book","floor":19,"damage_taken":0},{"event_name":"Back to Basics","player_choice":"Elegance","floor":20,"damage_taken":0},{"event_name":"N\u0027loth","player_choice":"Ignored","floor":21,"damage_taken":0},{"event_name":"Drug Dealer","player_choice":"Ignored","floor":24,"damage_taken":0}],"boss_relics":[{"not_picked":["Ectoplasm","Eternal Feather"],"picked":"Lizard Tail"}],"potions_floor_spawned":[3,7,13,22,27],"seed_played":"-7891952263166787544","killed_by":"Slavers","ascension_level":9,"is_trial":false}