{"path_per_floor":["M","M","M","?","M","R","E","R","T","E","M","$","E","?","R","B",null,"M","?","M","M","M","R","M","?","T","?","R","$","?","M","R","B",null,"M","?","?","M","?","R","?","M","T","M","$","R","M","$","R","B"],"character_chosen":"THE_SILENT","items_purchased":["Singing Bowl","Oddly Smooth Stone","Leg Sweep","Backflip"],"gold_per_floor":[113,132,145,145,156,156,183,183,183,218,231,4,37,37,37,167,167,181,96,91,110,135,135,156,156,228,228,228,73,73,97,97,228,266,291,291,291,314,314,314,314,329,329,344,244,244,265,39,39,39],"floor_reached":51,"campfire_rested":3,"playtime":3125,"current_hp_per_floor":[56,54,53,53,46,46,38,58,58,43,39,39,39,39,58,35,58,60,60,53,49,43,43,44,44,44,44,44,44,84,73,73,75,88,92,80,80,79,79,79,79,81,83,87,87,87,79,79,101,69],"items_purged":["Strike_G","Strike_G","Strike_G"],"gold":39,"score":888,"play_id":"820be6af-10ba-458c-9d40-553b68f93eaf","is_prod":false,"is_daily":false,"is_ascension_mode":true,"campfire_upgraded":6,"path_taken":["M","M","M","?","M","R","E","R","T","E","M","$","E","?","R","BOSS","M","?","M","M","M","R","M","?","T","?","R","$","?","M","R","BOSS","M","?","?","M","?","R","?","M","T","?","?","R","M","$","R","BOSS"],"build_version":"2018-02-22-PROD2","purchased_purges":3,"victory":true,"master_deck":["Defend_G+1","Defend_G","Defend_G","Defend_G","Defend_G","Strike_G","Survivor+1","Neutralize","Noxious Fumes+1","Bane","Crippling Poison+1","PiercingWail+1","Catalyst+1","Noxious Fumes+1","Burst+1","Well Laid Plans+1","Madness+1","Madness","Noxious Fumes+1","Leg Sweep","Backflip"],"max_hp_per_floor":[67,67,67,67,67,67,67,67,67,67,67,67,69,64,64,66,66,66,66,68,70,72,72,74,74,74,74,74,74,84,86,86,86,91,93,93,93,95,95,95,95,95,97,99,99,99,101,101,101,101],"relics":["Ring of the Snake","Matryoshka","Lantern","Orichalcum","Blood Vial","Singing Bowl","Dead Branch","Golden Idol","Velvet Choker","Snake Skull","Prayer Wheel","Mercury Hourglass","Oddly Smooth Stone","Tiny House","Bronze Scales"],"card_choices":[{"not_picked":["Dagger Spray","Terror"],"picked":"Noxious Fumes"},{"not_picked":["Flying Knee","Deflect"],"picked":"Bane"},{"not_picked":["Cloak And Dagger","Quick Slash"],"picked":"Crippling Poison"},{"not_picked":["Underhanded Strike","Slice"],"picked":"PiercingWail"},{"not_picked":["Slice","Masterful Stab"],"picked":"Unload"},{"not_picked":["Infinite Blades","Prepared"],"picked":"Catalyst"},{"not_picked":["Die Die Die","Adrenaline"],"picked":"Burst"},{"not_picked":["Cloak And Dagger","Dagger Spray"],"picked":"Well Laid Plans"},{"not_picked":["Outmaneuver","Quick Slash"],"picked":"Noxious Fumes"}],"player_experience":539394,"potions_floor_usage":[20,22,50,50],"damage_taken":[{"damage":7.0,"enemies":"Jaw Worm","floor":1.0,"turns":7.0},{"damage":2.0,"enemies":"Cultist","floor":2.0,"turns":4.0},{"damage":1.0,"enemies":"Small Slimes","floor":3.0,"turns":4.0},{"damage":7.0,"enemies":"Blue Slaver","floor":5.0,"turns":6.0},{"damage":8.0,"enemies":"3 Sentries","floor":7.0,"turns":8.0},{"damage":15.0,"enemies":"Lagavulin","floor":10.0,"turns":6.0},{"damage":6.0,"enemies":"Looter","floor":11.0,"turns":4.0},{"damage":4.0,"enemies":"3 Sentries","floor":13.0,"turns":6.0},{"damage":27.0,"enemies":"The Guardian","floor":16.0,"turns":12.0},{"damage":0.0,"enemies":"Shell Parasite","floor":18.0,"turns":6.0},{"damage":11,"enemies":"2 Thieves","floor":20,"turns":4},{"damage":8,"enemies":"Snake Plant","floor":21,"turns":4},{"damage":10,"enemies":"3 Cultists","floor":22,"turns":5},{"damage":3,"enemies":"Chosen and Byrds","floor":24,"turns":6},{"damage":13,"enemies":"Snecko","floor":31,"turns":5},{"damage":0,"enemies":"Champ","floor":33,"turns":9},{"damage":0,"enemies":"Orb Walker","floor":35,"turns":2},{"damage":5,"enemies":"3 Shapes","floor":38,"turns":4},{"damage":0,"enemies":"Maw","floor":42,"turns":6},{"damage":0,"enemies":"4 Shapes","floor":44,"turns":5},{"damage":12,"enemies":"3 Darklings","floor":47,"turns":4},{"damage":32,"enemies":"Donu and Deca","floor":50,"turns":8}],"event_choices":[{"event_name":"The Woman in Blue","player_choice":"Bought 0 Potions","floor":4.0,"damage_taken":0.0},{"event_name":"Golden Idol","player_choice":"Lose Max HP","floor":14.0,"damage_taken":0.0},{"event_name":"Addict","player_choice":"Obtained Relic","floor":19,"damage_taken":0},{"event_name":"Duplicator","player_choice":"One dupe","floor":25,"damage_taken":0},{"event_name":"Upgrade Shrine","player_choice":"Upgraded","floor":27,"damage_taken":0},{"event_name":"Bonfire Elementals","player_choice":"RARE","floor":30,"damage_taken":0},{"event_name":"Winding Halls","player_choice":"Embrace Madness","floor":36,"damage_taken":0},{"event_name":"Tomb of Lord Red Mask","player_choice":"Ignored","floor":37,"damage_taken":0},{"event_name":"Mysterious Sphere","player_choice":"Ignore","floor":41,"damage_taken":0}],"boss_relics":[{"not_picked":["White Beast Statue","Cursed Key"],"picked":"Tiny House"}],"potions_floor_spawned":[1,3,7,10,13,22,24,31,38,42,44],"seed_played":"-1917478138039475284","ascension_level":10,"is_trial":false}