{"path_per_floor":["M","?","$","?","M","R","M","R","T","?","T","E","M","$","R","B",null,"M","?","T","M","$","R","M","M","T","M","M"],"character_chosen":"THE_SILENT","items_purchased":["Caltrops","Footwork"],"gold_per_floor":[109,59,24,24,36,36,52,52,131,131,131,166,154,7,7,103,103,121,46,126,146,46,46,60,79,79,99,109],"floor_reached":29,"campfire_rested":1,"playtime":1387,"current_hp_per_floor":[61,61,61,61,59,59,55,55,55,48,48,35,25,25,45,17,55,56,56,56,53,53,53,26,21,21,21,9],"items_purged":["Strike_G","Bane"],"gold":109,"score":338,"play_id":"a633e954-2cdd-4f7f-9a50-cbb53e3847d9","is_prod":false,"is_daily":false,"is_ascension_mode":true,"campfire_upgraded":3,"path_taken":["M","?","$","?","M","R","M","R","T","?","?","E","?","?","R","BOSS","M","?","?","M","$","R","M","M","T","M","?","M"],"build_version":"2018-02-22-PROD2","purchased_purges":3,"victory":false,"master_deck":["Survivor","Neutralize","Cloak And Dagger","Caltrops+1","Footwork+1","Reflex+1","Footwork","Venomology","Acrobatics","Dagger Spray","Acrobatics","Outmaneuver","Underhanded Strike","Calculated Gamble","Slice+1","Backflip","Reflex","Calculated Gamble+1","Prepared+1"],"max_hp_per_floor":[70,67,67,67,67,67,67,67,67,67,67,67,67,67,67,67,67,67,67,67,67,67,67,67,67,67,67,67],"relics":["Ring of the Snake","Tiny Chest","Tingsha","Orichalcum","Pandora\u0027s Box","Darkstone Periapt","Shovel"],"card_choices":[{"not_picked":["Well Laid Plans","Slice"],"picked":"Cloak And Dagger"},{"not_picked":["Choke","Leg Sweep"],"picked":"Footwork"},{"not_picked":["Dagger Throw","Phantasmal Killer"],"picked":"Reflex"},{"not_picked":["A Thousand Cuts","Grand Finale"],"picked":"Venomology"},{"not_picked":["Deadly Poison","Sucker Punch"],"picked":"Slice"},{"not_picked":["PiercingWail","Blade Dance"],"picked":"Backflip"},{"not_picked":["Sucker Punch","Dagger Spray"],"picked":"Reflex"},{"not_picked":["Deadly Poison","Finisher"],"picked":"Calculated Gamble"},{"not_picked":["Expertise","Sucker Punch"],"picked":"Prepared"}],"player_experience":538007,"potions_floor_usage":[12,12,12,18,25,27,27,29],"damage_taken":[{"damage":2,"enemies":"Small Slimes","floor":1,"turns":4},{"damage":2,"enemies":"2 Louse","floor":5,"turns":3},{"damage":4,"enemies":"Jaw Worm","floor":7,"turns":6},{"damage":28,"enemies":"Lagavulin","floor":12,"turns":13},{"damage":10,"enemies":"Exordium Thugs","floor":13,"turns":5},{"damage":28,"enemies":"The Guardian","floor":16,"turns":19},{"damage":5,"enemies":"Spheric Guardian","floor":18,"turns":5},{"damage":3,"enemies":"3 Byrds","floor":21,"turns":3},{"damage":27,"enemies":"Sentry and Sphere","floor":24,"turns":5},{"damage":5,"enemies":"Chosen and Byrds","floor":25,"turns":6},{"damage":0,"enemies":"3 Cultists","floor":27,"turns":5},{"damage":12,"enemies":"Snake Plant","floor":28,"turns":3},{"damage":10,"enemies":"Centurion and Healer","floor":29,"turns":1}],"event_choices":[{"event_name":"The Cleric","player_choice":"Card Removal","floor":2,"damage_taken":0},{"event_name":"The Lab","player_choice":"Got Potions","floor":4,"damage_taken":0},{"event_name":"Golden Wing","player_choice":"Card Removal","floor":10,"damage_taken":0},{"event_name":"Beggar","player_choice":"Gave Gold","floor":19,"damage_taken":0}],"boss_relics":[{"not_picked":["The Specimen","Ectoplasm"],"picked":"Pandora\u0027s Box"}],"potions_floor_spawned":[7,13,16,21,24,25,28],"seed_played":"-6693113566960112449","killed_by":"Centurion and Healer","ascension_level":10,"is_trial":false}