{"path_per_floor":["M","?","M","?","?","R","M","R","T","M","M","M","M","M","R","B",null,"M"],"character_chosen":"THE_SILENT","items_purchased":[],"gold_per_floor":[218,218,233,233,233,233,250,250,273,293,304,321,341,353,353,458,458,470],"floor_reached":19,"campfire_rested":2,"playtime":1258,"current_hp_per_floor":[63,60,52,52,52,52,39,60,60,54,46,38,33,29,50,16,57,12],"items_purged":[],"gold":470,"score":245,"play_id":"60a378e0-95cd-4ae3-b8f4-32ef3cf80e02","is_prod":false,"is_daily":false,"is_ascension_mode":true,"campfire_upgraded":1,"path_taken":["M","?","M","?","?","R","M","R","T","M","M","M","?","M","R","BOSS","M","?"],"build_version":"2018-02-22-PROD2","purchased_purges":0,"victory":false,"master_deck":["Defend_G","Defend_G","Defend_G","Defend_G","Defend_G","Strike_G","Strike_G","Strike_G","Strike_G","Survivor","Neutralize","Parasite","Accuracy+1","Infinite Blades","Adrenaline","Accuracy","Blur","Cloak And Dagger","Accuracy","Burst","Dodge and Roll"],"max_hp_per_floor":[70,70,70,70,70,70,70,70,70,70,70,70,70,70,70,70,70,70],"relics":["Ring of the Snake","Blue Candle","Bag of Marbles","Question Card"],"card_choices":[{"not_picked":["Choke","Dash"],"picked":"Accuracy"},{"not_picked":["Caltrops","Cloak And Dagger"],"picked":"Infinite Blades"},{"not_picked":["All Out Attack","Sucker Punch"],"picked":"Accuracy"},{"not_picked":["Deflect","Dagger Throw"],"picked":"Blur"},{"not_picked":["Poisoned Stab","Concentrate"],"picked":"Cloak And Dagger"},{"not_picked":["Dash","Slice"],"picked":"Accuracy"},{"not_picked":["Tools of the Trade","Corpse Explosion"],"picked":"Burst"},{"not_picked":["Bane","Underhanded Strike","Poisoned Stab"],"picked":"Dodge and Roll"}],"player_experience":534211,"potions_floor_usage":[16,18],"damage_taken":[{"damage":0.0,"enemies":"2 Louse","floor":1.0,"turns":3.0},{"damage":8.0,"enemies":"Jaw Worm","floor":3.0,"turns":5.0},{"damage":13,"enemies":"Small Slimes","floor":7,"turns":3},{"damage":6,"enemies":"Looter","floor":10,"turns":4},{"damage":8,"enemies":"Exordium Thugs","floor":11,"turns":5},{"damage":8,"enemies":"3 Louse","floor":12,"turns":5},{"damage":5,"enemies":"Blue Slaver","floor":13,"turns":4},{"damage":4,"enemies":"Red Slaver","floor":14,"turns":4},{"damage":49,"enemies":"Hexaghost","floor":16,"turns":13},{"damage":45,"enemies":"3 Byrds","floor":18,"turns":9},{"damage":15,"enemies":"Spheric Guardian","floor":19,"turns":3}],"event_choices":[{"event_name":"Scrap Ooze","player_choice":"success","floor":2.0,"damage_taken":3.0},{"event_name":"Match and Keep!","player_choice":"0 cards matched","floor":4,"damage_taken":0},{"event_name":"Transmorgrifier","player_choice":"Transform","floor":5,"damage_taken":0}],"boss_relics":[{"not_picked":["Snecko Eye","Velvet Choker"],"picked":"Question Card"}],"potions_floor_spawned":[1,7,10,11,13],"seed_played":"-1831978201270110418","killed_by":"Spheric Guardian","ascension_level":10,"is_trial":false}