{"path_per_floor":["M","?","M","?","$","R","M","E","T","$","M","$","R","M","R","B",null,"M","?","M","?","M","R","$","R","T","M","R","?","M","T","R","B",null,"M","M","?","?","?","R","T","M","T","$","?","?","M","M","R"],"character_chosen":"THE_SILENT","items_purchased":["Noxious Fumes","Dodge and Roll","Bane","Noxious Fumes","Regen Potion","Fire Potion"],"gold_per_floor":[115,115,129,129,17,17,34,66,89,19,36,36,36,47,47,147,147,167,167,179,179,199,199,99,99,99,117,117,117,131,131,131,235,235,251,262,262,262,262,262,288,304,328,66,66,0,11,26,26],"floor_reached":50,"campfire_rested":4,"playtime":2355,"current_hp_per_floor":[55,41,41,38,38,58,58,41,41,41,41,41,41,41,61,35,59,37,37,35,35,33,33,33,33,33,35,35,23,4,4,25,3,55,45,46,64,64,64,64,64,31,38,38,38,38,30,16,39],"items_purged":["Parasite","Strike_G","Strike_G"],"gold":26,"score":610,"play_id":"89345255-93fa-45da-a2cc-db350625977b","is_prod":false,"is_daily":false,"is_ascension_mode":true,"campfire_upgraded":5,"path_taken":["M","?","M","?","$","R","M","E","T","$","M","?","R","M","R","BOSS","M","?","M","?","M","R","$","R","T","M","R","?","?","?","R","BOSS","M","M","?","?","?","R","?","?","T","?","?","?","M","M","R","BOSS"],"build_version":"2018-02-22-PROD2","purchased_purges":4,"victory":false,"master_deck":["Defend_G","Defend_G","Defend_G","Defend_G","Defend_G","Strike_G","Strike_G","Strike_G+1","Survivor","Neutralize+1","Poisoned Stab+1","Noxious Fumes+1","Noxious Fumes+1","Malaise+1","Dodge and Roll+1","Bane+1","Burst","Dodge and Roll","Noxious Fumes","Leg Sweep+1"],"max_hp_per_floor":[70,70,70,70,67,67,67,67,67,67,67,67,67,67,67,67,67,67,67,67,67,67,67,67,67,67,67,67,72,72,72,72,72,72,72,72,72,72,72,72,72,72,79,79,79,79,79,79,79],"relics":["Ring of the Snake","Anchor","Art of War","The Specimen","Nloth\u0027s Gift","Tingsha","Bird Faced Urn","Velvet Choker","Blood Vial","Strawberry","Red Mask"],"card_choices":[{"not_picked":["Catalyst","Deflect"],"picked":"Poisoned Stab"},{"not_picked":["Predator","Dodge and Roll"],"picked":"Noxious Fumes"},{"not_picked":["Quick Slash","Accuracy"],"picked":"Malaise"},{"not_picked":["Bouncing Flask","Prepared"],"picked":"Bane"},{"not_picked":["Bullet Time","A Thousand Cuts"],"picked":"Burst"},{"not_picked":["Well Laid Plans","Prepared"],"picked":"Dodge and Roll"},{"not_picked":["Quick Slash","Crippling Poison"],"picked":"Leg Sweep"}],"player_experience":530561,"potions_floor_usage":[50,50,50],"damage_taken":[{"damage":8.0,"enemies":"Jaw Worm","floor":1.0,"turns":6.0},{"damage":0.0,"enemies":"2 Louse","floor":3.0,"turns":3.0},{"damage":0.0,"enemies":"Cultist","floor":7.0,"turns":3.0},{"damage":17.0,"enemies":"Lagavulin","floor":8.0,"turns":6.0},{"damage":0.0,"enemies":"2 Fungi Beasts","floor":11.0,"turns":3.0},{"damage":0.0,"enemies":"Blue Slaver","floor":14.0,"turns":3.0},{"damage":26.0,"enemies":"The Guardian","floor":16.0,"turns":11.0},{"damage":22.0,"enemies":"Chosen","floor":18.0,"turns":6.0},{"damage":2.0,"enemies":"Shell Parasite","floor":20.0,"turns":6.0},{"damage":2.0,"enemies":"Snake Plant","floor":22.0,"turns":7.0},{"damage":13.0,"enemies":"Slaver and Parasite","floor":27.0,"turns":9.0},{"damage":19.0,"enemies":"Cultist and Chosen","floor":30.0,"turns":6.0},{"damage":41.0,"enemies":"Automaton","floor":33.0,"turns":10.0},{"damage":14.0,"enemies":"Orb Walker","floor":35.0,"turns":6.0},{"damage":3.0,"enemies":"3 Shapes","floor":36.0,"turns":6.0},{"damage":39.0,"enemies":"Sphere and 2 Shapes","floor":42.0,"turns":6.0},{"damage":14,"enemies":"3 Darklings","floor":47,"turns":6},{"damage":22,"enemies":"Maw","floor":48,"turns":9},{"damage":78,"enemies":"Awakened One","floor":50,"turns":10}],"event_choices":[{"event_name":"Shining Light","player_choice":"Entered Light","floor":2.0,"damage_taken":0.0},{"event_name":"Scrap Ooze","player_choice":"success","floor":4.0,"damage_taken":3.0},{"event_name":"Cursed Tome","player_choice":"Ignored","floor":19.0,"damage_taken":0.0},{"event_name":"N\u0027loth","player_choice":"Traded a Molten Egg 2","floor":21.0,"damage_taken":0.0},{"event_name":"Forgotten Altar","player_choice":"Shed Blood","floor":29.0,"damage_taken":0.0},{"event_name":"Winding Halls","player_choice":"Writhe","floor":37.0,"damage_taken":0.0},{"event_name":"Fountain of Cleansing","player_choice":"Removed Curse","floor":38.0,"damage_taken":0.0},{"event_name":"Mysterious Sphere","player_choice":"Ignore","floor":45.0,"damage_taken":0.0},{"event_name":"Tomb of Lord Red Mask","player_choice":"Paid","floor":46.0,"damage_taken":0.0}],"boss_relics":[],"potions_floor_spawned":[1,8,11,16,27,30,36,47,48],"seed_played":"1261157370099231722","killed_by":"Awakened One","ascension_level":10,"is_trial":false}