{"path_per_floor":["M","?","?","M","$","E","R","E","T","?","?","M","M","M","R","B",null,"M","?","?","?","M","R","M","E","T","$","M","R","$","?","R","B",null,"M","?","?","M","?","R","$","R","T","M","R","M","M","M","R","B"],"character_chosen":"THE_SILENT","items_purchased":["Singing Bowl","Bane","Paper Crane","Dexterity Potion"],"gold_per_floor":[112,287,287,301,26,57,57,91,114,114,114,134,145,163,163,263,263,280,205,205,205,218,218,236,270,270,10,20,20,20,20,20,121,121,140,140,140,152,152,152,3,3,3,21,21,31,41,51,51,51],"floor_reached":51,"campfire_rested":6,"playtime":3039,"current_hp_per_floor":[63,63,63,63,63,63,63,40,40,40,40,40,32,22,43,34,62,59,59,46,46,44,68,45,29,29,29,19,43,43,43,67,41,73,75,64,64,54,54,54,54,80,80,65,65,46,47,54,82,14],"items_purged":["Doubt","Caltrops"],"gold":51,"score":850,"play_id":"89e01b89-8645-4324-9a54-794a11ce9df8","is_prod":false,"is_daily":false,"is_ascension_mode":true,"campfire_upgraded":3,"path_taken":["M","?","?","?","$","E","R","E","T","?","?","M","M","M","R","BOSS","M","?","?","?","?","R","?","E","T","?","M","R","$","?","R","BOSS","M","?","?","?","?","R","$","R","T","M","R","M","M","M","R","BOSS"],"build_version":"2018-02-22-PROD2","purchased_purges":2,"victory":true,"master_deck":["Defend_G","Defend_G","Defend_G","Defend_G","Defend_G","Strike_G+1","Strike_G+1","Strike_G","Survivor","Neutralize","Skewer","Noxious Fumes+1","Bane","Blur","Malaise+1","Backflip","Unload","Leg Sweep","Footwork+1","Madness+1","Madness","Dodge and Roll+1","Backflip+1"],"max_hp_per_floor":[70,70,70,70,70,70,70,70,70,70,67,67,69,71,71,71,71,73,73,78,78,80,80,80,80,80,80,82,82,82,82,82,84,84,86,86,86,88,88,88,88,88,88,90,90,90,92,94,94,94],"relics":["Ring of the Snake","NeowsBlessing","Singing Bowl","Tough Bandages","Mercury Hourglass","Whetstone","Oddly Smooth Stone","The Specimen","Centennial Puzzle","Ninja Scroll","Paper Crane","Lizard Tail","Dream Catcher"],"card_choices":[{"not_picked":["Concentrate","Deflect"],"picked":"Noxious Fumes"},{"not_picked":["Flying Knee","Calculated Gamble"],"picked":"Blur"},{"not_picked":["PiercingWail","Calculated Gamble"],"picked":"Malaise"},{"not_picked":["Slice","Dodge and Roll"],"picked":"Backflip"},{"not_picked":["Doppelganger","Bullet Time"],"picked":"Unload"},{"not_picked":["Poisoned Stab","Bane"],"picked":"Footwork"},{"not_picked":["Sucker Punch","Acrobatics"],"picked":"Caltrops"},{"not_picked":["Deadly Poison","PiercingWail"],"picked":"Dodge and Roll"},{"not_picked":["Prepared","Deadly Poison"],"picked":"Backflip"}],"player_experience":548793,"potions_floor_usage":[48,50,50],"damage_taken":[{"damage":0.0,"enemies":"Jaw Worm","floor":1.0,"turns":1.0},{"damage":0.0,"enemies":"2 Louse","floor":4.0,"turns":1.0},{"damage":0.0,"enemies":"3 Sentries","floor":6.0,"turns":1.0},{"damage":23.0,"enemies":"Gremlin Nob","floor":8.0,"turns":6.0},{"damage":0.0,"enemies":"Cultist","floor":12.0,"turns":4.0},{"damage":10.0,"enemies":"Large Slime","floor":13.0,"turns":5.0},{"damage":12.0,"enemies":"Gremlin Gang","floor":14.0,"turns":3.0},{"damage":9.0,"enemies":"The Guardian","floor":16.0,"turns":9.0},{"damage":5.0,"enemies":"3 Byrds","floor":18.0,"turns":4.0},{"damage":4.0,"enemies":"2 Thieves","floor":22.0,"turns":4.0},{"damage":23.0,"enemies":"3 Cultists","floor":24.0,"turns":5.0},{"damage":16.0,"enemies":"Gremlin Leader","floor":25.0,"turns":7.0},{"damage":12.0,"enemies":"Snake Plant","floor":28.0,"turns":6.0},{"damage":28.0,"enemies":"Collector","floor":33.0,"turns":11.0},{"damage":0.0,"enemies":"3 Shapes","floor":35.0,"turns":7.0},{"damage":12.0,"enemies":"Orb Walker","floor":38.0,"turns":6.0},{"damage":17.0,"enemies":"4 Shapes","floor":44.0,"turns":8.0},{"damage":19.0,"enemies":"3 Darklings","floor":46.0,"turns":8.0},{"damage":1.0,"enemies":"Maw","floor":47.0,"turns":12.0},{"damage":7,"enemies":"Sphere and 2 Shapes","floor":48,"turns":6},{"damage":68,"enemies":"Awakened One","floor":50,"turns":33}],"event_choices":[{"event_name":"Liars Game","player_choice":"agreed","floor":2.0,"damage_taken":0.0},{"event_name":"Transmorgrifier","player_choice":"Transform","floor":3.0,"damage_taken":0.0},{"event_name":"Dead Adventurer","player_choice":"Searched \u00272\u0027 times","floor":10.0,"damage_taken":0.0},{"event_name":"Fountain of Cleansing","player_choice":"Removed Curse","floor":11.0,"damage_taken":0.0},{"event_name":"Beggar","player_choice":"Gave Gold","floor":19.0,"damage_taken":0.0},{"event_name":"Forgotten Altar","player_choice":"Shed Blood","floor":20.0,"damage_taken":0.0},{"event_name":"The Library","player_choice":"Read","floor":21.0,"damage_taken":0.0},{"event_name":"Addict","player_choice":"Ignored","floor":31.0,"damage_taken":0.0},{"event_name":"Winding Halls","player_choice":"Embrace Madness","floor":36.0,"damage_taken":0.0},{"event_name":"Tomb of Lord Red Mask","player_choice":"Ignored","floor":37.0,"damage_taken":0.0},{"event_name":"Mysterious Sphere","player_choice":"Ignore","floor":39.0,"damage_taken":0.0}],"boss_relics":[],"potions_floor_spawned":[1,8,12,14,18,28,38,44,46],"seed_played":"4641874658006174142","ascension_level":11,"is_trial":false}