{"path_per_floor":["M","M","?","?","M","?","R","E","T","?","R","M","M","M","R","B",null,"M","$","?","$","$","R","?","?","T","?","?","?","R","M","R"],"character_chosen":"THE_SILENT","items_purchased":["Noxious Fumes","Pear"],"gold_per_floor":[119,134,134,209,229,229,229,260,338,338,338,354,371,382,382,486,486,506,110,35,35,35,35,35,35,85,85,85,85,85,100,100],"floor_reached":33,"campfire_rested":1,"playtime":1384,"current_hp_per_floor":[60,58,58,47,44,44,44,34,34,34,34,30,25,16,51,1,51,46,56,56,56,56,56,56,56,56,56,56,56,56,56,56],"items_purged":["Strike_G"],"gold":100,"score":361,"play_id":"0317c55a-15e3-4e34-8f1f-60722b29c501","is_prod":false,"is_daily":false,"is_ascension_mode":true,"campfire_upgraded":5,"path_taken":["M","?","?","?","M","?","R","E","T","?","R","M","M","M","R","BOSS","M","$","?","?","$","R","?","?","T","?","?","?","R","M","R","BOSS"],"build_version":"2018-02-22-PROD2","purchased_purges":1,"victory":false,"master_deck":["Defend_G","Defend_G","Defend_G","Defend_G","Strike_G","Strike_G","Survivor","Neutralize+1","Cloak And Dagger","Well Laid Plans+1","Skewer+1","Die Die Die","Noxious Fumes+1","Noxious Fumes+1","Footwork+1","Bane+1"],"max_hp_per_floor":[67,67,67,67,67,67,67,67,67,67,67,67,67,67,67,67,67,67,77,77,77,77,77,77,77,77,77,77,77,77,77,77],"relics":["Ring of the Snake","Regal Pillow","Spirit Poop","Juzu Bracelet","Dodecahedron","Philosopher\u0027s Stone","Pear","Bag of Marbles","The Courier"],"card_choices":[{"not_picked":["PiercingWail","Catalyst"],"picked":"Cloak And Dagger"},{"not_picked":["Deflect","Prepared"],"picked":"Well Laid Plans"},{"not_picked":["Poisoned Stab","Corpse Explosion"],"picked":"Skewer"},{"not_picked":["Corpse Explosion","Tools of the Trade"],"picked":"Die Die Die"},{"not_picked":["Accuracy","Poisoned Stab"],"picked":"Bane"}],"player_experience":536145,"potions_floor_usage":[31],"damage_taken":[{"damage":3.0,"enemies":"Cultist","floor":1.0,"turns":4.0},{"damage":2.0,"enemies":"2 Louse","floor":2.0,"turns":4.0},{"damage":3.0,"enemies":"Jaw Worm","floor":5.0,"turns":5.0},{"damage":10.0,"enemies":"3 Sentries","floor":8.0,"turns":9.0},{"damage":4.0,"enemies":"Large Slime","floor":12.0,"turns":7.0},{"damage":5.0,"enemies":"3 Louse","floor":13.0,"turns":3.0},{"damage":9.0,"enemies":"Gremlin Gang","floor":14.0,"turns":3.0},{"damage":50.0,"enemies":"Slime Boss","floor":16.0,"turns":17.0},{"damage":5.0,"enemies":"Spheric Guardian","floor":18.0,"turns":3.0},{"damage":0,"enemies":"3 Byrds","floor":31,"turns":4},{"damage":56,"enemies":"Automaton","floor":33,"turns":6}],"event_choices":[{"event_name":"Big Fish","player_choice":"Box","floor":3.0,"damage_taken":0.0},{"event_name":"World of Goop","player_choice":"Gather Gold","floor":4.0,"damage_taken":0.0},{"event_name":"Bonfire Elementals","player_choice":"CURSE","floor":6.0,"damage_taken":0.0},{"event_name":"Wheel of Change","player_choice":"Card Removal","floor":10.0,"damage_taken":0.0},{"event_name":"Beggar","player_choice":"Gave Gold","floor":20.0,"damage_taken":0.0},{"event_name":"Duplicator","player_choice":"One dupe","floor":24.0,"damage_taken":0.0},{"event_name":"Cursed Tome","player_choice":"Ignored","floor":25.0,"damage_taken":0.0},{"event_name":"The Library","player_choice":"Read","floor":27.0,"damage_taken":0.0},{"event_name":"The Mausoleum","player_choice":"Yes","floor":28,"damage_taken":0},{"event_name":"Back to Basics","player_choice":"Elegance","floor":29,"damage_taken":0}],"boss_relics":[],"potions_floor_spawned":[2,5,8,18],"seed_played":"954438172601763078","killed_by":"Automaton","ascension_level":10,"is_trial":false}