{"path_per_floor":["M","?","?","M","$","R","M","?","T","M","M","M","R","?","R","B",null,"M","$","M","$"],"character_chosen":"THE_SILENT","items_purchased":["Blur","Blur","Footwork"],"gold_per_floor":[214,214,214,225,79,79,90,90,90,110,124,136,136,211,211,310,310,323,78,3,3],"floor_reached":22,"campfire_rested":2,"playtime":1300,"current_hp_per_floor":[58,58,58,57,57,57,57,50,50,49,44,27,48,37,58,48,65,24,24,14,14],"items_purged":["Strike_G","Defend_G"],"gold":3,"score":244,"play_id":"43ed1a9e-34de-4291-a582-4711452cb295","is_prod":false,"is_daily":false,"is_ascension_mode":true,"campfire_upgraded":1,"path_taken":["M","?","?","M","$","R","M","?","T","M","M","M","R","?","R","BOSS","M","$","M","$","M"],"build_version":"2018-02-22-PROD2","purchased_purges":2,"victory":false,"master_deck":["Defend_G","Defend_G","Strike_G","Strike_G","Strike_G","Survivor","Neutralize+1","Caltrops","Blur","Footwork","PiercingWail","Die Die Die","Blur","Footwork","Escape Plan"],"max_hp_per_floor":[70,70,70,70,70,70,70,70,70,70,70,70,70,70,70,70,70,70,70,70,70],"relics":["Ring of the Snake","Girya","The Specimen"],"card_choices":[{"not_picked":["Cloak And Dagger","PiercingWail"],"picked":"Caltrops"},{"not_picked":["Dagger Spray","Sucker Punch"],"picked":"Footwork"},{"not_picked":["Choke","Backflip"],"picked":"PiercingWail"},{"not_picked":["Unload","Venomology"],"picked":"Die Die Die"},{"not_picked":["Expertise","Underhanded Strike"],"picked":"Escape Plan"}],"player_experience":516302,"potions_floor_usage":[16,22,22],"damage_taken":[{"damage":5,"enemies":"Jaw Worm","floor":1,"turns":7},{"damage":1,"enemies":"2 Louse","floor":4,"turns":4},{"damage":0,"enemies":"Small Slimes","floor":7,"turns":8},{"damage":1,"enemies":"Red Slaver","floor":10,"turns":6},{"damage":5,"enemies":"Large Slime","floor":11,"turns":10},{"damage":17,"enemies":"3 Louse","floor":12,"turns":4},{"damage":10,"enemies":"The Guardian","floor":16,"turns":23},{"damage":41,"enemies":"Chosen","floor":18,"turns":14},{"damage":10,"enemies":"2 Thieves","floor":20,"turns":5},{"damage":34,"enemies":"3 Cultists","floor":22,"turns":5}],"event_choices":[{"event_name":"Living Wall","player_choice":"Forget","floor":2,"damage_taken":0},{"event_name":"Purifier","player_choice":"One Purge","floor":3,"damage_taken":0},{"event_name":"Golden Wing","player_choice":"Card Removal","floor":8,"damage_taken":0},{"event_name":"World of Goop","player_choice":"Gather Gold","floor":14,"damage_taken":0}],"boss_relics":[{"not_picked":["Velvet Choker","Runic Dome"],"picked":"The Specimen"}],"potions_floor_spawned":[1,10,11],"seed_played":"50021285388953444","killed_by":"3 Cultists","ascension_level":8,"is_trial":false}