{"path_per_floor":["M","$","M","?","M","R","M","R","T","?","$","R","M","M","R","B",null,"M","$","?","?","M","R","M","M","T","M","R","?","E","M","R"],"character_chosen":"THE_SILENT","items_purchased":["Infinite Blades","Cloak And Dagger","Vajra","Escape Plan","Accuracy","Blade Dance"],"gold_per_floor":[211,211,222,222,246,246,270,270,294,469,82,82,95,109,109,229,229,250,8,8,8,33,33,57,77,103,127,127,127,162,177,177],"floor_reached":33,"campfire_rested":4,"playtime":1919,"current_hp_per_floor":[63,63,59,42,42,42,41,41,41,41,41,62,56,56,56,33,61,46,46,46,46,45,66,55,53,53,48,69,70,46,38,59],"items_purged":["Doubt","Skewer"],"gold":177,"score":363,"play_id":"391952bf-a136-4dff-ad4b-803dd1e88064","is_prod":false,"is_daily":false,"is_ascension_mode":true,"campfire_upgraded":3,"path_taken":["M","$","M","?","M","R","?","R","T","?","$","R","?","M","R","BOSS","M","$","?","?","M","R","M","M","T","M","R","?","E","M","R","BOSS"],"build_version":"2018-02-15-PROD1","purchased_purges":4,"victory":false,"master_deck":["Survivor+1","Neutralize+1","Finisher","Die Die Die","Infinite Blades","Cloak And Dagger","Escape Plan","Endless Agony+1","Storm of Steel","Dodge and Roll","Deadly Poison","Escape Plan","Backflip","Poisoned Stab","Deflect","Backflip","Leg Sweep","Infinite Blades","Accuracy","Blade Dance","Blade Dance"],"max_hp_per_floor":[70,70,70,70,70,70,70,70,70,70,70,70,70,70,70,70,70,70,70,70,70,70,70,70,70,70,70,70,70,70,70,70],"relics":["Ring of the Snake","Golden Idol","Prayer Wheel","Vajra","Pandora\u0027s Box","Thread and Needle","Blood Vial","Bag of Preparation"],"card_choices":[{"not_picked":["Predator","Acrobatics"],"picked":"Finisher"},{"not_picked":["Blur","Accuracy"],"picked":"Die Die Die"},{"not_picked":["Blur","Backflip"],"picked":"Endless Agony"},{"not_picked":["Doppelganger","Tools of the Trade"],"picked":"Storm of Steel"},{"not_picked":["Calculated Gamble","Setup"],"picked":"Infinite Blades"},{"not_picked":["Footwork","Dagger Throw"],"picked":"Blade Dance"}],"player_experience":496196,"potions_floor_usage":[16,18,25,27,30,30,30],"damage_taken":[{"damage":0,"enemies":"Small Slimes","floor":1,"turns":5},{"damage":4,"enemies":"Jaw Worm","floor":3,"turns":6},{"damage":0,"enemies":"2 Louse","floor":5,"turns":3},{"damage":1,"enemies":"Red Slaver","floor":7,"turns":5},{"damage":6,"enemies":"Looter","floor":13,"turns":3},{"damage":0,"enemies":"Large Slime","floor":14,"turns":7},{"damage":23,"enemies":"Slime Boss","floor":16,"turns":8},{"damage":15,"enemies":"Chosen","floor":18,"turns":6},{"damage":1,"enemies":"Shell Parasite","floor":22,"turns":6},{"damage":11,"enemies":"3 Cultists","floor":24,"turns":5},{"damage":11,"enemies":"Snake Plant","floor":25,"turns":6},{"damage":7,"enemies":"Centurion and Healer","floor":27,"turns":7},{"damage":24,"enemies":"Slavers","floor":30,"turns":4},{"damage":10,"enemies":"Snecko","floor":31,"turns":5},{"damage":78,"enemies":"Champ","floor":33,"turns":14}],"event_choices":[{"event_name":"Golden Idol","player_choice":"Take Damage","floor":4,"damage_taken":0},{"event_name":"Liars Game","player_choice":"agreed","floor":10,"damage_taken":0},{"event_name":"Wheel of Change","player_choice":"Relic","floor":20,"damage_taken":0},{"event_name":"Transmorgrifier","player_choice":"Transform","floor":21,"damage_taken":0},{"event_name":"Bonfire Elementals","player_choice":"UNCOMMON","floor":29,"damage_taken":0}],"boss_relics":[{"not_picked":["Calling Bell","Orrery"],"picked":"Pandora\u0027s Box"}],"potions_floor_spawned":[7,13,14,18,24,25,27],"seed_played":"-7164371821698143543","killed_by":"Champ","ascension_level":8,"is_trial":false}