{"path_per_floor":["M","?","M","M","$","R","M","M","T","?","$","M","?","M","R","B",null,"M","M","M","$","M","R","E","?","T","$","R","M","?","M","R","B",null,"M","M","?","?","M","R","M","$","T","?","?","M","$","M","R"],"character_chosen":"THE_SILENT","items_purchased":["Infinite Blades","Cloak And Dagger","Accuracy","Bronze Scales","Panache","Cloak And Dagger"],"gold_per_floor":[116,66,78,98,9,9,23,33,56,56,56,66,86,105,105,201,201,211,231,244,132,142,142,174,174,200,50,50,68,68,85,85,184,184,194,204,204,204,215,215,235,26,26,26,26,36,36,46,46],"floor_reached":50,"campfire_rested":3,"playtime":3760,"current_hp_per_floor":[62,62,61,61,61,61,58,58,58,51,51,38,38,38,59,27,59,52,50,43,43,43,64,64,64,64,64,64,57,57,55,55,37,62,62,37,37,37,23,44,44,44,44,44,62,58,58,39,39],"items_purged":["Setup"],"gold":46,"score":633,"play_id":"4c438388-bcd5-44a0-890c-97ff86662356","is_prod":false,"is_daily":false,"is_ascension_mode":true,"campfire_upgraded":4,"path_taken":["M","?","M","M","$","R","M","M","T","?","$","M","?","M","R","BOSS","M","M","M","$","M","R","E","?","T","$","R","M","?","M","R","BOSS","M","M","?","?","M","R","M","$","T","?","?","M","$","M","R","BOSS"],"build_version":"2018-02-15-PROD1","purchased_purges":1,"victory":false,"master_deck":["Survivor","Neutralize","Infinite Blades","Infinite Blades","Cloak And Dagger+1","Cloak And Dagger","Adrenaline+1","Blade Dance","After Image+1","PiercingWail","Endless Agony","Infinite Blades","Escape Plan","Flechettes","Acrobatics","Bouncing Flask","Finisher","Cloak And Dagger","Accuracy+1","Blur+1","Terror+1","After Image","Noxious Fumes","Dodge and Roll+1","Accuracy+1","Infinite Blades+1","Dodge and Roll+1","Panache","Cloak And Dagger","Writhe"],"max_hp_per_floor":[70,70,70,70,70,70,70,70,70,70,70,70,70,70,70,70,70,70,70,70,70,70,70,70,70,70,70,70,70,70,70,70,70,70,70,70,70,70,70,70,70,70,70,70,70,70,70,70,70],"relics":["Ring of the Snake","Art of War","Juzu Bracelet","Anchor","Odd Mushroom","Pandora\u0027s Box","Pantograph","Prayer Wheel","Bronze Scales","Ginger","Orrery","Kunai"],"card_choices":[{"not_picked":["Cloak And Dagger","Bane"],"picked":"Infinite Blades"},{"not_picked":["Underhanded Strike","Setup"],"picked":"Cloak And Dagger"},{"not_picked":["Dodge and Roll","Predator"],"picked":"Adrenaline"},{"not_picked":["Slice","Acrobatics"],"picked":"Blade Dance"},{"not_picked":["Wraith Form","Phantasmal Killer"],"picked":"After Image"},{"not_picked":["Leg Sweep","Concentrate"],"picked":"Finisher"},{"not_picked":["Slice","Sucker Punch"],"picked":"Cloak And Dagger"},{"not_picked":["Backflip","Outmaneuver"],"picked":"Blur"},{"not_picked":["Deflect","Dagger Throw"],"picked":"Terror"},{"not_picked":["Envenom","Tactician"],"picked":"After Image"},{"not_picked":["Infinite Blades","PiercingWail"],"picked":"Noxious Fumes"},{"not_picked":["Poisoned Stab","Infinite Blades"],"picked":"Dodge and Roll"},{"not_picked":["Outmaneuver","Prepared"],"picked":"Accuracy"},{"not_picked":["Caltrops","Acrobatics"],"picked":"Infinite Blades"},{"not_picked":["Catalyst","Deadly Poison"],"picked":"Dodge and Roll"}],"player_experience":485566,"potions_floor_usage":[50,50,50],"damage_taken":[{"damage":1.0,"enemies":"Small Slimes","floor":1.0,"turns":4.0},{"damage":1.0,"enemies":"Cultist","floor":3.0,"turns":4.0},{"damage":0.0,"enemies":"2 Louse","floor":4.0,"turns":3.0},{"damage":3.0,"enemies":"Looter","floor":7.0,"turns":5.0},{"damage":0.0,"enemies":"Large Slime","floor":8.0,"turns":6.0},{"damage":13.0,"enemies":"Exordium Wildlife","floor":12.0,"turns":5.0},{"damage":0.0,"enemies":"The Mushroom Lair","floor":13.0,"turns":4.0},{"damage":0.0,"enemies":"Red Slaver","floor":14.0,"turns":4.0},{"damage":32.0,"enemies":"Hexaghost","floor":16.0,"turns":15.0},{"damage":7.0,"enemies":"Spheric Guardian","floor":18.0,"turns":4.0},{"damage":2.0,"enemies":"2 Thieves","floor":19.0,"turns":4.0},{"damage":7.0,"enemies":"Snecko","floor":20.0,"turns":4.0},{"damage":0.0,"enemies":"Centurion and Healer","floor":22.0,"turns":4.0},{"damage":0.0,"enemies":"Gremlin Leader","floor":24.0,"turns":10.0},{"damage":7.0,"enemies":"Slaver and Parasite","floor":29.0,"turns":5.0},{"damage":2.0,"enemies":"Sentry and Sphere","floor":31.0,"turns":5.0},{"damage":48.0,"enemies":"Automaton","floor":33.0,"turns":9.0},{"damage":0.0,"enemies":"3 Shapes","floor":35.0,"turns":7.0},{"damage":25.0,"enemies":"3 Darklings","floor":36.0,"turns":5.0},{"damage":14.0,"enemies":"4 Shapes","floor":39.0,"turns":7.0},{"damage":0.0,"enemies":"Sphere and 2 Shapes","floor":41.0,"turns":7.0},{"damage":4.0,"enemies":"3 Darklings","floor":46.0,"turns":5.0},{"damage":19.0,"enemies":"4 Shapes","floor":48.0,"turns":8.0},{"damage":67,"enemies":"Awakened One","floor":50,"turns":3}],"event_choices":[{"event_name":"The Cleric","player_choice":"Card Removal","floor":2.0,"damage_taken":0.0},{"event_name":"Scrap Ooze","player_choice":"success","floor":10.0,"damage_taken":7.0},{"event_name":"Mushrooms","player_choice":"Fought Mushrooms","floor":13.0,"damage_taken":0.0},{"event_name":"Back to Basics","player_choice":"Elegance","floor":25.0,"damage_taken":0.0},{"event_name":"The Mausoleum","player_choice":"Yes","floor":30.0,"damage_taken":0.0},{"event_name":"The Woman in Blue","player_choice":"Bought 0 Potions","floor":37.0,"damage_taken":0.0},{"event_name":"Tomb of Lord Red Mask","player_choice":"Ignored","floor":38.0,"damage_taken":0.0},{"event_name":"Mysterious Sphere","player_choice":"Ignore","floor":44.0,"damage_taken":0.0},{"event_name":"Winding Halls","player_choice":"Writhe","floor":45.0,"damage_taken":0.0}],"boss_relics":[],"potions_floor_spawned":[1,4,13,14,19,24,31,36,41],"seed_played":"4835180514811826472","killed_by":"Awakened One","ascension_level":8,"is_trial":false}