{"path_per_floor":["M","?","M","M","M","R","M","$","T","E","?","?","M","M","R","B",null,"M","M","$","M","?","R","$","R","T","R","M","M","M","?","R","B",null,"M","?","M","M","M","R","M","R","T","R","M","M"],"character_chosen":"THE_SILENT","items_purchased":["Die Die Die","Deflect","Cloak And Dagger"],"gold_per_floor":[144,144,161,172,182,182,198,52,52,82,82,82,94,107,107,203,203,213,233,136,150,150,150,2,2,2,2,20,35,47,47,47,144,144,156,156,173,191,201,201,218,218,218,218,236,253],"floor_reached":47,"campfire_rested":3,"playtime":3299,"current_hp_per_floor":[58,58,58,58,58,58,57,57,57,47,47,32,32,26,48,38,66,49,47,47,47,47,47,47,47,47,69,69,69,67,67,67,51,69,63,54,53,35,26,49,51,51,51,51,34,10],"items_purged":["Regret","Catalyst"],"gold":253,"score":601,"play_id":"5d79065e-b52d-45ec-b8f7-e30831187b38","is_prod":false,"is_daily":false,"is_ascension_mode":true,"campfire_upgraded":6,"path_taken":["M","?","?","?","M","R","M","$","T","E","?","?","M","M","R","BOSS","M","M","$","M","?","R","?","R","T","R","M","M","?","?","R","BOSS","M","?","M","M","M","R","M","R","T","R","M","?","E"],"build_version":"2018-02-15-PROD1","purchased_purges":2,"victory":false,"master_deck":["Survivor+1","Neutralize+1","Dagger Throw","Prepared","Escape Plan","Die Die Die+1","Die Die Die","Underhanded Strike","Die Die Die","Acrobatics+1","Skewer","Backflip","Acrobatics+1","Acrobatics+1","Prepared","Prepared","Prepared","Outmaneuver","Deflect","Calculated Gamble+1","Cloak And Dagger","Prepared+1","Escape Plan","Die Die Die","Decay","Regret","Normality","Backstab","Madness","Madness","Expertise+1","Reflex+1","Blur"],"max_hp_per_floor":[75,75,75,75,75,75,75,75,75,75,75,75,75,75,75,75,75,75,75,75,75,75,75,75,75,75,75,75,75,75,75,75,75,75,75,75,77,77,77,77,79,79,79,79,81,81],"relics":["Tiny House","Thread and Needle","Kunai","Tingsha","Pandora\u0027s Box","Mercury Hourglass","Sundial","Calling Bell","Ancient Tea Set","Singing Bowl","Anchor","Ginger"],"card_choices":[{"not_picked":["Leg Sweep","Flying Knee"],"picked":"Dagger Throw"},{"not_picked":["Catalyst","Choke"],"picked":"Prepared"},{"not_picked":["Flechettes","Bane"],"picked":"Escape Plan"},{"not_picked":["PiercingWail","Deadly Poison"],"picked":"Die Die Die"},{"not_picked":["Dagger Throw","Blur"],"picked":"Underhanded Strike"},{"not_picked":["Night Terror","Storm of Steel"],"picked":"Die Die Die"},{"not_picked":["Poisoned Stab","Masterful Stab"],"picked":"Calculated Gamble"},{"not_picked":["Sucker Punch","Deadly Poison"],"picked":"Prepared"},{"not_picked":["Backflip","Skewer"],"picked":"Escape Plan"},{"not_picked":["Corpse Explosion","Unload"],"picked":"Die Die Die"},{"not_picked":["Cloak And Dagger","Bane"],"picked":"Backstab"},{"not_picked":["Skewer","Setup"],"picked":"Expertise"},{"not_picked":["Backflip","PiercingWail"],"picked":"Reflex"},{"not_picked":["Footwork","Bane"],"picked":"Blur"}],"player_experience":489952,"potions_floor_usage":[33,33,47,47,47],"damage_taken":[{"damage":10.0,"enemies":"Jaw Worm","floor":1.0,"turns":6.0},{"damage":0.0,"enemies":"Small Slimes","floor":3.0,"turns":4.0},{"damage":0.0,"enemies":"Cultist","floor":4.0,"turns":3.0},{"damage":0.0,"enemies":"Gremlin Gang","floor":5.0,"turns":5.0},{"damage":1.0,"enemies":"2 Fungi Beasts","floor":7.0,"turns":4.0},{"damage":10.0,"enemies":"Gremlin Nob","floor":10.0,"turns":5.0},{"damage":0.0,"enemies":"Looter","floor":13.0,"turns":2.0},{"damage":6.0,"enemies":"Large Slime","floor":14.0,"turns":4.0},{"damage":10.0,"enemies":"The Guardian","floor":16.0,"turns":16.0},{"damage":17.0,"enemies":"2 Thieves","floor":18.0,"turns":3.0},{"damage":2.0,"enemies":"Shell Parasite","floor":19.0,"turns":4.0},{"damage":0.0,"enemies":"3 Cultists","floor":21.0,"turns":2.0},{"damage":0,"enemies":"Centurion and Healer","floor":28,"turns":3},{"damage":0,"enemies":"Sentry and Sphere","floor":29,"turns":2},{"damage":2,"enemies":"Snecko","floor":30,"turns":3},{"damage":16,"enemies":"Collector","floor":33,"turns":7},{"damage":6,"enemies":"3 Darklings","floor":35,"turns":2},{"damage":3,"enemies":"3 Shapes","floor":37,"turns":4},{"damage":18,"enemies":"Sphere and 2 Shapes","floor":38,"turns":5},{"damage":9,"enemies":"Maw","floor":39,"turns":6},{"damage":0,"enemies":"3 Darklings","floor":41,"turns":2},{"damage":19,"enemies":"4 Shapes","floor":45,"turns":2},{"damage":24,"enemies":"Maw","floor":46,"turns":5},{"damage":25,"enemies":"Nemesis","floor":47,"turns":5}],"event_choices":[{"event_name":"Living Wall","player_choice":"Grow","floor":2.0,"damage_taken":0.0},{"event_name":"Big Fish","player_choice":"Box","floor":11.0,"damage_taken":0.0},{"event_name":"Shining Light","player_choice":"Entered Light","floor":12.0,"damage_taken":0.0},{"event_name":"The Mausoleum","player_choice":"Yes","floor":22,"damage_taken":0},{"event_name":"Drug Dealer","player_choice":"Ignored","floor":31,"damage_taken":0},{"event_name":"Winding Halls","player_choice":"Embrace Madness","floor":36,"damage_taken":0}],"boss_relics":[{"not_picked":["The Specimen","Eternal Feather"],"picked":"Calling Bell"}],"potions_floor_spawned":[1,7,10,18,21,28,33,35,37,46],"seed_played":"-3575256948238252777","killed_by":"Nemesis","ascension_level":8,"is_trial":false}