{"path_per_floor":["M","M","$","?","M","E","R","E","T","?","R","?","$","M","R","B",null,"M","M","?","?","M","R","E","M","T","R","M","M","$","$","R","B",null,"M","?","M","?","$","R","M","R","T","E","R","M","T","?","R"],"character_chosen":"THE_SILENT","items_purchased":["Regal Pillow","Cloak And Dagger","Accuracy","Oddly Smooth Stone","Cloak And Dagger","Lantern","Cloak And Dagger"],"gold_per_floor":[213,229,11,11,27,61,61,94,118,118,118,118,67,82,82,202,202,218,237,237,137,157,157,200,214,214,214,238,251,72,47,47,175,213,237,237,253,253,60,60,75,75,100,140,140,154,178,178,178],"floor_reached":50,"campfire_rested":7,"playtime":2733,"current_hp_per_floor":[63,57,57,57,53,32,65,12,19,19,55,55,55,55,55,40,74,58,55,55,55,36,76,29,12,14,55,40,16,16,16,58,35,85,87,87,49,49,49,94,91,91,93,84,84,83,85,85,109],"items_purged":["Defend_G"],"gold":178,"score":702,"play_id":"c3839f28-257d-43e8-a507-4c24eaffb75e","is_prod":false,"is_daily":false,"is_ascension_mode":true,"campfire_upgraded":3,"path_taken":["M","M","$","?","M","E","R","E","T","?","R","?","$","M","R","BOSS","M","M","?","?","M","R","E","M","T","R","M","M","$","?","R","BOSS","M","?","?","?","$","R","M","R","T","E","R","M","?","?","R","BOSS"],"build_version":"2018-02-15-PROD1","purchased_purges":2,"victory":false,"master_deck":["Defend_G","Defend_G","Defend_G+1","Defend_G","Strike_G","Strike_G","Strike_G","Strike_G","Survivor+1","Neutralize","Accuracy+1","Backstab","Infinite Blades","Cloak And Dagger","Cloak And Dagger","Burst+1","Infinite Blades+1","After Image","J.A.X.","Terror+1","Cloak And Dagger","Accuracy+1","Cloak And Dagger","After Image+1","Cloak And Dagger","Dodge and Roll+1","Blade Dance+1"],"max_hp_per_floor":[70,70,70,65,65,65,65,65,72,72,72,72,72,72,72,72,82,84,84,84,84,86,86,86,86,88,88,90,92,92,92,92,92,99,101,101,103,103,103,103,103,103,105,105,105,107,109,109,109],"relics":["Ring of the Snake","Regal Pillow","Golden Idol","War Paint","Prayer Wheel","Strawberry","Singing Bowl","Spirit Poop","Orrery","Vajra","Shuriken","Oddly Smooth Stone","Tiny House","Lantern","Art of War","Pen Nib","Bag of Marbles"],"card_choices":[{"not_picked":["Deflect","Bouncing Flask"],"picked":"Accuracy"},{"not_picked":["Riddle With Holes","Outmaneuver"],"picked":"Backstab"},{"not_picked":["Heel Hook","Concentrate"],"picked":"Infinite Blades"},{"not_picked":["PiercingWail","Dodge and Roll"],"picked":"Cloak And Dagger"},{"not_picked":["Corpse Explosion","Doppelganger"],"picked":"Burst"},{"not_picked":["PiercingWail","Underhanded Strike"],"picked":"Infinite Blades"},{"not_picked":["Burst","Glass Knife"],"picked":"Terror"},{"not_picked":["Flying Knee","Setup"],"picked":"Cloak And Dagger"},{"not_picked":["Storm of Steel","Tactician"],"picked":"After Image"},{"not_picked":["Accuracy","Backflip"],"picked":"Dodge and Roll"},{"not_picked":["Backstab","Crippling Poison"],"picked":"Blade Dance"}],"player_experience":500246,"potions_floor_usage":[50,50,50],"damage_taken":[{"damage":0.0,"enemies":"Small Slimes","floor":1.0,"turns":3.0},{"damage":6.0,"enemies":"2 Louse","floor":2.0,"turns":3.0},{"damage":4.0,"enemies":"Cultist","floor":5.0,"turns":4.0},{"damage":21.0,"enemies":"3 Sentries","floor":6.0,"turns":10.0},{"damage":53.0,"enemies":"Lagavulin","floor":8.0,"turns":10.0},{"damage":0.0,"enemies":"2 Fungi Beasts","floor":14.0,"turns":4.0},{"damage":15.0,"enemies":"The Guardian","floor":16.0,"turns":14.0},{"damage":18.0,"enemies":"2 Thieves","floor":18.0,"turns":5.0},{"damage":3.0,"enemies":"Chosen","floor":19.0,"turns":6.0},{"damage":21.0,"enemies":"Snake Plant","floor":22.0,"turns":5.0},{"damage":47.0,"enemies":"Book of Stabbing","floor":24.0,"turns":8.0},{"damage":17.0,"enemies":"Slaver and Parasite","floor":25.0,"turns":4.0},{"damage":17.0,"enemies":"3 Cultists","floor":28.0,"turns":5.0},{"damage":26.0,"enemies":"Snecko","floor":29.0,"turns":5.0},{"damage":23.0,"enemies":"Collector","floor":33.0,"turns":7.0},{"damage":0.0,"enemies":"3 Shapes","floor":35.0,"turns":5.0},{"damage":40.0,"enemies":"3 Darklings","floor":37.0,"turns":6.0},{"damage":3.0,"enemies":"4 Shapes","floor":41.0,"turns":7.0},{"damage":9.0,"enemies":"Nemesis","floor":44.0,"turns":7.0},{"damage":3.0,"enemies":"Sphere and 2 Shapes","floor":46.0,"turns":6.0},{"damage":113,"enemies":"Awakened One","floor":50,"turns":8}],"event_choices":[{"event_name":"Golden Idol","player_choice":"Lose Max HP","floor":4.0,"damage_taken":0.0},{"event_name":"Big Fish","player_choice":"Box","floor":10.0,"damage_taken":0.0},{"event_name":"Bonfire Elementals","player_choice":"CURSE","floor":12.0,"damage_taken":0.0},{"event_name":"The Library","player_choice":"Read","floor":20.0,"damage_taken":0.0},{"event_name":"Drug Dealer","player_choice":"Got JAXXED","floor":21.0,"damage_taken":0.0},{"event_name":"Tomb of Lord Red Mask","player_choice":"Ignored","floor":38.0,"damage_taken":0.0},{"event_name":"The Lab","player_choice":"Got Potions","floor":48.0,"damage_taken":0.0}],"boss_relics":[],"potions_floor_spawned":[1,5,8,14,19,22,29,37,46],"seed_played":"-2639912316167914094","killed_by":"Awakened One","ascension_level":8,"is_trial":false}