{"path_per_floor":["M","?","?","M","?","R","E","M","T","M","R","M","T","M","R","B",null,"M","?","T","$","?","R","$","M","T"],"character_chosen":"THE_SILENT","items_purchased":["Anchor","Noxious Fumes","Weak Potion"],"gold_per_floor":[115,115,190,208,208,208,236,255,255,267,267,280,280,295,295,399,399,413,338,338,120,120,120,34,45,45],"floor_reached":27,"campfire_rested":3,"playtime":1295,"current_hp_per_floor":[59,52,41,34,34,55,29,26,26,26,62,62,62,58,58,46,64,44,44,58,58,58,81,81,60,60],"items_purged":["Strike_G"],"gold":45,"score":317,"play_id":"b2da1768-2ebf-4b76-9b1b-dae0d5a0f31b","is_prod":false,"is_daily":false,"is_ascension_mode":true,"campfire_upgraded":1,"path_taken":["M","?","?","M","?","R","E","?","T","M","R","M","?","M","R","BOSS","M","?","?","$","?","R","$","?","T","E"],"build_version":"2018-02-22-PROD2","purchased_purges":1,"victory":false,"master_deck":["Defend_G","Defend_G+1","Defend_G","Defend_G+1","Defend_G","Strike_G","Strike_G","Strike_G","Strike_G","Survivor","Neutralize","Noxious Fumes+1","Cloak And Dagger","Backstab","Well Laid Plans","Envenom+1","Blur","Terror","After Image","Blade Dance","Burst","Noxious Fumes","Catalyst"],"max_hp_per_floor":[70,70,70,70,70,70,70,70,70,70,70,70,70,70,70,70,70,70,67,81,81,81,81,81,81,81],"relics":["Orrery","Matryoshka","Regal Pillow","War Paint","Frozen Eye","Snake Skull","Tough Bandages","Question Card","Mango","Anchor","Letter Opener","Calipers"],"card_choices":[{"not_picked":["Bane","Slice"],"picked":"Noxious Fumes"},{"not_picked":["All Out Attack","Quick Slash"],"picked":"Cloak And Dagger"},{"not_picked":["Cloak And Dagger","Reflex"],"picked":"Backstab"},{"not_picked":["Quick Slash","Expertise"],"picked":"Well Laid Plans"},{"not_picked":["Well Laid Plans","Cloak And Dagger"],"picked":"Envenom"},{"not_picked":["Slice","Sucker Punch"],"picked":"Blur"},{"not_picked":["Dagger Spray","Dodge and Roll"],"picked":"Terror"},{"not_picked":["Blur","Flying Knee"],"picked":"After Image"},{"not_picked":["Dagger Throw","Deflect"],"picked":"Blade Dance"},{"not_picked":["Backflip","Footwork"],"picked":"Burst"},{"not_picked":["Backflip","Terror","Setup"],"picked":"Catalyst"}],"player_experience":532916,"potions_floor_usage":[18,18,25],"damage_taken":[{"damage":4.0,"enemies":"Jaw Worm","floor":1.0,"turns":4.0},{"damage":7,"enemies":"Small Slimes","floor":4,"turns":4},{"damage":26,"enemies":"Gremlin Nob","floor":7,"turns":5},{"damage":3,"enemies":"2 Louse","floor":8,"turns":2},{"damage":0,"enemies":"Exordium Wildlife","floor":10,"turns":4},{"damage":0,"enemies":"Blue Slaver","floor":12,"turns":4},{"damage":4,"enemies":"Looter","floor":14,"turns":4},{"damage":12,"enemies":"The Guardian","floor":16,"turns":10},{"damage":20,"enemies":"Chosen","floor":18,"turns":7},{"damage":21,"enemies":"Spheric Guardian","floor":25,"turns":8},{"damage":64,"enemies":"Book of Stabbing","floor":27,"turns":7}],"event_choices":[{"event_name":"Scrap Ooze","player_choice":"success","floor":2,"damage_taken":7},{"event_name":"World of Goop","player_choice":"Gather Gold","floor":3,"damage_taken":0},{"event_name":"Upgrade Shrine","player_choice":"Upgraded","floor":5,"damage_taken":0},{"event_name":"Beggar","player_choice":"Gave Gold","floor":19,"damage_taken":0},{"event_name":"The Mausoleum","player_choice":"Yes","floor":22,"damage_taken":0}],"boss_relics":[{"not_picked":["Calling Bell","Runic Pyramid"],"picked":"Question Card"}],"potions_floor_spawned":[1,8,12],"seed_played":"-9016797811914832576","killed_by":"Book of Stabbing","ascension_level":10,"is_trial":false}