{"path_per_floor":["M","?","?","?","T","E","$","M","T","M","R","M","M","E","R","B",null,"M","M","M","?","M","R","?","M","T","M","R","M","?","$","R"],"character_chosen":"THE_SILENT","items_purchased":["Lantern","Vajra"],"gold_per_floor":[116,291,291,291,316,347,115,129,155,167,167,180,199,226,226,328,328,345,365,378,293,308,308,308,328,328,347,347,367,292,39,39],"floor_reached":33,"campfire_rested":3,"playtime":1634,"current_hp_per_floor":[63,63,49,42,42,22,22,22,22,24,44,44,44,54,54,25,69,54,51,58,58,34,34,34,14,14,6,33,9,9,9,36],"items_purged":["Parasite","Strike_G"],"gold":39,"score":426,"play_id":"ea85f684-93bd-429f-9c04-0a0192e1033f","is_prod":false,"is_daily":false,"is_ascension_mode":true,"campfire_upgraded":2,"path_taken":["M","?","?","?","?","E","$","?","T","M","R","M","M","E","R","BOSS","M","M","M","?","M","R","?","M","T","?","R","M","?","$","R","BOSS"],"build_version":"2018-02-22-PROD2","purchased_purges":2,"victory":false,"master_deck":["Defend_G","Defend_G","Defend_G","Defend_G","Defend_G","Strike_G","Strike_G+1","Strike_G","Strike_G","Survivor+1","Neutralize+1","Unload","Skewer+1","Backstab","Burst","Dagger Spray+1","Backstab"],"max_hp_per_floor":[70,70,70,70,70,70,67,67,67,69,69,69,71,83,83,83,83,85,85,87,87,89,89,89,91,91,93,93,93,93,93,93],"relics":["White Beast Statue","Oddly Smooth Stone","Mummified Hand","Lantern","Singing Bowl","Pear","Cursed Key","Gremlin Horn","Sundial","Vajra"],"card_choices":[{"not_picked":["Terror","Deflect"],"picked":"Unload"},{"not_picked":["Quick Slash","Endless Agony"],"picked":"Skewer"},{"not_picked":["Cloak And Dagger","Skewer"],"picked":"Backstab"},{"not_picked":["Storm of Steel","Phantasmal Killer"],"picked":"Burst"},{"not_picked":["Predator","Cloak And Dagger"],"picked":"Dagger Spray"},{"not_picked":["Underhanded Strike","Prepared"],"picked":"Backstab"}],"player_experience":547159,"potions_floor_usage":[10,12,13,14,14,16,16,20,20,22,29,29,33,33],"damage_taken":[{"damage":0,"enemies":"Small Slimes","floor":1,"turns":6},{"damage":20,"enemies":"Lagavulin","floor":6,"turns":9},{"damage":0,"enemies":"2 Louse","floor":8,"turns":2},{"damage":0,"enemies":"Jaw Worm","floor":10,"turns":3},{"damage":0,"enemies":"Exordium Wildlife","floor":12,"turns":4},{"damage":2,"enemies":"Exordium Thugs","floor":13,"turns":5},{"damage":2,"enemies":"3 Sentries","floor":14,"turns":7},{"damage":41,"enemies":"Slime Boss","floor":16,"turns":12},{"damage":17,"enemies":"Shell Parasite","floor":18,"turns":6},{"damage":3,"enemies":"3 Byrds","floor":19,"turns":7},{"damage":1,"enemies":"Cultist and Chosen","floor":20,"turns":5},{"damage":26,"enemies":"Snake Plant","floor":22,"turns":5},{"damage":22,"enemies":"3 Cultists","floor":25,"turns":5},{"damage":10,"enemies":"Chosen and Byrds","floor":27,"turns":6},{"damage":24,"enemies":"Snake Plant","floor":29,"turns":4},{"damage":40,"enemies":"Collector","floor":33,"turns":6}],"event_choices":[{"event_name":"Liars Game","player_choice":"agreed","floor":2,"damage_taken":0},{"event_name":"Shining Light","player_choice":"Entered Light","floor":3,"damage_taken":0},{"event_name":"Golden Wing","player_choice":"Card Removal","floor":4,"damage_taken":0},{"event_name":"Addict","player_choice":"Obtained Relic","floor":21,"damage_taken":0},{"event_name":"Vampires","player_choice":"Ignored","floor":24,"damage_taken":0},{"event_name":"Beggar","player_choice":"Gave Gold","floor":30,"damage_taken":0}],"boss_relics":[{"not_picked":["Snecko Eye","Astrolabe"],"picked":"Cursed Key"}],"potions_floor_spawned":[1,6,8,10,12,13,14,16,18,19,20,22,25,27,29],"seed_played":"-7937939359302051602","killed_by":"Collector","ascension_level":11,"is_trial":false}