{"path_per_floor":["M","?","?","$","?","$","E","M","T","M","M","R","$","?","R","B",null,"M","?","?","?","M","R","?","M","T","R","$","T","M","$","R"],"character_chosen":"THE_SILENT","items_purchased":["Ninja Scroll","Quick Slash","Noxious Fumes","Juzu Bracelet"],"gold_per_floor":[112,287,287,44,44,19,45,56,56,74,94,94,14,14,14,110,110,126,126,126,126,141,141,141,157,181,181,35,35,52,52,52],"floor_reached":33,"campfire_rested":3,"playtime":1316,"current_hp_per_floor":[56,56,56,56,56,56,36,47,47,47,47,47,47,47,68,42,63,37,37,24,24,42,64,75,51,51,51,51,51,42,42,64],"items_purged":[],"gold":52,"score":337,"play_id":"f2a7342a-7341-41f6-8866-e4de9cc11dc7","is_prod":false,"is_daily":false,"is_ascension_mode":true,"campfire_upgraded":2,"path_taken":["M","?","?","$","?","?","E","M","T","?","M","R","$","?","R","BOSS","M","?","?","?","?","R","?","M","T","R","$","?","M","?","R","BOSS"],"build_version":"2018-02-15-PROD1","purchased_purges":0,"victory":false,"master_deck":["Defend_G","Defend_G","Defend_G","Defend_G","Strike_G","Strike_G","Strike_G","Strike_G","Survivor","Neutralize+1","Quick Slash","Escape Plan","Noxious Fumes+1","Adrenaline+1","Cloak And Dagger","Blade Dance","Blade Dance"],"max_hp_per_floor":[70,70,70,70,70,70,70,70,70,70,70,70,70,70,70,70,70,70,70,75,75,75,75,75,75,75,75,75,75,75,75,75],"relics":["Ring of the Snake","Meat on the Bone","Ninja Scroll","Ancient Tea Set","Frozen Eye","Question Card","Bag of Marbles","Juzu Bracelet","Shovel"],"card_choices":[{"not_picked":["Dodge and Roll","Dagger Throw"],"picked":"Escape Plan"},{"not_picked":["Doppelganger","Grand Finale"],"picked":"Adrenaline"},{"not_picked":["Outmaneuver","Dodge and Roll","Leg Sweep"],"picked":"Cloak And Dagger"},{"not_picked":["Terror","Outmaneuver","Flying Knee"],"picked":"Blade Dance"}],"player_experience":504397,"potions_floor_usage":[25,30,33,33,33],"damage_taken":[{"damage":7.0,"enemies":"Small Slimes","floor":1.0,"turns":4.0},{"damage":20.0,"enemies":"3 Sentries","floor":7.0,"turns":9.0},{"damage":1.0,"enemies":"Jaw Worm","floor":8.0,"turns":2.0},{"damage":0.0,"enemies":"Cultist","floor":10.0,"turns":3.0},{"damage":0.0,"enemies":"3 Louse","floor":11.0,"turns":3.0},{"damage":26.0,"enemies":"The Guardian","floor":16.0,"turns":15.0},{"damage":26.0,"enemies":"Spheric Guardian","floor":18.0,"turns":7.0},{"damage":9.0,"enemies":"Shell Parasite","floor":22.0,"turns":9.0},{"damage":24,"enemies":"3 Cultists","floor":25,"turns":6},{"damage":21,"enemies":"Snecko","floor":30,"turns":5},{"damage":70,"enemies":"Collector","floor":33,"turns":7}],"event_choices":[{"event_name":"Liars Game","player_choice":"agreed","floor":2.0,"damage_taken":0.0},{"event_name":"Accursed Blacksmith","player_choice":"Rummage","floor":3.0,"damage_taken":0.0},{"event_name":"Fountain of Cleansing","player_choice":"Removed Curse","floor":5.0,"damage_taken":0.0},{"event_name":"Purifier","player_choice":"One Purge","floor":14.0,"damage_taken":0.0},{"event_name":"Upgrade Shrine","player_choice":"Upgraded","floor":19.0,"damage_taken":0.0},{"event_name":"Forgotten Altar","player_choice":"Shed Blood","floor":20.0,"damage_taken":0.0},{"event_name":"The Library","player_choice":"Read","floor":21.0,"damage_taken":0.0},{"event_name":"Wheel of Change","player_choice":"Full Heal","floor":24,"damage_taken":0}],"boss_relics":[],"potions_floor_spawned":[1,7,10,22,25,30],"seed_played":"2717829674739762950","killed_by":"Collector","ascension_level":8,"is_trial":false}