{"path_per_floor":["M","?","?","$","?","E","R","M","T","M","M","?","M","M","R","B",null,"M","$","M","?"],"character_chosen":"THE_SILENT","items_purchased":["Reflex","Dagger Throw","Matryoshka"],"gold_per_floor":[117,117,117,32,32,95,95,112,139,159,176,206,220,232,232,330,330,304,46,61,61],"floor_reached":22,"campfire_rested":1,"playtime":1418,"current_hp_per_floor":[63,63,63,63,70,35,73,71,71,71,70,70,70,70,70,40,68,55,55,42,42],"items_purged":[],"gold":61,"score":286,"play_id":"77abf8ff-d99b-4c21-90fd-052925a7d05e","is_prod":false,"is_daily":false,"is_ascension_mode":true,"campfire_upgraded":1,"path_taken":["M","?","?","$","?","E","R","M","T","M","M","?","M","M","R","BOSS","M","$","M","?","M"],"build_version":"2018-02-15-PROD1","purchased_purges":0,"victory":false,"master_deck":["Defend_G","Defend_G","Defend_G","Defend_G","Survivor","Neutralize+1","Reflex","Dagger Throw","Prepared","Dagger Throw","Well Laid Plans","Wraith Form","Acrobatics","Acrobatics","PiercingWail","Calculated Gamble","Bite","Bite","Bite","Bite","Bite"],"max_hp_per_floor":[70,70,70,70,77,77,77,77,77,77,77,77,77,77,77,77,77,77,77,77,53],"relics":["Ring of the Snake","Regal Pillow","Strawberry","Tiny Chest","Lantern","Oddly Smooth Stone","Orrery","Matryoshka"],"card_choices":[{"not_picked":["Caltrops","Noxious Fumes"],"picked":"Prepared"},{"not_picked":["Predator","Flying Knee"],"picked":"Dagger Throw"},{"not_picked":["Dash","Deflect"],"picked":"Well Laid Plans"},{"not_picked":["Glass Knife","Envenom"],"picked":"Wraith Form"},{"not_picked":["Dodge and Roll","Crippling Poison"],"picked":"Acrobatics"},{"not_picked":["Outmaneuver","Distraction"],"picked":"Acrobatics"},{"not_picked":["Leg Sweep","Distraction"],"picked":"PiercingWail"},{"not_picked":["PiercingWail","Bane"],"picked":"Calculated Gamble"}],"player_experience":502979,"potions_floor_usage":[6,18,22,22,22],"damage_taken":[{"damage":0.0,"enemies":"2 Louse","floor":1.0,"turns":4.0},{"damage":35,"enemies":"Gremlin Nob","floor":6,"turns":6},{"damage":2,"enemies":"Cultist","floor":8,"turns":4},{"damage":0,"enemies":"Small Slimes","floor":10,"turns":2},{"damage":1,"enemies":"3 Louse","floor":11,"turns":3},{"damage":0,"enemies":"Looter","floor":13,"turns":2},{"damage":0,"enemies":"Large Slime","floor":14,"turns":4},{"damage":30,"enemies":"The Guardian","floor":16,"turns":17},{"damage":13,"enemies":"2 Thieves","floor":18,"turns":5},{"damage":13,"enemies":"3 Byrds","floor":20,"turns":8},{"damage":95,"enemies":"Centurion and Healer","floor":22,"turns":14}],"event_choices":[{"event_name":"The Lab","player_choice":"Got Potions","floor":2.0,"damage_taken":0.0},{"event_name":"Living Wall","player_choice":"Forget","floor":3.0,"damage_taken":0.0},{"event_name":"Accursed Blacksmith","player_choice":"Rummage","floor":5,"damage_taken":0},{"event_name":"Dead Adventurer","player_choice":"Searched \u00272\u0027 times","floor":12,"damage_taken":0},{"event_name":"Vampires","player_choice":"Became a vampire","floor":21,"damage_taken":0}],"boss_relics":[{"not_picked":["Velvet Choker","Calling Bell"],"picked":"Orrery"}],"potions_floor_spawned":[1,6,11,13,16,18,20],"seed_played":"-6116856087173348763","killed_by":"Centurion and Healer","ascension_level":8,"is_trial":false}