{"path_per_floor":["M","$","?","M","$","E","R","M","T","?","?","?","R","M","R","B",null,"M","M","?","?","$","R","?","R","T","M","?","E","R","$","R"],"character_chosen":"THE_SILENT","items_purchased":["Noxious Fumes","Footwork","Pantograph","Poison Potion"],"gold_per_floor":[110,110,110,129,50,83,83,99,124,154,154,154,154,174,174,246,246,266,279,309,309,160,160,260,260,260,276,276,311,311,25,25],"floor_reached":33,"campfire_rested":3,"playtime":1380,"current_hp_per_floor":[63,63,63,63,63,63,63,59,59,47,47,40,40,40,40,23,56,31,20,20,20,20,40,40,60,60,55,43,25,46,46,46],"items_purged":["Strike_G"],"gold":25,"score":469,"play_id":"9c30570a-b3b1-4db5-851f-1d7772dded13","local_time":"20180306225602","is_prod":false,"is_daily":false,"is_ascension_mode":true,"campfire_upgraded":4,"timestamp":1520394962,"path_taken":["M","$","?","M","$","E","R","M","T","?","?","?","R","M","R","BOSS","M","M","?","?","$","R","?","R","T","M","?","E","R","?","R","BOSS"],"build_version":"2018-03-01-PROD1","purchased_purges":1,"victory":false,"master_deck":["Defend_G","Defend_G","Defend_G","Defend_G","Defend_G","Strike_G+1","Strike_G","Strike_G+1","Strike_G","Survivor","Neutralize+1","Noxious Fumes+1","Bane+1","Malaise+1","Adrenaline","PiercingWail","Backstab","Footwork+1"],"max_hp_per_floor":[70,70,70,70,70,70,70,70,70,70,67,67,67,67,67,67,67,67,67,67,67,67,67,67,67,67,67,72,72,72,72,72],"relics":["Ring of the Snake","NeowsBlessing","Bottled Lightning","Juzu Bracelet","Odd Mushroom","Calipers","Orrery","Tiny Chest","Shuriken","Whetstone","Pantograph"],"card_choices":[{"not_picked":["Terror","Poisoned Stab"],"picked":"Bane"},{"not_picked":["Distraction","PiercingWail"],"picked":"Malaise"},{"not_picked":["Wraith Form","Doppelganger"],"picked":"Adrenaline"},{"not_picked":["Cloak And Dagger","Reflex"],"picked":"PiercingWail"},{"not_picked":["Predator","Slice"],"picked":"Backstab"}],"player_experience":624398,"potions_floor_usage":[29,29,33,33],"damage_taken":[{"damage":0.0,"enemies":"2 Louse","floor":1.0,"turns":1.0},{"damage":0.0,"enemies":"Cultist","floor":4.0,"turns":1.0},{"damage":0.0,"enemies":"Gremlin Nob","floor":6.0,"turns":1.0},{"damage":4.0,"enemies":"Small Slimes","floor":8.0,"turns":4.0},{"damage":12.0,"enemies":"The Mushroom Lair","floor":10.0,"turns":5.0},{"damage":0.0,"enemies":"2 Fungi Beasts","floor":14.0,"turns":4.0},{"damage":17.0,"enemies":"The Guardian","floor":16.0,"turns":12.0},{"damage":25.0,"enemies":"Spheric Guardian","floor":18.0,"turns":6.0},{"damage":11.0,"enemies":"Chosen","floor":19.0,"turns":7.0},{"damage":5,"enemies":"Snake Plant","floor":27,"turns":7},{"damage":30,"enemies":"Book of Stabbing","floor":29,"turns":10},{"damage":89,"enemies":"Champ","floor":33,"turns":21}],"event_choices":[{"event_name":"Upgrade Shrine","player_choice":"Upgraded","floor":3.0,"damage_taken":0.0},{"event_name":"Mushrooms","player_choice":"Fought Mushrooms","floor":10.0,"damage_taken":0.0},{"event_name":"Fountain of Cleansing","player_choice":"Removed Curse","floor":11.0,"damage_taken":0.0},{"event_name":"Scrap Ooze","player_choice":"success","floor":12.0,"damage_taken":7.0},{"event_name":"The Mausoleum","player_choice":"Yes","floor":20,"damage_taken":0},{"event_name":"Cursed Tome","player_choice":"Ignored","floor":21,"damage_taken":0},{"event_name":"Golden Shrine","player_choice":"Pray","floor":24,"damage_taken":0},{"event_name":"Forgotten Altar","player_choice":"Shed Blood","floor":28,"damage_taken":0}],"boss_relics":[],"potions_floor_spawned":[1,8,16,19,27],"seed_played":"4535942645594860290","killed_by":"Champ","ascension_level":13,"is_trial":false}