{"path_per_floor":["M","T","$","?","?","R","E","R","T","?","M","$","R","T","R","B",null,"M","?","?","M","$","R","E","R","T","?","$","E","R","$","R"],"character_chosen":"THE_SILENT","items_purchased":["Die Die Die","Poisoned Stab","Caltrops","Poison Potion","Bandage Up","Backstab","Footwork","Leg Sweep"],"gold_per_floor":[364,364,142,210,210,210,241,241,267,267,282,43,43,93,93,167,167,180,180,180,198,66,66,92,92,92,92,92,123,123,15,15],"floor_reached":33,"campfire_rested":5,"playtime":1600,"current_hp_per_floor":[20,20,20,20,42,62,47,47,47,47,47,47,47,47,47,48,64,45,45,45,36,36,57,24,45,45,45,45,21,42,42,63],"items_purged":["Parasite","Strike_G"],"gold":15,"score":450,"play_id":"28fed186-6c1f-4550-b080-0fa3f8c4a9c2","local_time":"20180306145957","is_prod":false,"is_daily":false,"is_ascension_mode":true,"campfire_upgraded":3,"timestamp":1520366397,"path_taken":["M","?","$","?","?","R","E","R","T","?","M","$","R","?","R","BOSS","M","?","?","M","$","R","E","R","T","?","$","E","R","$","R","BOSS"],"build_version":"2018-03-01-PROD1","purchased_purges":2,"victory":false,"master_deck":["Defend_G","Defend_G","Defend_G","Defend_G","Defend_G","Strike_G","Strike_G","Strike_G","Survivor","Neutralize+1","Die Die Die","Bane+1","PiercingWail","Poisoned Stab+1","Caltrops","Venomology","Footwork","Bandage Up","Backstab","Catalyst","Footwork","Leg Sweep"],"max_hp_per_floor":[70,70,67,67,67,67,67,67,67,67,67,67,67,67,67,69,69,71,71,71,71,71,71,71,71,71,71,71,73,73,73,73],"relics":["Ring of the Snake","Pantograph","Juzu Bracelet","Oddly Smooth Stone","Singing Bowl","The Specimen","Bottled Flame","Mercury Hourglass","Happy Flower"],"card_choices":[{"not_picked":["Reflex","Quick Slash"],"picked":"Bane"},{"not_picked":["Dash","Backstab"],"picked":"PiercingWail"},{"not_picked":["Blade Dance","Poisoned Stab"],"picked":"Footwork"},{"not_picked":["Setup","Backflip"],"picked":"Catalyst"}],"player_experience":610772,"potions_floor_usage":[21,21,24,24,29,29,33,33],"damage_taken":[{"damage":8,"enemies":"Cultist","floor":1,"turns":5},{"damage":15,"enemies":"3 Sentries","floor":7,"turns":9},{"damage":0,"enemies":"Jaw Worm","floor":11,"turns":4},{"damage":21,"enemies":"Hexaghost","floor":16,"turns":11},{"damage":21,"enemies":"Shell Parasite","floor":18,"turns":9},{"damage":18,"enemies":"2 Thieves","floor":21,"turns":4},{"damage":37,"enemies":"Slavers","floor":24,"turns":8},{"damage":30,"enemies":"Gremlin Leader","floor":29,"turns":8},{"damage":77,"enemies":"Champ","floor":33,"turns":20}],"event_choices":[{"event_name":"Golden Wing","player_choice":"Gained Gold","floor":4,"damage_taken":0},{"event_name":"Big Fish","player_choice":"Banana","floor":5,"damage_taken":0},{"event_name":"The Woman in Blue","player_choice":"Bought 0 Potions","floor":10,"damage_taken":0},{"event_name":"Beggar","player_choice":"Ignored","floor":19,"damage_taken":0},{"event_name":"Transmorgrifier","player_choice":"Transform","floor":20,"damage_taken":0},{"event_name":"Addict","player_choice":"Ignored","floor":27,"damage_taken":0}],"boss_relics":[{"not_picked":["Astrolabe","Black Star"],"picked":"The Specimen"}],"potions_floor_spawned":[11,16,18,29],"seed_played":"-2962664594235642793","killed_by":"Champ","ascension_level":13,"is_trial":false}