{"path_per_floor":["M","?","M","$","M","R","M","$","T","M","M","?","?","M","R","B",null,"M","M","$"],"character_chosen":"THE_SILENT","items_purchased":["Dagger Throw","Anchor"],"gold_per_floor":[140,140,151,28,41,41,59,59,59,75,89,89,89,113,113,244,244,258,274,29],"floor_reached":21,"campfire_rested":1,"playtime":1225,"current_hp_per_floor":[67,64,64,64,64,64,58,58,58,57,54,54,41,39,59,19,55,33,3,3],"items_purged":["Parasite","Endless Agony"],"gold":29,"score":277,"play_id":"8e02d6fe-3d15-44d9-909f-8a8fd4f23697","local_time":"20180303015530","is_prod":false,"is_daily":false,"is_ascension_mode":true,"campfire_upgraded":1,"timestamp":1520060130,"path_taken":["M","?","M","$","M","R","?","?","T","M","M","?","?","?","R","BOSS","M","M","$","M"],"build_version":"2018-03-01-PROD1","purchased_purges":2,"victory":false,"master_deck":["Defend_G","Defend_G","Defend_G","Defend_G","Defend_G","Strike_G","Strike_G","Strike_G+1","Strike_G+1","Strike_G","Survivor+1","Neutralize","Backstab","Quick Slash","Dagger Throw","Slice","Terror","Skewer","Die Die Die"],"max_hp_per_floor":[75,75,75,72,72,72,72,72,72,72,72,67,67,67,67,67,67,67,67,67],"relics":["Tiny House","Frozen Eye","Unceasing Top","Golden Idol","Runic Pyramid","Anchor"],"card_choices":[{"not_picked":["Prepared","Heel Hook"],"picked":"Backstab"},{"not_picked":["Predator","Cloak And Dagger"],"picked":"Quick Slash"},{"not_picked":["PiercingWail","Sucker Punch"],"picked":"Endless Agony"},{"not_picked":["Footwork","Dodge and Roll"],"picked":"Slice"},{"not_picked":["Calculated Gamble","Deadly Poison"],"picked":"Terror"},{"not_picked":["Blur","Deadly Poison"],"picked":"Skewer"},{"not_picked":["Storm of Steel","Envenom"],"picked":"Die Die Die"}],"player_experience":561334,"potions_floor_usage":[16,18,19],"damage_taken":[{"damage":1.0,"enemies":"Jaw Worm","floor":1.0,"turns":5.0},{"damage":0,"enemies":"Cultist","floor":3,"turns":3},{"damage":0,"enemies":"Small Slimes","floor":5,"turns":3},{"damage":6,"enemies":"3 Louse","floor":7,"turns":4},{"damage":1,"enemies":"Exordium Wildlife","floor":10,"turns":4},{"damage":3,"enemies":"Blue Slaver","floor":11,"turns":3},{"damage":2,"enemies":"Large Slime","floor":14,"turns":6},{"damage":40,"enemies":"The Guardian","floor":16,"turns":13},{"damage":22,"enemies":"2 Thieves","floor":18,"turns":3},{"damage":30,"enemies":"Shell Parasite","floor":19,"turns":5},{"damage":17,"enemies":"Snecko","floor":21,"turns":3}],"event_choices":[{"event_name":"Scrap Ooze","player_choice":"success","floor":2,"damage_taken":3},{"event_name":"Golden Idol","player_choice":"Lose Max HP","floor":12,"damage_taken":0},{"event_name":"Shining Light","player_choice":"Entered Light","floor":13,"damage_taken":0}],"boss_relics":[{"not_picked":["Runic Dome","Calling Bell"],"picked":"Runic Pyramid"}],"potions_floor_spawned":[1,18],"seed_played":"-2839040183839580565","killed_by":"Snecko","ascension_level":12,"is_trial":false}