{"path_per_floor":["M","?","?","?","$","E","R","?","T","M","M","R","$","?","R","B",null,"M","M","?","?","M","R","?","M","T","R","M","$","R","?","R"],"character_chosen":"THE_SILENT","items_purchased":["Leg Sweep","Lantern"],"gold_per_floor":[119,119,194,194,47,82,82,82,107,123,133,133,33,283,283,356,356,371,381,296,296,316,316,316,336,336,336,355,87,87,117,117],"floor_reached":33,"campfire_rested":4,"playtime":1358,"current_hp_per_floor":[63,70,59,47,47,15,35,35,35,35,35,55,55,55,55,38,60,57,50,50,50,45,45,45,28,28,48,40,40,40,40,60],"items_purged":["Parasite","Strike_G","Regret"],"gold":117,"score":398,"play_id":"9594b831-fcd9-416b-9113-da1ec12d5213","local_time":"20180305222629","is_prod":false,"is_daily":false,"is_ascension_mode":true,"campfire_upgraded":3,"timestamp":1520306789,"path_taken":["M","?","?","?","$","E","R","?","T","M","M","R","$","?","R","BOSS","M","M","?","?","M","R","?","M","T","R","M","$","R","?","R","BOSS"],"build_version":"2018-03-01-PROD1","purchased_purges":3,"victory":false,"master_deck":["Defend_G","Defend_G","Defend_G","Strike_G","Strike_G","Strike_G","Survivor","Neutralize+1","Leg Sweep","Noxious Fumes+1","Dodge and Roll","Footwork+1","Prepared+1","Unload+1","Calculated Gamble+1","Bane+1","Backstab","Noxious Fumes+1"],"max_hp_per_floor":[70,70,70,70,67,67,67,67,67,67,67,67,67,67,67,67,67,67,67,67,67,67,67,67,67,67,67,67,67,67,67,67],"relics":["Ring of the Snake","Juzu Bracelet","Torii","Dream Catcher","Astrolabe","Ginger","Ancient Tea Set","Lantern","Tiny Chest"],"card_choices":[{"not_picked":["Dagger Throw","Distraction"],"picked":"Noxious Fumes"},{"not_picked":["Distraction","Accuracy"],"picked":"Dodge and Roll"},{"not_picked":["Slice","Deflect"],"picked":"Footwork"},{"not_picked":["Outmaneuver","Heel Hook"],"picked":"Bane"},{"not_picked":["Dagger Throw","Acrobatics"],"picked":"Backstab"},{"not_picked":["Poisoned Stab","PiercingWail"],"picked":"Noxious Fumes"}],"player_experience":605304,"potions_floor_usage":[33],"damage_taken":[{"damage":0.0,"enemies":"Jaw Worm","floor":1.0,"turns":6.0},{"damage":44.0,"enemies":"Lagavulin","floor":6.0,"turns":11.0},{"damage":0.0,"enemies":"Cultist","floor":10.0,"turns":4.0},{"damage":0.0,"enemies":"Small Slimes","floor":11.0,"turns":4.0},{"damage":17.0,"enemies":"Hexaghost","floor":16.0,"turns":14.0},{"damage":3.0,"enemies":"Spheric Guardian","floor":18.0,"turns":7.0},{"damage":7.0,"enemies":"3 Byrds","floor":19.0,"turns":6.0},{"damage":5.0,"enemies":"Snake Plant","floor":22.0,"turns":6.0},{"damage":17.0,"enemies":"Cultist and Chosen","floor":25.0,"turns":8.0},{"damage":8.0,"enemies":"Centurion and Healer","floor":28.0,"turns":10.0},{"damage":64,"enemies":"Champ","floor":33,"turns":12}],"event_choices":[{"event_name":"Wheel of Change","player_choice":"Full Heal","floor":2.0,"damage_taken":0.0},{"event_name":"World of Goop","player_choice":"Gather Gold","floor":3.0,"damage_taken":0.0},{"event_name":"Scrap Ooze","player_choice":"success","floor":4.0,"damage_taken":12.0},{"event_name":"Living Wall","player_choice":"Grow","floor":8.0,"damage_taken":0.0},{"event_name":"Golden Shrine","player_choice":"Desecrate","floor":14.0,"damage_taken":0.0},{"event_name":"Addict","player_choice":"Obtained Relic","floor":20.0,"damage_taken":0.0},{"event_name":"Cursed Tome","player_choice":"Ignored","floor":21.0,"damage_taken":0.0},{"event_name":"Vampires","player_choice":"Ignored","floor":24.0,"damage_taken":0.0},{"event_name":"The Mausoleum","player_choice":"Yes","floor":31,"damage_taken":0}],"boss_relics":[],"potions_floor_spawned":[1,18,25,28],"seed_played":"-1275433546699598400","killed_by":"Champ","ascension_level":13,"is_trial":false}