{"path_per_floor":["M","$","M","?","?","R","M","M","T","?","M","R","M","M","R","B",null,"M","M","M","M","?","R","$","M","T","R","M","M"],"character_chosen":"THE_SILENT","items_purchased":["Poison Potion","Poison Potion"],"gold_per_floor":[113,38,51,51,51,51,64,82,82,82,95,95,109,125,125,226,226,238,258,277,293,218,218,19,38,85,85,101,111],"floor_reached":30,"campfire_rested":3,"playtime":1580,"current_hp_per_floor":[63,63,54,41,41,41,41,41,41,51,48,71,71,62,62,73,76,51,36,26,21,21,44,44,27,27,50,37,13],"items_purged":["Parasite","Concentrate"],"gold":111,"score":365,"play_id":"4e281e4a-f8e3-4cca-91f9-b8429ab09b96","local_time":"20180304121258","is_prod":false,"is_daily":false,"is_ascension_mode":true,"campfire_upgraded":2,"timestamp":1520183578,"path_taken":["M","$","M","?","?","R","?","M","T","?","M","R","M","?","R","BOSS","M","?","M","M","?","R","$","?","T","R","M","M","M"],"build_version":"2018-03-01-PROD1","purchased_purges":2,"victory":false,"master_deck":["Survivor","Neutralize+1","Quick Slash","Dagger Throw","Dash","PiercingWail+1","Slice","Footwork+1","Dodge and Roll","Slice","Poisoned Stab","Noxious Fumes+1","Blur","Quick Slash","Dagger Throw","Envenom","Dagger Spray","Dagger Spray"],"max_hp_per_floor":[70,67,67,67,67,67,67,67,67,77,77,77,77,77,77,77,77,77,77,77,77,77,77,77,77,77,77,77,77],"relics":["Pandora\u0027s Box","Torii","Pear","The Specimen","Dream Catcher"],"card_choices":[{"not_picked":["Dodge and Roll","Cloak And Dagger"],"picked":"Noxious Fumes"},{"not_picked":["Deadly Poison","Slice"],"picked":"Blur"},{"not_picked":["Outmaneuver","Well Laid Plans"],"picked":"Quick Slash"},{"not_picked":["Deadly Poison","Bouncing Flask"],"picked":"Dagger Throw"},{"not_picked":["Phantasmal Killer","Bullet Time"],"picked":"Envenom"},{"not_picked":["Poisoned Stab","Dagger Throw"],"picked":"Dagger Spray"},{"not_picked":["Deadly Poison","Deflect"],"picked":"Dagger Spray"}],"player_experience":577270,"potions_floor_usage":[14,16,16,19,21,21,29],"damage_taken":[{"damage":0.0,"enemies":"Small Slimes","floor":1.0,"turns":3.0},{"damage":9.0,"enemies":"Jaw Worm","floor":3.0,"turns":3.0},{"damage":0.0,"enemies":"Cultist","floor":7.0,"turns":3.0},{"damage":0.0,"enemies":"2 Fungi Beasts","floor":8.0,"turns":3.0},{"damage":3.0,"enemies":"Exordium Thugs","floor":11.0,"turns":5.0},{"damage":0,"enemies":"Blue Slaver","floor":13,"turns":3},{"damage":9,"enemies":"Red Slaver","floor":14,"turns":5},{"damage":1,"enemies":"Hexaghost","floor":16,"turns":9},{"damage":25,"enemies":"Chosen","floor":18,"turns":7},{"damage":15,"enemies":"3 Byrds","floor":19,"turns":6},{"damage":10,"enemies":"Snecko","floor":20,"turns":6},{"damage":17,"enemies":"Cultist and Chosen","floor":21,"turns":5},{"damage":17,"enemies":"3 Cultists","floor":25,"turns":4},{"damage":13,"enemies":"Snake Plant","floor":28,"turns":5},{"damage":24,"enemies":"Slaver and Parasite","floor":29,"turns":7},{"damage":13,"enemies":"Chosen and Byrds","floor":30,"turns":2}],"event_choices":[{"event_name":"Shining Light","player_choice":"Entered Light","floor":4.0,"damage_taken":0.0},{"event_name":"The Lab","player_choice":"Got Potions","floor":5.0,"damage_taken":0.0},{"event_name":"Big Fish","player_choice":"Box","floor":10.0,"damage_taken":0.0},{"event_name":"Beggar","player_choice":"Gave Gold","floor":22,"damage_taken":0}],"boss_relics":[{"not_picked":["Orrery","White Beast Statue"],"picked":"The Specimen"}],"potions_floor_spawned":[3,7,8,14,18,19,28],"seed_played":"-802646980973257092","killed_by":"Chosen and Byrds","ascension_level":12,"is_trial":false}