{"path_per_floor":["M","M","?","M","T","R","M","?","T","R","M","R","$","?","R","B",null,"M","?","?","M","?"],"character_chosen":"THE_SILENT","items_purchased":["Acrobatics","Dagger Throw","Well Laid Plans"],"gold_per_floor":[115,126,126,139,194,194,207,207,231,231,246,246,6,6,6,108,108,123,123,123,137,137],"floor_reached":23,"campfire_rested":2,"playtime":1129,"current_hp_per_floor":[52,50,50,48,48,48,30,30,30,30,25,45,45,45,65,46,62,29,29,17,13,13],"items_purged":["Regret"],"gold":137,"score":286,"play_id":"6871e436-c183-42b5-95e0-3c1ee3e11341","local_time":"20180303021452","is_prod":false,"is_daily":false,"is_ascension_mode":true,"campfire_upgraded":2,"timestamp":1520061292,"path_taken":["M","M","?","?","?","R","?","?","T","R","M","R","$","?","R","BOSS","M","?","?","M","?","E"],"build_version":"2018-03-01-PROD1","purchased_purges":1,"victory":false,"master_deck":["Defend_G","Defend_G","Defend_G","Defend_G","Defend_G","Strike_G","Strike_G","Strike_G","Strike_G","Survivor+1","Neutralize+1","Underhanded Strike","Reflex+1","Adrenaline+1","Acrobatics","Dagger Throw","Well Laid Plans","Adrenaline","Backstab","Underhanded Strike"],"max_hp_per_floor":[67,67,67,67,67,67,67,67,67,67,67,67,67,67,67,67,67,67,67,72,72,72],"relics":["Ring of the Snake","Prayer Wheel","Orichalcum","Bronze Scales","Cursed Key"],"card_choices":[{"not_picked":["Catalyst","Riddle With Holes"],"picked":"Underhanded Strike"},{"not_picked":["Backflip","Choke"],"picked":"Reflex"},{"not_picked":["Poisoned Stab","Riddle With Holes"],"picked":"Adrenaline"},{"not_picked":["Bullet Time","Storm of Steel"],"picked":"Adrenaline"},{"not_picked":["Bane","Dagger Spray"],"picked":"Backstab"},{"not_picked":["Heel Hook","Outmaneuver"],"picked":"Underhanded Strike"}],"player_experience":562559,"potions_floor_usage":[7,7,23,23],"damage_taken":[{"damage":11,"enemies":"Jaw Worm","floor":1,"turns":6},{"damage":2,"enemies":"2 Louse","floor":2,"turns":3},{"damage":2,"enemies":"Small Slimes","floor":4,"turns":5},{"damage":18,"enemies":"Exordium Thugs","floor":7,"turns":7},{"damage":5,"enemies":"Gremlin Gang","floor":11,"turns":6},{"damage":19,"enemies":"The Guardian","floor":16,"turns":15},{"damage":33,"enemies":"Chosen","floor":18,"turns":10},{"damage":4,"enemies":"Shell Parasite","floor":21,"turns":5},{"damage":16,"enemies":"Slavers","floor":23,"turns":3}],"event_choices":[{"event_name":"Living Wall","player_choice":"Grow","floor":3,"damage_taken":0},{"event_name":"Big Fish","player_choice":"Box","floor":8,"damage_taken":0},{"event_name":"Upgrade Shrine","player_choice":"Upgraded","floor":14,"damage_taken":0},{"event_name":"Purifier","player_choice":"One Purge","floor":19,"damage_taken":0},{"event_name":"Forgotten Altar","player_choice":"Shed Blood","floor":20,"damage_taken":0},{"event_name":"N\u0027loth","player_choice":"Ignored","floor":22,"damage_taken":0}],"boss_relics":[{"not_picked":["Black Star","Velvet Choker"],"picked":"Cursed Key"}],"potions_floor_spawned":[2,4,16,18],"seed_played":"3748977979470317114","killed_by":"Slavers","ascension_level":12,"is_trial":false}