{"path_per_floor":["M","$","?","M","M","E","R","M","T","R","$","M","M","M","R","B",null,"M","$","?","?","M","R"],"character_chosen":"THE_SILENT","items_purchased":["Noxious Fumes","Noxious Fumes","Bandage Up"],"gold_per_floor":[109,36,36,52,72,107,107,121,121,121,46,58,76,31,31,134,134,144,57,57,57,67,67],"floor_reached":24,"campfire_rested":4,"playtime":863,"current_hp_per_floor":[63,63,63,61,61,29,49,14,14,34,34,28,22,18,38,15,54,26,26,26,26,9,29],"items_purged":[],"gold":67,"score":340,"play_id":"d9936823-1540-4b27-99a9-c08a745ef32e","local_time":"20180303215850","is_prod":false,"is_daily":false,"is_ascension_mode":true,"campfire_upgraded":0,"timestamp":1520132330,"path_taken":["M","$","?","?","M","E","R","M","T","R","$","M","M","M","R","BOSS","M","$","?","?","M","R","E"],"build_version":"2018-03-01-PROD1","purchased_purges":0,"victory":false,"master_deck":["Defend_G","Defend_G","Defend_G","Defend_G","Defend_G","Strike_G","Strike_G","Strike_G","Strike_G","Strike_G","Survivor","Neutralize","Noxious Fumes","Noxious Fumes","Skewer","Backflip","Noxious Fumes","All Out Attack","Noxious Fumes","PiercingWail","Unload","Bandage Up"],"max_hp_per_floor":[67,67,67,67,67,67,67,67,67,67,67,67,67,67,67,67,67,67,67,67,67,67,67],"relics":["Ring of the Snake","Darkstone Periapt","Frozen Eye","The Specimen"],"card_choices":[{"not_picked":["Accuracy","Poisoned Stab"],"picked":"Noxious Fumes"},{"not_picked":["Choke","Dagger Spray"],"picked":"Skewer"},{"not_picked":["Flying Knee","Dagger Spray"],"picked":"Backflip"},{"not_picked":["Dagger Spray","Cloak And Dagger"],"picked":"All Out Attack"},{"not_picked":["Dagger Spray","Flying Knee"],"picked":"Noxious Fumes"},{"not_picked":["Underhanded Strike","Prepared"],"picked":"PiercingWail"},{"not_picked":["Tactician","Tools of the Trade"],"picked":"Unload"}],"player_experience":576407,"potions_floor_usage":[6,16,22],"damage_taken":[{"damage":0,"enemies":"Jaw Worm","floor":1,"turns":5},{"damage":2,"enemies":"2 Louse","floor":4,"turns":3},{"damage":0,"enemies":"Small Slimes","floor":5,"turns":4},{"damage":32,"enemies":"Gremlin Nob","floor":6,"turns":5},{"damage":35,"enemies":"Gremlin Gang","floor":8,"turns":5},{"damage":6,"enemies":"Blue Slaver","floor":12,"turns":5},{"damage":6,"enemies":"3 Louse","floor":13,"turns":3},{"damage":4,"enemies":"Looter","floor":14,"turns":5},{"damage":23,"enemies":"The Guardian","floor":16,"turns":10},{"damage":28,"enemies":"3 Byrds","floor":18,"turns":5},{"damage":33,"enemies":"Spheric Guardian","floor":22,"turns":6},{"damage":42,"enemies":"Gremlin Leader","floor":24,"turns":4}],"event_choices":[{"event_name":"The Cleric","player_choice":"Leave","floor":3,"damage_taken":0},{"event_name":"Beggar","player_choice":"Ignored","floor":20,"damage_taken":0},{"event_name":"Drug Dealer","player_choice":"Ignored","floor":21,"damage_taken":0}],"boss_relics":[{"not_picked":["Lizard Tail","Ectoplasm"],"picked":"The Specimen"}],"potions_floor_spawned":[5,12,16],"seed_played":"1736428684133015795","killed_by":"Gremlin Leader","ascension_level":12,"is_trial":false}