{"path_per_floor":["M","?","$","M","?","R","M","R","T","E","R","M","?","$","R","B",null,"M","M","$","?","M","R","?","R","T","E","?","?","$","M","R","B",null,"M","?","M","$","?","R","M","R","T","?","M","$","R","M","R","B"],"character_chosen":"THE_SILENT","items_purchased":["Lee\u0027s Waffle","Footwork","Bane","Leg Sweep","Catalyst","Footwork","Centennial Puzzle"],"gold_per_floor":[212,212,212,228,228,228,243,243,243,278,278,290,290,18,18,113,113,106,119,67,67,92,92,92,92,117,155,155,155,10,28,28,124,124,138,138,153,14,14,14,33,33,33,366,380,18,18,37,37,37],"floor_reached":51,"campfire_rested":3,"playtime":2437,"current_hp_per_floor":[63,63,63,63,63,63,63,63,63,51,51,51,35,74,74,42,66,59,54,54,54,39,61,61,61,61,37,37,37,37,37,59,53,69,69,69,66,66,66,66,57,57,57,57,55,55,55,42,64,64],"items_purged":["Strike_G","Terror"],"gold":37,"score":1009,"play_id":"d6b3ff4c-c33b-4fee-9a02-29e34734245e","local_time":"20180307002632","is_prod":false,"is_daily":false,"is_ascension_mode":true,"campfire_upgraded":8,"timestamp":1520400392,"path_taken":["M","?","$","M","?","R","M","R","T","E","R","M","?","?","R","BOSS","M","M","$","?","?","R","?","R","T","E","?","?","?","?","R","BOSS","M","?","?","$","?","R","M","R","T","?","M","$","R","M","R","BOSS"],"build_version":"2018-03-01-PROD1","purchased_purges":4,"victory":true,"master_deck":["Defend_G","Defend_G","Defend_G","Defend_G","Defend_G","Survivor+1","Neutralize+1","Catalyst+1","Noxious Fumes+1","Malaise+1","Footwork+1","Bane","Poisoned Stab","Bane+1","Leg Sweep","Dagger Spray+1","PiercingWail+1","Well Laid Plans+1","Footwork+1","Catalyst+1","Footwork+1","Noxious Fumes+1"],"max_hp_per_floor":[70,67,67,67,67,67,67,67,67,67,67,67,67,74,74,74,74,74,74,74,74,74,74,74,74,74,74,74,74,74,74,74,74,74,74,74,74,74,74,74,74,74,74,74,74,74,74,74,74,74],"relics":["Ring of the Snake","Ginger","Ornamental Fan","Lee\u0027s Waffle","Sozu","Oddly Smooth Stone","Paper Crane","Matryoshka","Astrolabe","Omamori","Prayer Wheel","Centennial Puzzle"],"card_choices":[{"not_picked":["Bane","Blade Dance"],"picked":"Catalyst"},{"not_picked":["Sucker Punch","Phantasmal Killer"],"picked":"Noxious Fumes"},{"not_picked":["Flechettes","PiercingWail"],"picked":"Malaise"},{"not_picked":["PiercingWail","Sucker Punch"],"picked":"Bane"},{"not_picked":["Slice","Cloak And Dagger"],"picked":"Well Laid Plans"},{"not_picked":["Backstab","Expertise"],"picked":"Footwork"}],"player_experience":626550,"potions_floor_usage":[],"damage_taken":[{"damage":0.0,"enemies":"2 Louse","floor":1.0,"turns":3.0},{"damage":0.0,"enemies":"Jaw Worm","floor":4.0,"turns":4.0},{"damage":0.0,"enemies":"Small Slimes","floor":7.0,"turns":3.0},{"damage":12.0,"enemies":"3 Sentries","floor":10.0,"turns":8.0},{"damage":0.0,"enemies":"Red Slaver","floor":12.0,"turns":6.0},{"damage":32.0,"enemies":"Slime Boss","floor":16.0,"turns":12.0},{"damage":7.0,"enemies":"2 Thieves","floor":18.0,"turns":4.0},{"damage":5.0,"enemies":"Chosen","floor":19.0,"turns":7.0},{"damage":15.0,"enemies":"Snake Plant","floor":22.0,"turns":5.0},{"damage":24.0,"enemies":"Gremlin Leader","floor":27.0,"turns":8.0},{"damage":0.0,"enemies":"Centurion and Healer","floor":31.0,"turns":7.0},{"damage":6,"enemies":"Champ","floor":33,"turns":17},{"damage":0,"enemies":"Orb Walker","floor":35,"turns":5},{"damage":3,"enemies":"3 Shapes","floor":37,"turns":5},{"damage":9,"enemies":"Sphere and 2 Shapes","floor":41,"turns":6},{"damage":2,"enemies":"Maw","floor":45,"turns":7},{"damage":13,"enemies":"3 Darklings","floor":48,"turns":6},{"damage":0,"enemies":"Time Eater","floor":50,"turns":7}],"event_choices":[{"event_name":"Living Wall","player_choice":"Forget","floor":2.0,"damage_taken":0.0},{"event_name":"The Woman in Blue","player_choice":"Bought 0 Potions","floor":5.0,"damage_taken":0.0},{"event_name":"Golden Idol","player_choice":"Take Damage","floor":13.0,"damage_taken":0.0},{"event_name":"Transmorgrifier","player_choice":"Transform","floor":21.0,"damage_taken":0.0},{"event_name":"Upgrade Shrine","player_choice":"Upgraded","floor":24.0,"damage_taken":0.0},{"event_name":"The Mausoleum","player_choice":"Yes","floor":28.0,"damage_taken":0.0},{"event_name":"Cursed Tome","player_choice":"Ignored","floor":29.0,"damage_taken":0.0},{"event_name":"Tomb of Lord Red Mask","player_choice":"Ignored","floor":36,"damage_taken":0},{"event_name":"Duplicator","player_choice":"One dupe","floor":39,"damage_taken":0},{"event_name":"The Moai Head","player_choice":"Gave Idol","floor":44,"damage_taken":0}],"boss_relics":[{"not_picked":["Calling Bell","Philosopher\u0027s Stone"],"picked":"Astrolabe"}],"potions_floor_spawned":[4,12,16,22,27,33,35,41,45],"seed_played":"-813692356211565345","ascension_level":13,"is_trial":false}