{"path_per_floor":["M","$","M","$","?","R","M","R","T","M","R","$","M","M","R","B",null,"M","?","$","M","M","R","$","R","T","M","R","$","M","M","R"],"character_chosen":"THE_SILENT","items_purchased":["Footwork","Noxious Fumes","Leg Sweep","Ancient Tea Set"],"gold_per_floor":[359,249,260,15,15,15,29,29,29,43,43,43,61,75,75,148,178,196,196,40,57,77,77,77,77,77,96,96,96,108,123,123],"floor_reached":33,"campfire_rested":1,"playtime":1620,"current_hp_per_floor":[54,54,54,54,54,54,53,53,67,57,57,57,56,56,56,47,72,66,66,66,55,49,49,49,49,49,37,37,37,37,9,32],"items_purged":["Parasite","Strike_G"],"gold":123,"score":394,"play_id":"11a74348-24e1-461f-8b3c-de72c75d1911","local_time":"20180306213812","is_prod":false,"is_daily":false,"is_ascension_mode":true,"campfire_upgraded":7,"timestamp":1520390292,"path_taken":["M","?","M","$","?","R","M","R","T","?","R","?","?","M","R","BOSS","M","?","?","M","M","R","$","R","T","?","R","?","M","?","R","BOSS"],"build_version":"2018-03-01-PROD1","purchased_purges":3,"victory":false,"master_deck":["Defend_G","Defend_G","Defend_G","Defend_G","Strike_G","Strike_G","Strike_G","Strike_G+1","Survivor","Neutralize+1","Footwork+1","Noxious Fumes+1","Leg Sweep","Skewer+1","Catalyst+1","Dodge and Roll","Malaise+1","Dodge and Roll","Noxious Fumes+1","Bane"],"max_hp_per_floor":[63,60,60,60,60,60,60,60,74,74,74,74,74,74,74,74,79,79,79,79,79,79,79,79,79,79,79,79,79,79,79,79],"relics":["Ring of the Snake","Mango","Tiny House","Ancient Tea Set","Du-Vu Doll"],"card_choices":[{"not_picked":["Quick Slash","Escape Plan"],"picked":"Skewer"},{"not_picked":["Sucker Punch","Tools of the Trade"],"picked":"Catalyst"},{"not_picked":["Finisher","Flying Knee"],"picked":"Dodge and Roll"},{"not_picked":["Deflect","Finisher"],"picked":"Malaise"},{"not_picked":["Acrobatics","Quick Slash"],"picked":"Dodge and Roll"},{"not_picked":["Blade Dance","Cloak And Dagger"],"picked":"Noxious Fumes"},{"not_picked":["Terror","Escape Plan"],"picked":"Bane"}],"player_experience":620411,"potions_floor_usage":[22,31,31,33,33],"damage_taken":[{"damage":9,"enemies":"Cultist","floor":1,"turns":6},{"damage":0,"enemies":"Small Slimes","floor":3,"turns":4},{"damage":1,"enemies":"Jaw Worm","floor":7,"turns":5},{"damage":10,"enemies":"Exordium Thugs","floor":10,"turns":5},{"damage":1,"enemies":"Large Slime","floor":13,"turns":6},{"damage":0,"enemies":"Blue Slaver","floor":14,"turns":5},{"damage":9,"enemies":"Hexaghost","floor":16,"turns":11},{"damage":6,"enemies":"Chosen","floor":18,"turns":8},{"damage":11,"enemies":"3 Byrds","floor":21,"turns":5},{"damage":6,"enemies":"Centurion and Healer","floor":22,"turns":9},{"damage":12,"enemies":"Slaver and Parasite","floor":27,"turns":6},{"damage":0,"enemies":"Sentry and Sphere","floor":30,"turns":5},{"damage":28,"enemies":"3 Cultists","floor":31,"turns":7},{"damage":61,"enemies":"Automaton","floor":33,"turns":6}],"event_choices":[{"event_name":"Purifier","player_choice":"One Purge","floor":5,"damage_taken":0},{"event_name":"Drug Dealer","player_choice":"Ignored","floor":19,"damage_taken":0}],"boss_relics":[{"not_picked":["Pandora\u0027s Box","Ectoplasm"],"picked":"Tiny House"}],"potions_floor_spawned":[1,13,21,22,31],"seed_played":"8740334351775165645","killed_by":"Automaton","ascension_level":13,"is_trial":false}