{"path_per_floor":["M","M","$","?","M","E","R","M","T","?","R","M","M","M","R","B",null,"M","?","?","?","M","R","M","M","T","$","R","?","E","M","R","B",null,"M","$","?","?","M","R","M","R","T","?","$","?","?","M","R","B"],"character_chosen":"THE_SILENT","items_purchased":["Frozen Egg 2","Escape Plan","Singing Bowl"],"gold_per_floor":[368,381,60,10,21,53,53,66,66,66,66,90,111,127,127,218,218,242,242,242,167,188,188,213,229,229,94,94,9,48,61,61,160,160,181,24,0,0,19,19,44,44,44,44,44,44,44,67,67,67],"floor_reached":51,"campfire_rested":7,"playtime":2255,"current_hp_per_floor":[55,55,55,55,55,15,33,23,23,23,40,39,39,39,56,54,57,34,34,34,34,29,46,43,31,31,31,48,55,36,29,48,33,57,57,57,57,57,55,55,57,57,57,57,57,48,48,50,71,29],"items_purged":["Writhe","Strike_G"],"gold":67,"score":869,"play_id":"6aefe2dd-1fa8-40b1-bfc1-afc6aa68c6c5","local_time":"20180307012435","is_prod":false,"is_daily":false,"is_ascension_mode":true,"campfire_upgraded":2,"timestamp":1520403875,"path_taken":["M","M","$","?","M","E","R","?","T","?","R","M","M","M","R","BOSS","M","?","?","?","M","R","?","M","T","$","R","?","E","?","R","BOSS","M","?","?","?","M","R","?","R","T","?","$","?","?","M","R","BOSS"],"build_version":"2018-03-01-PROD1","purchased_purges":2,"victory":true,"master_deck":["Defend_G","Defend_G+1","Defend_G","Defend_G","Survivor","Neutralize+1","Catalyst+1","Leg Sweep","Deadly Poison","Bouncing Flask+1","Bullet Time+1","Tools of the Trade+1","Malaise+1","Backstab+1","Bane","Noxious Fumes+1","Dodge and Roll","Madness","Madness"],"max_hp_per_floor":[66,66,66,63,63,63,63,63,63,58,58,58,58,58,58,58,58,58,58,58,58,58,58,58,58,58,58,58,65,65,65,65,65,65,65,65,65,65,67,67,69,69,69,69,69,69,69,71,71,71],"relics":["Ring of the Snake","Frozen Egg 2","Snake Skull","War Paint","Golden Idol","Astrolabe","Sundial","Strawberry","Paper Crane","Velvet Choker","Singing Bowl","Red Mask","Darkstone Periapt"],"card_choices":[{"not_picked":["Sucker Punch","A Thousand Cuts"],"picked":"Catalyst"},{"not_picked":["Backflip","Distraction"],"picked":"Leg Sweep"},{"not_picked":["Backflip","Dagger Spray"],"picked":"Skewer"},{"not_picked":["Flying Knee","Expertise"],"picked":"Deadly Poison"},{"not_picked":["Underhanded Strike","Deadly Poison"],"picked":"Backstab"},{"not_picked":["Dagger Spray","Flying Knee"],"picked":"Bane"},{"not_picked":["Poisoned Stab","Dodge and Roll"],"picked":"Noxious Fumes"}],"player_experience":630072,"potions_floor_usage":[6,16,16,18,30,33,33,50,50,50],"damage_taken":[{"damage":4,"enemies":"Jaw Worm","floor":1,"turns":5},{"damage":0,"enemies":"2 Louse","floor":2,"turns":4},{"damage":0,"enemies":"Cultist","floor":5,"turns":4},{"damage":52,"enemies":"Gremlin Nob","floor":6,"turns":6},{"damage":10,"enemies":"Looter","floor":8,"turns":4},{"damage":1,"enemies":"3 Louse","floor":12,"turns":5},{"damage":0,"enemies":"Red Slaver","floor":13,"turns":4},{"damage":0,"enemies":"2 Fungi Beasts","floor":14,"turns":4},{"damage":2,"enemies":"The Guardian","floor":16,"turns":9},{"damage":23,"enemies":"Chosen","floor":18,"turns":5},{"damage":5,"enemies":"Shell Parasite","floor":22,"turns":7},{"damage":3,"enemies":"Snecko","floor":24,"turns":4},{"damage":12,"enemies":"Snake Plant","floor":25,"turns":4},{"damage":19,"enemies":"Gremlin Leader","floor":30,"turns":6},{"damage":7,"enemies":"Centurion and Healer","floor":31,"turns":4},{"damage":15,"enemies":"Collector","floor":33,"turns":7},{"damage":0,"enemies":"3 Shapes","floor":35,"turns":5},{"damage":4,"enemies":"3 Darklings","floor":39,"turns":6},{"damage":0,"enemies":"Maw","floor":41,"turns":6},{"damage":0,"enemies":"Sphere and 2 Shapes","floor":48,"turns":4},{"damage":42,"enemies":"Donu and Deca","floor":50,"turns":11}],"event_choices":[{"event_name":"The Cleric","player_choice":"Card Removal","floor":4,"damage_taken":0},{"event_name":"Golden Idol","player_choice":"Lose Max HP","floor":10,"damage_taken":0},{"event_name":"The Library","player_choice":"Read","floor":19,"damage_taken":0},{"event_name":"Back to Basics","player_choice":"Elegance","floor":20,"damage_taken":0},{"event_name":"Beggar","player_choice":"Gave Gold","floor":21,"damage_taken":0},{"event_name":"Addict","player_choice":"Obtained Relic","floor":29,"damage_taken":0},{"event_name":"Tomb of Lord Red Mask","player_choice":"Paid","floor":37,"damage_taken":0},{"event_name":"Transmorgrifier","player_choice":"Transform","floor":38,"damage_taken":0},{"event_name":"Mysterious Sphere","player_choice":"Ignore","floor":44,"damage_taken":0},{"event_name":"Winding Halls","player_choice":"Embrace Madness","floor":46,"damage_taken":0}],"boss_relics":[{"not_picked":["Lizard Tail","Eternal Feather"],"picked":"Astrolabe"},{"not_picked":["Black Star","Question Card"],"picked":"Velvet Choker"}],"potions_floor_spawned":[5,8,12,13,14,16,24,30,33,39,48],"seed_played":"3847869237968950391","ascension_level":14,"is_trial":false}