{"path_per_floor":["M","$","?","?","$","R","E","?","T","R","M","M","M","M","R","B",null,"M","?","$","?","M","R","?","R","T","?","M","R","$","M","R"],"character_chosen":"THE_SILENT","items_purchased":["Infinite Blades","Noxious Fumes","Cloak And Dagger","Infinite Blades","Cloak And Dagger"],"gold_per_floor":[111,32,32,207,7,7,32,32,32,32,49,67,80,95,95,174,174,194,194,19,19,34,34,34,34,58,58,71,71,22,34,34],"floor_reached":33,"campfire_rested":4,"playtime":1589,"current_hp_per_floor":[39,39,39,39,39,60,40,40,40,40,39,38,39,29,53,24,72,50,50,50,50,42,42,42,68,68,68,41,41,41,5,47],"items_purged":["Doubt","Strike_G"],"gold":34,"score":426,"play_id":"d2f9ad24-ccb3-49f6-927f-ea9ab47b41e8","local_time":"20180305215958","is_prod":false,"is_daily":false,"is_ascension_mode":true,"campfire_upgraded":3,"timestamp":1520305198,"path_taken":["M","$","?","?","$","R","E","?","T","R","?","M","M","?","R","BOSS","M","?","$","?","?","R","?","R","T","?","?","R","$","M","R","BOSS"],"build_version":"2018-03-01-PROD1","purchased_purges":2,"victory":false,"master_deck":["Defend_G","Defend_G","Defend_G","Defend_G","Defend_G","Strike_G","Strike_G","Strike_G","Survivor","Neutralize+1","Well Laid Plans","Infinite Blades","Noxious Fumes+1","Cloak And Dagger+1","Burst+1","Blade Dance","Blade Dance","Infinite Blades","PiercingWail","Cloak And Dagger"],"max_hp_per_floor":[70,70,70,70,70,70,72,72,72,72,74,76,78,80,80,80,86,88,85,85,85,87,87,87,87,87,87,89,89,89,91,91],"relics":["Ring of the Snake","Singing Bowl","Ancient Tea Set","Girya","Orrery","Regal Pillow"],"card_choices":[{"not_picked":["Sucker Punch","Cloak And Dagger"],"picked":"Well Laid Plans"},{"not_picked":["Storm of Steel","Wraith Form"],"picked":"Burst"},{"not_picked":["Prepared","Accuracy"],"picked":"Blade Dance"},{"not_picked":["Flying Knee","Prepared"],"picked":"Blade Dance"}],"player_experience":603715,"potions_floor_usage":[16,18,28,33],"damage_taken":[{"damage":24.0,"enemies":"Small Slimes","floor":1.0,"turns":7.0},{"damage":22.0,"enemies":"3 Sentries","floor":7.0,"turns":9.0},{"damage":3,"enemies":"2 Louse","floor":11,"turns":4},{"damage":3,"enemies":"Jaw Worm","floor":12,"turns":4},{"damage":1,"enemies":"2 Fungi Beasts","floor":13,"turns":4},{"damage":12,"enemies":"3 Louse","floor":14,"turns":5},{"damage":41,"enemies":"Slime Boss","floor":16,"turns":11},{"damage":24,"enemies":"Chosen","floor":18,"turns":6},{"damage":10,"enemies":"3 Byrds","floor":22,"turns":5},{"damage":29,"enemies":"Centurion and Healer","floor":28,"turns":9},{"damage":38,"enemies":"Sentry and Sphere","floor":31,"turns":6},{"damage":53,"enemies":"Champ","floor":33,"turns":12}],"event_choices":[{"event_name":"The Cleric","player_choice":"Leave","floor":3.0,"damage_taken":0.0},{"event_name":"Liars Game","player_choice":"agreed","floor":4.0,"damage_taken":0.0},{"event_name":"Accursed Blacksmith","player_choice":"Forge","floor":8,"damage_taken":0},{"event_name":"Fountain of Cleansing","player_choice":"Removed Curse","floor":19,"damage_taken":0},{"event_name":"Transmorgrifier","player_choice":"Transform","floor":21,"damage_taken":0},{"event_name":"Vampires","player_choice":"Ignored","floor":24,"damage_taken":0},{"event_name":"Drug Dealer","player_choice":"Ignored","floor":27,"damage_taken":0}],"boss_relics":[{"not_picked":["Astrolabe","Tiny House"],"picked":"Orrery"}],"potions_floor_spawned":[7,11,13,22],"seed_played":"3667847452747136851","killed_by":"Champ","ascension_level":13,"is_trial":false}