{"path_per_floor":["M","M","?","$","M","R","E","?","T","R","$","M","R","M","R","B",null,"M","?","M","M","M","R","M"],"character_chosen":"THE_SILENT","items_purchased":["Footwork","Well Laid Plans"],"gold_per_floor":[116,127,127,17,32,32,67,67,90,90,19,34,34,48,48,150,150,166,166,176,193,213,213,229],"floor_reached":25,"campfire_rested":1,"playtime":1498,"current_hp_per_floor":[65,64,50,50,50,50,50,50,50,50,50,48,48,47,69,55,74,75,75,73,69,66,66,65],"items_purged":["Strike_G"],"gold":229,"score":230,"play_id":"ea353edf-a5db-40b0-a0ec-6c22a4aa99f9","local_time":"20180312155002","is_prod":false,"is_daily":false,"is_ascension_mode":false,"campfire_upgraded":1,"timestamp":1520884202,"path_taken":["M","?","?","?","M","R","E","?","T","R","$","M","R","M","R","BOSS","M","?","?","M","?","R","M","E"],"build_version":"2018-03-09","purchased_purges":1,"victory":false,"master_deck":["Defend_G","Defend_G","Defend_G+1","Defend_G","Defend_G","Strike_G+1","Strike_G","Strike_G","Strike_G","Survivor","Neutralize","Escape Plan","Malaise+1","Footwork+1","Poisoned Stab","Well Laid Plans","Burst","Adrenaline","Escape Plan+1"],"max_hp_per_floor":[70,70,70,70,70,70,70,70,70,70,70,72,72,74,74,74,74,76,76,78,78,78,78,80],"relics":["Ring of the Snake","Happy Flower","Shovel","Oddly Smooth Stone","Singing Bowl","Bag of Marbles","Sozu","Pen Nib"],"card_choices":[{"not_picked":["Dash","Setup"],"picked":"Escape Plan"},{"not_picked":["Quick Slash","Bouncing Flask"],"picked":"Malaise"},{"not_picked":["Riddle With Holes","Deflect"],"picked":"Poisoned Stab"},{"not_picked":["A Thousand Cuts","Grand Finale"],"picked":"Burst"},{"not_picked":["Backflip","Outmaneuver"],"picked":"Adrenaline"},{"not_picked":["Slice","Concentrate"],"picked":"Escape Plan"}],"player_experience":660798,"potions_floor_usage":[7,21,25],"damage_taken":[{"damage":5,"enemies":"Cultist","floor":1,"turns":4},{"damage":1,"enemies":"Jaw Worm","floor":2,"turns":5},{"damage":0,"enemies":"2 Louse","floor":5,"turns":4},{"damage":0,"enemies":"3 Sentries","floor":7,"turns":8},{"damage":4,"enemies":"2 Fungi Beasts","floor":12,"turns":4},{"damage":3,"enemies":"Exordium Wildlife","floor":14,"turns":4},{"damage":14,"enemies":"The Guardian","floor":16,"turns":18},{"damage":1,"enemies":"Spheric Guardian","floor":18,"turns":7},{"damage":4,"enemies":"3 Byrds","floor":20,"turns":8},{"damage":4,"enemies":"3 Cultists","floor":21,"turns":9},{"damage":3,"enemies":"Snake Plant","floor":22,"turns":7},{"damage":3,"enemies":"Slaver and Parasite","floor":24,"turns":11},{"damage":75,"enemies":"Gremlin Leader","floor":25,"turns":17}],"event_choices":[{"event_name":"Shining Light","player_choice":"Entered Light","floor":3,"damage_taken":0},{"event_name":"Upgrade Shrine","player_choice":"Upgraded","floor":8,"damage_taken":0},{"event_name":"Vampires","player_choice":"Ignored","floor":19,"damage_taken":0}],"boss_relics":[{"not_picked":["White Beast Statue","Question Card"],"picked":"Sozu"}],"potions_floor_spawned":[1,2,14,20,24],"seed_played":"-7281396774539776154","killed_by":"Gremlin Leader","ascension_level":0,"is_trial":false}