{"path_per_floor":["M","?","?","M","M","M","R","?","T","R","$","M","R","M","R","B",null,"M","?","M","M"],"character_chosen":"THE_SILENT","items_purchased":["PiercingWail"],"gold_per_floor":[115,190,190,205,215,227,227,227,227,227,101,118,118,136,136,211,211,195,120,132,147],"floor_reached":22,"campfire_rested":1,"playtime":1000,"current_hp_per_floor":[60,49,56,56,58,47,47,30,30,54,54,55,55,55,55,15,67,48,48,50,20],"items_purged":["Parasite"],"gold":147,"score":319,"play_id":"034af233-4b9c-4189-a142-d6c9f7e17c0d","local_time":"20180306201040","is_prod":false,"is_daily":false,"is_ascension_mode":true,"campfire_upgraded":2,"timestamp":1520385040,"path_taken":["M","?","?","M","M","M","R","?","T","R","$","M","R","M","R","BOSS","M","?","M","M","M"],"build_version":"2018-03-01-PROD1","purchased_purges":1,"victory":false,"master_deck":["Defend_G","Defend_G","Defend_G+1","Defend_G","Defend_G","Strike_G","Strike_G","Strike_G","Survivor+1","Neutralize+1","Noxious Fumes+1","PiercingWail","Blur","Footwork"],"max_hp_per_floor":[70,70,77,79,81,83,83,83,83,83,80,82,82,82,82,84,84,86,86,88,88],"relics":["Ring of the Snake","Singing Bowl","Strawberry","Peace Pipe","Eternal Feather"],"card_choices":[{"not_picked":["Venomology","Setup"],"picked":"Noxious Fumes"},{"not_picked":["Endless Agony","Backflip"],"picked":"Blur"},{"not_picked":["Prepared","Flying Knee"],"picked":"Footwork"}],"player_experience":616008,"potions_floor_usage":[21,21,22],"damage_taken":[{"damage":3.0,"enemies":"Small Slimes","floor":1.0,"turns":4.0},{"damage":2.0,"enemies":"Cultist","floor":4.0,"turns":4.0},{"damage":0.0,"enemies":"2 Louse","floor":5.0,"turns":4.0},{"damage":13.0,"enemies":"Lots of Slimes","floor":6.0,"turns":5.0},{"damage":1.0,"enemies":"Blue Slaver","floor":12.0,"turns":5.0},{"damage":0.0,"enemies":"Large Slime","floor":14.0,"turns":8.0},{"damage":42.0,"enemies":"Hexaghost","floor":16.0,"turns":14.0},{"damage":21.0,"enemies":"2 Thieves","floor":18.0,"turns":4.0},{"damage":0.0,"enemies":"Shell Parasite","floor":20.0,"turns":9.0},{"damage":30,"enemies":"Centurion and Healer","floor":21,"turns":12},{"damage":32,"enemies":"3 Cultists","floor":22,"turns":5}],"event_choices":[{"event_name":"World of Goop","player_choice":"Gather Gold","floor":2.0,"damage_taken":0.0},{"event_name":"Wheel of Change","player_choice":"Relic","floor":3.0,"damage_taken":0.0},{"event_name":"Shining Light","player_choice":"Entered Light","floor":8.0,"damage_taken":0.0},{"event_name":"Beggar","player_choice":"Gave Gold","floor":19.0,"damage_taken":0.0}],"boss_relics":[],"potions_floor_spawned":[1,4,6,14,21],"seed_played":"3292417255080197891","killed_by":"3 Cultists","ascension_level":13,"is_trial":false}