{"path_per_floor":["M","?","?","$","?","R","E","M","T","R","$","R","$","M","R","B",null,"M","M","?","$"],"character_chosen":"THE_SILENT","items_purchased":["Endless Agony","Footwork","Dagger Throw","Slice"],"gold_per_floor":[111,111,111,36,36,36,66,86,111,111,31,31,31,42,42,116,116,131,150,150,22],"floor_reached":22,"campfire_rested":1,"playtime":851,"current_hp_per_floor":[63,63,63,63,50,50,50,50,50,50,50,50,50,49,67,13,54,50,29,29,29],"items_purged":["Defend_G"],"gold":22,"score":338,"play_id":"cd415ef7-8fc1-427d-879d-8cb75143c091","local_time":"20180306211053","is_prod":false,"is_daily":false,"is_ascension_mode":true,"campfire_upgraded":3,"timestamp":1520388653,"path_taken":["M","?","?","?","?","R","E","M","T","R","$","R","$","M","R","BOSS","M","M","?","$","M"],"build_version":"2018-03-01-PROD1","purchased_purges":1,"victory":false,"master_deck":["Defend_G+1","Defend_G","Defend_G","Defend_G","Strike_G","Strike_G","Strike_G","Strike_G","Survivor","Neutralize+1","Infinite Blades+1","Finisher+1","Endless Agony+1","Blur","A Thousand Cuts","Backstab","Footwork","Dagger Throw","Slice"],"max_hp_per_floor":[70,67,67,67,67,67,67,67,67,67,67,67,67,67,67,67,67,67,67,67,67],"relics":["Ring of the Snake","NeowsBlessing","Bottled Lightning","Art of War","Runic Dome"],"card_choices":[{"not_picked":["Reflex","Underhanded Strike"],"picked":"Infinite Blades"},{"not_picked":["Underhanded Strike","Deflect"],"picked":"Finisher"},{"not_picked":["Backflip","Bane"],"picked":"Blur"},{"not_picked":["Storm of Steel","Burst"],"picked":"A Thousand Cuts"},{"not_picked":["Dagger Spray","Crippling Poison"],"picked":"Backstab"}],"player_experience":619560,"potions_floor_usage":[16,16,22],"damage_taken":[{"damage":0,"enemies":"Jaw Worm","floor":1,"turns":1},{"damage":0,"enemies":"3 Sentries","floor":7,"turns":1},{"damage":0,"enemies":"Cultist","floor":8,"turns":1},{"damage":1,"enemies":"Small Slimes","floor":14,"turns":2},{"damage":54,"enemies":"The Guardian","floor":16,"turns":14},{"damage":4,"enemies":"Shell Parasite","floor":18,"turns":5},{"damage":21,"enemies":"Spheric Guardian","floor":19,"turns":4},{"damage":36,"enemies":"Chosen and Byrds","floor":22,"turns":4}],"event_choices":[{"event_name":"Wheel of Change","player_choice":"Card Removal","floor":2,"damage_taken":0},{"event_name":"Living Wall","player_choice":"Forget","floor":3,"damage_taken":0},{"event_name":"Shining Light","player_choice":"Entered Light","floor":5,"damage_taken":0},{"event_name":"Beggar","player_choice":"Ignored","floor":20,"damage_taken":0}],"boss_relics":[{"not_picked":["Velvet Choker","Question Card"],"picked":"Runic Dome"}],"potions_floor_spawned":[1,8,14,18],"seed_played":"-1209511015821799318","killed_by":"Chosen and Byrds","ascension_level":13,"is_trial":false}