{"path_per_floor":["M","?","?","?","$","R","M","M","T","$","R","?","R","?","R","B",null,"M","M","$","?"],"character_chosen":"THE_SILENT","items_purchased":["Blur","Footwork"],"gold_per_floor":[119,119,194,194,119,119,129,144,196,88,88,38,38,38,38,112,112,124,140,40,40],"floor_reached":22,"campfire_rested":1,"playtime":744,"current_hp_per_floor":[55,55,44,30,30,55,55,47,47,47,53,53,59,59,65,27,57,51,13,13,13],"items_purged":["Regret","Strike_G"],"gold":40,"score":281,"play_id":"9371aab3-69f6-4b47-8fc8-7dcbdd0de083","local_time":"20180306205628","is_prod":false,"is_daily":false,"is_ascension_mode":true,"campfire_upgraded":3,"timestamp":1520387788,"path_taken":["M","?","?","?","$","R","M","M","T","$","R","?","R","?","R","BOSS","M","M","$","?","M"],"build_version":"2018-03-01-PROD1","purchased_purges":2,"victory":false,"master_deck":["Defend_G","Defend_G","Defend_G+1","Defend_G","Defend_G","Strike_G+1","Strike_G","Strike_G+1","Strike_G","Survivor+1","Neutralize+1","Bane+1","Blur","Footwork+1","Die Die Die"],"max_hp_per_floor":[70,70,70,70,70,70,70,70,70,70,70,67,67,67,67,67,67,67,67,67,67],"relics":["Eternal Feather","War Paint","Juzu Bracelet","Toolbox","Question Card"],"card_choices":[{"not_picked":["Dodge and Roll","PiercingWail"],"picked":"Bane"},{"not_picked":["Tools of the Trade","After Image"],"picked":"Die Die Die"}],"player_experience":618816,"potions_floor_usage":[],"damage_taken":[{"damage":8.0,"enemies":"Jaw Worm","floor":1.0,"turns":5.0},{"damage":0.0,"enemies":"Small Slimes","floor":7.0,"turns":3.0},{"damage":8.0,"enemies":"2 Louse","floor":8.0,"turns":3.0},{"damage":38,"enemies":"Slime Boss","floor":16,"turns":22},{"damage":6,"enemies":"Shell Parasite","floor":18,"turns":10},{"damage":38,"enemies":"Chosen","floor":19,"turns":9},{"damage":18,"enemies":"Snake Plant","floor":22,"turns":3}],"event_choices":[{"event_name":"Big Fish","player_choice":"Box","floor":2.0,"damage_taken":0.0},{"event_name":"World of Goop","player_choice":"Gather Gold","floor":3.0,"damage_taken":0.0},{"event_name":"Shining Light","player_choice":"Entered Light","floor":4.0,"damage_taken":0.0},{"event_name":"The Cleric","player_choice":"Card Removal","floor":12.0,"damage_taken":0.0},{"event_name":"Dead Adventurer","player_choice":"Searched \u00271\u0027 times","floor":14,"damage_taken":0},{"event_name":"Beggar","player_choice":"Ignored","floor":21,"damage_taken":0}],"boss_relics":[{"not_picked":["Calling Bell","Cursed Key"],"picked":"Question Card"}],"potions_floor_spawned":[8,19],"seed_played":"6124832335244201709","killed_by":"Snake Plant","ascension_level":13,"is_trial":false}