{"path_per_floor":["M","M","$","?","?","E","R","M","T","?","R","M","M","M","R","B",null,"M","?","M","?","$","R","?","M","T"],"character_chosen":"THE_SILENT","items_purchased":["Reflex","Lantern"],"gold_per_floor":[119,131,56,6,6,44,44,57,57,57,57,77,102,117,117,211,211,231,231,246,246,21,21,21,44,68],"floor_reached":27,"campfire_rested":1,"playtime":1601,"current_hp_per_floor":[63,63,63,63,47,47,47,47,47,63,63,59,58,52,52,33,59,46,77,33,33,33,56,56,6,6],"items_purged":["Parasite"],"gold":68,"score":393,"play_id":"8120584b-6461-4b17-8d8f-cbdce4fcaf60","local_time":"20180306222056","is_prod":false,"is_daily":false,"is_ascension_mode":true,"campfire_upgraded":3,"timestamp":1520392856,"path_taken":["M","M","$","?","?","E","R","M","T","?","R","M","M","M","R","BOSS","M","?","M","?","$","R","?","?","T","?"],"build_version":"2018-03-01-PROD1","purchased_purges":1,"victory":false,"master_deck":["Defend_G","Defend_G","Defend_G","Defend_G","Strike_G","Strike_G","Strike_G","Strike_G","Survivor+1","Neutralize+1","Poisoned Stab+1","Unload","Tactician","Prepared+1","Reflex","Reflex"],"max_hp_per_floor":[70,70,67,67,67,67,67,67,67,67,67,67,67,67,67,67,67,67,77,77,77,77,77,77,77,77],"relics":["Ring of the Snake","NeowsBlessing","Golden Idol","Ancient Tea Set","Omamori","Runic Pyramid","Bronze Scales","Lantern","Art of War"],"card_choices":[{"not_picked":["Footwork","Deflect"],"picked":"Venomology"},{"not_picked":["Sucker Punch","Endless Agony"],"picked":"Poisoned Stab"},{"not_picked":["Acrobatics","Underhanded Strike"],"picked":"Unload"},{"not_picked":["Storm of Steel","Corpse Explosion"],"picked":"Tactician"},{"not_picked":["Backflip","Well Laid Plans"],"picked":"Prepared"},{"not_picked":["Backstab","Acrobatics"],"picked":"Reflex"}],"player_experience":622797,"potions_floor_usage":[27,27],"damage_taken":[{"damage":0.0,"enemies":"Jaw Worm","floor":1.0,"turns":1.0},{"damage":0.0,"enemies":"2 Louse","floor":2.0,"turns":1.0},{"damage":0.0,"enemies":"Gremlin Nob","floor":6.0,"turns":1.0},{"damage":0.0,"enemies":"Small Slimes","floor":8.0,"turns":3.0},{"damage":4.0,"enemies":"Exordium Thugs","floor":12.0,"turns":5.0},{"damage":1.0,"enemies":"Blue Slaver","floor":13.0,"turns":3.0},{"damage":6.0,"enemies":"Red Slaver","floor":14.0,"turns":3.0},{"damage":19.0,"enemies":"Slime Boss","floor":16.0,"turns":11.0},{"damage":13.0,"enemies":"Chosen","floor":18.0,"turns":8.0},{"damage":44.0,"enemies":"Shell Parasite","floor":20.0,"turns":8.0},{"damage":50,"enemies":"Snecko","floor":25,"turns":6},{"damage":7,"enemies":"Snake Plant","floor":27,"turns":1}],"event_choices":[{"event_name":"The Cleric","player_choice":"Card Removal","floor":4.0,"damage_taken":0.0},{"event_name":"Golden Idol","player_choice":"Take Damage","floor":5.0,"damage_taken":0.0},{"event_name":"Mushrooms","player_choice":"Healed and dodged fight","floor":10.0,"damage_taken":0.0},{"event_name":"Bonfire Elementals","player_choice":"RARE","floor":19.0,"damage_taken":0.0},{"event_name":"The Mausoleum","player_choice":"Yes","floor":21,"damage_taken":0},{"event_name":"Back to Basics","player_choice":"Elegance","floor":24,"damage_taken":0}],"boss_relics":[],"potions_floor_spawned":[1,2,12,13,20,25],"seed_played":"4422972732231172913","killed_by":"Snake Plant","ascension_level":13,"is_trial":false}