{"path_per_floor":["M","M","?","M","M","?","R","M","T","$","R","M","$","M","R","B",null,"M","M","?","?","M","R","M","T","T","R"],"character_chosen":"THE_SILENT","items_purchased":["Noxious Fumes","Strawberry","Catalyst","Blood Vial"],"gold_per_floor":[365,383,633,647,666,841,841,811,811,507,507,521,243,255,255,326,326,341,361,361,361,377,377,397,421,421,421],"floor_reached":28,"campfire_rested":3,"playtime":1085,"current_hp_per_floor":[59,59,59,55,44,44,44,37,37,44,44,21,21,22,42,20,55,20,10,10,10,3,22,14,14,14,33],"items_purged":["Regret","Doubt"],"gold":421,"score":357,"play_id":"74e04e5f-a062-499b-903b-9482b3633eac","local_time":"20180307004629","is_prod":false,"is_daily":false,"is_ascension_mode":true,"campfire_upgraded":2,"timestamp":1520401589,"path_taken":["M","M","?","M","M","?","R","M","T","$","R","?","$","?","R","BOSS","M","M","?","?","M","R","M","?","T","R","M"],"build_version":"2018-03-01-PROD1","purchased_purges":3,"victory":false,"master_deck":["Defend_G","Defend_G","Defend_G","Defend_G","Defend_G","Strike_G","Strike_G","Strike_G","Strike_G","Strike_G","Survivor","Neutralize+1","Noxious Fumes+1","Blur","Catalyst","Poisoned Stab","Well Laid Plans+1","Catalyst"],"max_hp_per_floor":[60,60,60,60,60,60,60,60,60,67,67,67,67,67,67,67,67,67,67,67,64,64,64,64,64,64,64],"relics":["Ring of the Snake","Strawberry","Blood Vial","Question Card","Nloth\u0027s Gift","Anchor","Ginger"],"card_choices":[{"not_picked":["Heel Hook","Dagger Throw"],"picked":"Blur"},{"not_picked":["Dodge and Roll","Blade Dance"],"picked":"Poisoned Stab"},{"not_picked":["Sucker Punch","Heel Hook","Deflect"],"picked":"Well Laid Plans"},{"not_picked":["Sucker Punch","Dodge and Roll","Dagger Throw"],"picked":"Catalyst"}],"player_experience":628987,"potions_floor_usage":[18,22,24,24,28],"damage_taken":[{"damage":0,"enemies":"Small Slimes","floor":1,"turns":4},{"damage":0,"enemies":"Cultist","floor":2,"turns":5},{"damage":4,"enemies":"Jaw Worm","floor":4,"turns":5},{"damage":11,"enemies":"Blue Slaver","floor":5,"turns":5},{"damage":7,"enemies":"Looter","floor":8,"turns":4},{"damage":23,"enemies":"Exordium Wildlife","floor":12,"turns":7},{"damage":1,"enemies":"Red Slaver","floor":14,"turns":5},{"damage":24,"enemies":"The Guardian","floor":16,"turns":11},{"damage":49,"enemies":"3 Byrds","floor":18,"turns":7},{"damage":12,"enemies":"Shell Parasite","floor":19,"turns":8},{"damage":9,"enemies":"Snake Plant","floor":22,"turns":5},{"damage":10,"enemies":"Sentry and Sphere","floor":24,"turns":5},{"damage":39,"enemies":"Slaver and Parasite","floor":28,"turns":3}],"event_choices":[{"event_name":"Golden Shrine","player_choice":"Desecrate","floor":3,"damage_taken":0},{"event_name":"Liars Game","player_choice":"agreed","floor":6,"damage_taken":0},{"event_name":"N\u0027loth","player_choice":"Traded a Du-Vu Doll","floor":20,"damage_taken":0},{"event_name":"Purifier","player_choice":"One Purge","floor":21,"damage_taken":0}],"boss_relics":[{"not_picked":["Philosopher\u0027s Stone","Snecko Eye"],"picked":"Question Card"}],"potions_floor_spawned":[4,12,16,18,22],"seed_played":"4129133297245201260","killed_by":"Slaver and Parasite","ascension_level":14,"is_trial":false}