{"path_per_floor":["M","M","?","M","$","E","R","M","T","$","M","$","?","M","R","B",null,"M","?","M","$","M","E"],"character_chosen":"THE_SILENT","items_purchased":["Poisoned Stab","Footwork","Caltrops","Noxious Fumes","Block Potion"],"gold_per_floor":[110,121,121,132,30,60,60,70,70,36,54,15,15,31,31,110,110,124,124,144,24,43,68],"floor_reached":24,"campfire_rested":2,"playtime":1621,"current_hp_per_floor":[52,52,57,57,57,26,46,26,26,26,21,21,21,18,38,6,53,53,53,43,43,21,7],"items_purged":["Parasite"],"gold":68,"score":382,"play_id":"eedf7552-84b1-46bc-84a5-11742acc4cf5","local_time":"20180307141325","is_prod":false,"is_daily":false,"is_ascension_mode":true,"campfire_upgraded":0,"timestamp":1520450005,"path_taken":["M","M","?","?","$","E","R","?","T","$","M","$","?","M","R","BOSS","M","?","M","$","M","E","M"],"build_version":"2018-03-01-PROD1","purchased_purges":1,"victory":false,"master_deck":["Survivor","Neutralize","Leg Sweep","Poisoned Stab","Blur","Bane","PiercingWail","Footwork","Poisoned Stab","Caltrops","Grand Finale","Bouncing Flask","Bullet Time","Acrobatics","Deflect","Underhanded Strike","Deadly Poison","Cloak And Dagger","Leg Sweep","Concentrate","Catalyst","Dagger Spray","Acrobatics","Noxious Fumes"],"max_hp_per_floor":[66,66,71,71,68,68,68,68,68,68,68,68,68,68,68,68,68,68,68,68,68,68,68],"relics":["Ring of the Snake","Art of War","Prayer Wheel","Gambling Chip","Pandora\u0027s Box","Smiling Mask"],"card_choices":[{"not_picked":["Deflect","Backflip"],"picked":"Leg Sweep"},{"not_picked":["Acrobatics","Dodge and Roll"],"picked":"Blur"},{"not_picked":["Masterful Stab","Flying Knee"],"picked":"Bane"},{"not_picked":["Bane","A Thousand Cuts"],"picked":"PiercingWail"},{"not_picked":["Acrobatics","Deflect"],"picked":"Poisoned Stab"},{"not_picked":["After Image","Storm of Steel"],"picked":"Bullet Time"}],"player_experience":632327,"potions_floor_usage":[8,16,16,22,23,24],"damage_taken":[{"damage":7,"enemies":"Jaw Worm","floor":1,"turns":8},{"damage":0,"enemies":"Small Slimes","floor":2,"turns":3},{"damage":0,"enemies":"2 Louse","floor":4,"turns":5},{"damage":31,"enemies":"Gremlin Nob","floor":6,"turns":6},{"damage":20,"enemies":"Exordium Thugs","floor":8,"turns":5},{"damage":5,"enemies":"Gremlin Gang","floor":11,"turns":7},{"damage":3,"enemies":"Looter","floor":14,"turns":4},{"damage":32,"enemies":"Hexaghost","floor":16,"turns":12},{"damage":0,"enemies":"3 Byrds","floor":18,"turns":3},{"damage":10,"enemies":"Spheric Guardian","floor":20,"turns":4},{"damage":22,"enemies":"Cultist and Chosen","floor":22,"turns":8},{"damage":14,"enemies":"Gremlin Leader","floor":23,"turns":6},{"damage":18,"enemies":"Centurion and Healer","floor":24,"turns":6}],"event_choices":[{"event_name":"Big Fish","player_choice":"Donut","floor":3,"damage_taken":0},{"event_name":"Match and Keep!","player_choice":"2 cards matched","floor":13,"damage_taken":0},{"event_name":"Vampires","player_choice":"Ignored","floor":19,"damage_taken":0}],"boss_relics":[{"not_picked":["Black Star","Astrolabe"],"picked":"Pandora\u0027s Box"}],"potions_floor_spawned":[1,6,11,14,22],"seed_played":"-4390196155681308861","killed_by":"Centurion and Healer","ascension_level":15,"is_trial":false}