{"path_per_floor":["M","?","?","$","M","R","M","M","T","R","E","?","R","M","R","B",null,"M","?","?","$","M","E","R","?","T"],"character_chosen":"THE_SILENT","items_purchased":["Pear","Dodge and Roll"],"gold_per_floor":[119,119,69,69,82,82,102,121,144,144,177,352,352,365,365,442,442,454,454,454,82,98,131,131,131,176],"floor_reached":27,"campfire_rested":2,"playtime":916,"current_hp_per_floor":[62,62,62,62,62,62,58,56,56,56,36,36,56,42,42,15,54,41,48,48,58,40,7,32,32,32],"items_purged":["Doubt"],"gold":176,"score":378,"play_id":"5fd26262-1238-4fdc-b015-40701d130c05","local_time":"20180305185213","is_prod":false,"is_daily":false,"is_ascension_mode":true,"campfire_upgraded":3,"timestamp":1520293933,"path_taken":["M","?","?","$","M","R","?","M","T","R","E","?","R","M","R","BOSS","M","?","?","$","M","E","R","?","T","M"],"build_version":"2018-03-01-PROD1","purchased_purges":1,"victory":false,"master_deck":["Defend_G","Defend_G+1","Defend_G","Defend_G+1","Strike_G","Strike_G","Strike_G","Strike_G","Strike_G","Survivor","Neutralize+1","Bane","Noxious Fumes+1","Noxious Fumes+1","Burst","Dodge and Roll"],"max_hp_per_floor":[70,67,67,67,67,67,67,67,67,67,67,67,67,67,67,67,67,67,74,74,84,84,84,84,84,84],"relics":["Ring of the Snake","War Paint","Bottled Lightning","Runic Pyramid","Strawberry","Pear","Bronze Scales","Snake Skull"],"card_choices":[{"not_picked":["Underhanded Strike","Quick Slash"],"picked":"Bane"},{"not_picked":["Backflip","Sucker Punch"],"picked":"Noxious Fumes"},{"not_picked":["PiercingWail","Blade Dance"],"picked":"Noxious Fumes"},{"not_picked":["Glass Knife","Night Terror"],"picked":"Burst"}],"player_experience":593358,"potions_floor_usage":[27,27],"damage_taken":[{"damage":1.0,"enemies":"Cultist","floor":1.0,"turns":3.0},{"damage":0.0,"enemies":"Jaw Worm","floor":5.0,"turns":4.0},{"damage":4.0,"enemies":"Small Slimes","floor":7.0,"turns":3.0},{"damage":2.0,"enemies":"Blue Slaver","floor":8.0,"turns":4.0},{"damage":20.0,"enemies":"Lagavulin","floor":11.0,"turns":8.0},{"damage":14.0,"enemies":"Gremlin Gang","floor":14.0,"turns":5.0},{"damage":39.0,"enemies":"Slime Boss","floor":16.0,"turns":10.0},{"damage":13.0,"enemies":"Spheric Guardian","floor":18.0,"turns":6.0},{"damage":18.0,"enemies":"3 Byrds","floor":22.0,"turns":5.0},{"damage":33.0,"enemies":"Book of Stabbing","floor":23.0,"turns":7.0},{"damage":32,"enemies":"Slaver and Parasite","floor":27,"turns":3}],"event_choices":[{"event_name":"Living Wall","player_choice":"Forget","floor":2.0,"damage_taken":0.0},{"event_name":"The Cleric","player_choice":"Card Removal","floor":3.0,"damage_taken":0.0},{"event_name":"Liars Game","player_choice":"agreed","floor":12.0,"damage_taken":0.0},{"event_name":"Wheel of Change","player_choice":"Relic","floor":19.0,"damage_taken":0.0},{"event_name":"The Lab","player_choice":"Got Potions","floor":20.0,"damage_taken":0.0},{"event_name":"Cursed Tome","player_choice":"Ignored","floor":25.0,"damage_taken":0.0}],"boss_relics":[],"potions_floor_spawned":[1,7,14,16,22,23],"seed_played":"7930430840178315370","killed_by":"Slaver and Parasite","ascension_level":13,"is_trial":false}