{"path_per_floor":["M","$","M","M","M","R","M","M","T","?","$","M","M","?","R","B",null,"M","M","?","M","$","R","E","R","T","M","?","$","M","?","R","B",null,"M","M","?","M","$"],"character_chosen":"THE_SILENT","items_purchased":["Footwork","War Paint"],"gold_per_floor":[218,143,158,178,197,197,211,224,249,249,75,90,100,100,100,178,178,159,172,172,186,31,31,61,61,136,148,148,23,41,41,41,120,120,137,151,151,169,19],"floor_reached":40,"campfire_rested":4,"playtime":8329,"current_hp_per_floor":[61,61,58,58,43,43,30,30,30,23,23,23,23,23,43,6,52,30,23,45,1,1,21,12,32,32,30,30,30,25,25,45,2,51,33,27,59,54,54],"items_purged":["Parasite","Strike_G","Strike_G","Well Laid Plans"],"gold":19,"score":581,"play_id":"84b2461d-4e9c-421e-8fb5-827000dfda48","local_time":"20180305211217","is_prod":false,"is_daily":false,"is_ascension_mode":true,"campfire_upgraded":1,"timestamp":1520302337,"path_taken":["M","$","?","M","M","R","M","?","T","?","?","?","M","?","R","BOSS","M","M","?","M","$","R","E","R","T","M","?","?","M","?","R","BOSS","M","M","?","M","$","E"],"build_version":"2018-03-01-PROD1","purchased_purges":4,"victory":false,"master_deck":["Defend_G+1","Defend_G+1","Defend_G","Defend_G","Defend_G","Strike_G","Strike_G","Strike_G","Survivor","Neutralize+1","Skewer+1","Blur","Footwork","Malaise","PiercingWail","Die Die Die","Noxious Fumes","Backstab","Dodge and Roll","Escape Plan","Leg Sweep","Adrenaline","Escape Plan+1","Blur"],"max_hp_per_floor":[70,67,67,67,67,67,67,67,67,67,67,67,67,67,67,67,67,67,67,67,67,67,67,67,67,67,67,67,67,67,67,67,67,67,67,67,59,59,59],"relics":["Ring of the Snake","Ancient Tea Set","Mercury Hourglass","Orrery","Dream Catcher","Letter Opener","Art of War","Nloth\u0027s Gift","Runic Pyramid"],"card_choices":[{"not_picked":["Slice","Prepared"],"picked":"Skewer"},{"not_picked":["Skewer","Underhanded Strike"],"picked":"Blur"},{"not_picked":["Underhanded Strike","Acrobatics"],"picked":"Well Laid Plans"},{"not_picked":["Finisher","Acrobatics"],"picked":"Malaise"},{"not_picked":["Endless Agony","Cloak And Dagger"],"picked":"PiercingWail"},{"not_picked":["Unload","Tools of the Trade"],"picked":"Die Die Die"},{"not_picked":["Dagger Spray","Underhanded Strike"],"picked":"Noxious Fumes"},{"not_picked":["Concentrate","Well Laid Plans"],"picked":"Backstab"},{"not_picked":["Footwork","Deadly Poison"],"picked":"Dodge and Roll"},{"not_picked":["Quick Slash","Cloak And Dagger"],"picked":"Escape Plan"},{"not_picked":["PiercingWail","Predator"],"picked":"Leg Sweep"},{"not_picked":["Die Die Die","Night Terror"],"picked":"Adrenaline"},{"not_picked":["Malaise","Sucker Punch"],"picked":"Escape Plan"},{"not_picked":["Sucker Punch","Concentrate"],"picked":"Blur"}],"player_experience":594274,"potions_floor_usage":[16,16,16,24,33,40,40],"damage_taken":[{"damage":2.0,"enemies":"Cultist","floor":1.0,"turns":4.0},{"damage":3.0,"enemies":"Jaw Worm","floor":3.0,"turns":6.0},{"damage":0.0,"enemies":"2 Louse","floor":4.0,"turns":3.0},{"damage":27.0,"enemies":"Exordium Thugs","floor":5.0,"turns":9.0},{"damage":13.0,"enemies":"Exordium Wildlife","floor":7.0,"turns":8.0},{"damage":0.0,"enemies":"2 Fungi Beasts","floor":8.0,"turns":6.0},{"damage":0,"enemies":"Large Slime","floor":12,"turns":8},{"damage":0,"enemies":"Red Slaver","floor":13,"turns":7},{"damage":37,"enemies":"Slime Boss","floor":16,"turns":11},{"damage":22,"enemies":"2 Thieves","floor":18,"turns":4},{"damage":7,"enemies":"Chosen","floor":19,"turns":6},{"damage":44,"enemies":"Snecko","floor":21,"turns":7},{"damage":9,"enemies":"Book of Stabbing","floor":24,"turns":10},{"damage":2,"enemies":"Centurion and Healer","floor":27,"turns":8},{"damage":5,"enemies":"Snake Plant","floor":30,"turns":5},{"damage":43,"enemies":"Automaton","floor":33,"turns":17},{"damage":18,"enemies":"3 Shapes","floor":35,"turns":6},{"damage":6,"enemies":"3 Darklings","floor":36,"turns":5},{"damage":5,"enemies":"4 Shapes","floor":38,"turns":6},{"damage":100,"enemies":"Giant Head","floor":40,"turns":11}],"event_choices":[{"event_name":"Scrap Ooze","player_choice":"success","floor":10,"damage_taken":7},{"event_name":"Living Wall","player_choice":"Grow","floor":14,"damage_taken":0},{"event_name":"The Library","player_choice":"Heal","floor":20,"damage_taken":0},{"event_name":"The Mausoleum","player_choice":"Yes","floor":28,"damage_taken":0},{"event_name":"N\u0027loth","player_choice":"Traded a War Paint","floor":31,"damage_taken":0},{"event_name":"The Moai Head","player_choice":"Heal","floor":37,"damage_taken":0}],"boss_relics":[{"not_picked":["Runic Dome","Tiny House"],"picked":"Orrery"},{"not_picked":["Velvet Choker","Pandora\u0027s Box"],"picked":"Runic Pyramid"}],"potions_floor_spawned":[1,5,7,12,21,27,30,35],"seed_played":"-6138614871253990126","killed_by":"Giant Head","ascension_level":13,"is_trial":false}