{"path_per_floor":["M","?","M","?","M","R","?","R","T","?","$","M","?","M","R","B",null,"M","$","M","M","M","R","M","R","T","M","?","?","M","M","R","B",null,"M","$","?","?","M","R","M","M","T","$","R","M","?","M","R","B"],"character_chosen":"THE_SILENT","items_purchased":["Noxious Fumes","Blur","Bottled Tornado","Energy Potion"],"gold_per_floor":[117,117,133,133,147,147,147,147,200,200,47,67,94,104,104,181,211,227,50,60,71,90,90,102,102,128,145,145,145,155,173,173,248,248,262,22,22,0,20,20,31,43,66,17,17,32,32,44,44,44],"floor_reached":51,"campfire_rested":5,"playtime":4815,"current_hp_per_floor":[59,52,52,52,52,52,52,52,52,52,52,52,46,32,50,38,71,59,59,58,52,23,46,46,69,69,65,65,65,71,63,63,50,76,52,52,69,69,63,63,62,58,58,58,85,49,49,49,76,13],"items_purged":["Defend_G","Pain"],"gold":44,"score":844,"play_id":"ddbcd958-dead-4742-a758-629238ce7083","local_time":"20180307184602","is_prod":false,"is_daily":false,"is_ascension_mode":true,"campfire_upgraded":4,"timestamp":1520466362,"path_taken":["M","?","?","?","M","R","?","R","T","?","$","?","?","M","R","BOSS","M","$","M","M","?","R","M","R","T","M","?","?","M","M","R","BOSS","M","$","?","?","M","R","M","M","T","$","R","M","?","?","R","BOSS"],"build_version":"2018-03-01-PROD1","purchased_purges":3,"victory":true,"master_deck":["Defend_G","Defend_G","Defend_G","Defend_G","Strike_G","Strike_G","Strike_G","Survivor+1","Neutralize+1","Well Laid Plans+1","Tactician","Noxious Fumes+1","Leg Sweep","Corpse Explosion","Dodge and Roll+1","Blur","Dodge and Roll","Malaise","Poisoned Stab","Writhe","Deadly Poison","Writhe","Catalyst+1","PiercingWail"],"max_hp_per_floor":[66,63,63,63,63,63,63,63,63,63,63,63,63,63,63,63,77,77,77,77,77,77,77,77,77,77,79,79,79,81,83,83,85,85,87,87,87,87,87,87,89,91,91,91,91,93,93,93,93,93],"relics":["Ring of the Snake","Bag of Preparation","Omamori","Paper Crane","Odd Mushroom","Calling Bell","Mango","Ancient Tea Set","Tiny Chest","Singing Bowl","Frozen Egg 2","The Specimen","Bottled Tornado","Red Mask","Happy Flower"],"card_choices":[{"not_picked":["Dagger Spray","Eviscerate"],"picked":"Well Laid Plans"},{"not_picked":["Dagger Throw","Prepared"],"picked":"Leg Sweep"},{"not_picked":["Bullet Time","Storm of Steel"],"picked":"Corpse Explosion"},{"not_picked":["Deadly Poison","Dash"],"picked":"Dodge and Roll"},{"not_picked":["Distraction","Deadly Poison"],"picked":"Dodge and Roll"},{"not_picked":["Cloak And Dagger","Quick Slash"],"picked":"Malaise"},{"not_picked":["Outmaneuver","Dodge and Roll"],"picked":"Poisoned Stab"},{"not_picked":["Well Laid Plans","Acrobatics"],"picked":"Catalyst"},{"not_picked":["Cloak And Dagger","Caltrops"],"picked":"PiercingWail"}],"player_experience":635561,"potions_floor_usage":[50,50,50],"damage_taken":[{"damage":0.0,"enemies":"Small Slimes","floor":1.0,"turns":4.0},{"damage":0.0,"enemies":"2 Louse","floor":3.0,"turns":5.0},{"damage":0.0,"enemies":"Cultist","floor":5.0,"turns":4.0},{"damage":0.0,"enemies":"Large Slime","floor":12.0,"turns":6.0},{"damage":6.0,"enemies":"The Mushroom Lair","floor":13.0,"turns":5.0},{"damage":14.0,"enemies":"Gremlin Gang","floor":14.0,"turns":5.0},{"damage":12.0,"enemies":"Slime Boss","floor":16.0,"turns":16.0},{"damage":12.0,"enemies":"Chosen","floor":18.0,"turns":10.0},{"damage":1.0,"enemies":"3 Byrds","floor":20.0,"turns":7.0},{"damage":6.0,"enemies":"Snake Plant","floor":21.0,"turns":11.0},{"damage":29.0,"enemies":"Cultist and Chosen","floor":22.0,"turns":12.0},{"damage":0.0,"enemies":"Sentry and Sphere","floor":24.0,"turns":7.0},{"damage":6.0,"enemies":"Snecko","floor":27.0,"turns":9.0},{"damage":8.0,"enemies":"Centurion and Healer","floor":30.0,"turns":10.0},{"damage":22.0,"enemies":"Slaver and Parasite","floor":31.0,"turns":10.0},{"damage":15.0,"enemies":"Champ","floor":33.0,"turns":21.0},{"damage":26.0,"enemies":"Orb Walker","floor":35.0,"turns":8.0},{"damage":6.0,"enemies":"3 Shapes","floor":39.0,"turns":7.0},{"damage":3.0,"enemies":"Maw","floor":41.0,"turns":9.0},{"damage":18.0,"enemies":"Sphere and 2 Shapes","floor":42.0,"turns":5.0},{"damage":38,"enemies":"4 Shapes","floor":46,"turns":7},{"damage":0,"enemies":"Maw","floor":48,"turns":8},{"damage":63,"enemies":"Awakened One","floor":50,"turns":24}],"event_choices":[{"event_name":"Golden Wing","player_choice":"Card Removal","floor":2.0,"damage_taken":0.0},{"event_name":"Accursed Blacksmith","player_choice":"Rummage","floor":4.0,"damage_taken":0.0},{"event_name":"Transmorgrifier","player_choice":"Transform","floor":7.0,"damage_taken":0.0},{"event_name":"Dead Adventurer","player_choice":"Searched \u00271\u0027 times","floor":10.0,"damage_taken":0.0},{"event_name":"Mushrooms","player_choice":"Fought Mushrooms","floor":13.0,"damage_taken":0.0},{"event_name":"The Mausoleum","player_choice":"Yes","floor":28.0,"damage_taken":0.0},{"event_name":"The Library","player_choice":"Read","floor":29.0,"damage_taken":0.0},{"event_name":"Winding Halls","player_choice":"Writhe","floor":37.0,"damage_taken":0.0},{"event_name":"Tomb of Lord Red Mask","player_choice":"Paid","floor":38.0,"damage_taken":0.0}],"boss_relics":[],"potions_floor_spawned":[3,5,14,20,22,24,27,31,33,41,46,48],"seed_played":"9138629682129658211","ascension_level":15,"is_trial":false}