{"path_per_floor":["M","M","?","?","$","R","M","R","T","M","M","?","$","?","R","B",null,"M","$","?","?","?","R","M","M","T","R","M","R","?","$","R"],"character_chosen":"THE_SILENT","items_purchased":["Noxious Fumes","Bane","Dexterity Potion","Fire Potion"],"gold_per_floor":[112,124,124,124,0,0,12,12,12,24,34,34,34,34,34,137,137,124,49,49,49,49,49,64,83,83,83,98,98,98,0,0,0],"floor_reached":33,"campfire_rested":4,"playtime":1072,"current_hp_per_floor":[70,70,70,67,67,67,65,65,65,62,48,41,41,27,48,30,70,51,51,51,51,51,51,47,23,23,44,16,37,24,24,46,0],"items_purged":["Storm of Steel"],"gold":0,"score":233,"play_id":"953c2344-500e-4b6d-9c59-71471717f5f3","local_time":"20180324143819","is_prod":false,"is_daily":false,"is_ascension_mode":false,"campfire_upgraded":3,"timestamp":1521916699,"path_taken":["M","M","?","?","$","R","M","R","T","M","M","?","$","?","R","BOSS","M","$","?","?","?","R","M","M","T","R","M","R","?","$","R","BOSS"],"build_version":"2018-03-22v2","purchased_purges":1,"victory":false,"master_deck":["Defend_G","Defend_G","Defend_G","Defend_G","Defend_G","Strike_G","Strike_G+1","Survivor+1","Neutralize+1","Noxious Fumes+1","Bane+1","Catalyst+1","Burst","Burst+1","Finisher+1","Bane","Catalyst","Dodge and Roll+1","Catalyst"],"max_hp_per_floor":[70,70,70,70,70,70,70,70,70,70,70,70,70,70,70,70,70,70,70,70,70,70,70,70,70,70,70,70,70,75,75,75,75],"relics":["Ring of the Snake","Juzu Bracelet","Snake Skull","Ginger","Nloth\u0027s Gift","Anchor"],"card_choices":[{"not_picked":["Malaise","Outmaneuver"],"picked":"Catalyst","floor":11},{"not_picked":["Unload","Tactician"],"picked":"Burst","floor":16},{"not_picked":["Slice","Choke"],"picked":"Bane","floor":18},{"not_picked":["Glass Knife","Terror"],"picked":"Catalyst","floor":24},{"not_picked":["Deflect","Calculated Gamble"],"picked":"Dodge and Roll","floor":25},{"not_picked":["Outmaneuver","Deadly Poison"],"picked":"Catalyst","floor":28}],"player_experience":746341,"potions_floor_usage":[18,28,28,28,33,33],"damage_taken":[{"damage":0,"enemies":"2 Louse","floor":1,"turns":3},{"damage":0,"enemies":"Jaw Worm","floor":2,"turns":3},{"damage":2,"enemies":"Small Slimes","floor":7,"turns":4},{"damage":3,"enemies":"3 Louse","floor":10,"turns":3},{"damage":14,"enemies":"2 Fungi Beasts","floor":11,"turns":3},{"damage":18,"enemies":"Hexaghost","floor":16,"turns":9},{"damage":19,"enemies":"2 Thieves","floor":18,"turns":4},{"damage":4,"enemies":"Shell Parasite","floor":24,"turns":6},{"damage":24,"enemies":"Centurion and Healer","floor":25,"turns":7},{"damage":28,"enemies":"3 Cultists","floor":28,"turns":6},{"damage":53,"enemies":"Automaton","floor":33,"turns":6}],"event_choices":[{"event_name":"Big Fish","player_choice":"Box","floor":3,"damage_taken":0},{"event_name":"Scrap Ooze","player_choice":"success","floor":4,"damage_taken":3},{"event_name":"Golden Wing","player_choice":"Card Removal","floor":12,"damage_taken":0},{"event_name":"Shining Light","player_choice":"Entered Light","floor":14,"damage_taken":0},{"event_name":"N\u0027loth","player_choice":"Traded a Astrolabe","floor":20,"damage_taken":0},{"event_name":"Cursed Tome","player_choice":"Ignored","floor":21,"damage_taken":0},{"event_name":"Addict","player_choice":"Ignored","floor":22,"damage_taken":0},{"event_name":"Forgotten Altar","player_choice":"Shed Blood","floor":30,"damage_taken":0}],"boss_relics":[{"not_picked":["Philosopher\u0027s Stone","Snecko Eye"],"picked":"Astrolabe"}],"potions_floor_spawned":[7,18,24,25],"seed_played":"-5591169157019742469","killed_by":"Automaton","ascension_level":0,"is_trial":false}