{"path_per_floor":["M","M","?","M","?","M","$","M","T","M","M","$","R","?","R","B",null,"M","M","$","?","?","R","$","?","T","M","M","$","M","M","R","B",null,"M","?","$","M","M","R","?","M","T","M","R","$","T","M","R","B"],"character_chosen":"THE_SILENT","items_purchased":["Footwork","Ancient Tea Set","Footwork","Deadly Poison","Dodge and Roll","Deadly Poison","Noxious Fumes","Malaise","Footwork","Blur","Weak Potion"],"gold_per_floor":[359,370,370,386,386,399,94,113,113,133,147,25,25,54,54,182,182,202,221,51,301,301,301,69,69,69,94,109,39,55,76,76,205,205,219,219,219,233,248,248,248,269,269,285,285,14,14,37,37,37],"floor_reached":51,"campfire_rested":3,"playtime":2848,"current_hp_per_floor":[34,34,27,27,27,23,23,22,22,20,18,18,39,31,52,52,70,70,60,60,60,60,60,60,60,74,63,60,60,57,50,50,50,84,84,84,84,77,59,59,80,67,67,65,65,65,65,58,83,83],"items_purged":["Injury","Finisher","Regret","Writhe"],"gold":37,"score":843,"play_id":"6e838add-b700-4351-9467-54a4b8083951","local_time":"20180324152645","is_prod":false,"is_daily":false,"is_ascension_mode":false,"campfire_upgraded":4,"timestamp":1521919605,"path_taken":["M","M","?","M","?","M","$","M","T","M","M","$","R","?","R","BOSS","M","M","$","?","?","R","$","?","T","M","?","$","M","M","R","BOSS","M","?","$","M","?","R","?","M","T","M","R","$","?","M","R","BOSS"],"build_version":"2018-03-22v2","purchased_purges":5,"victory":true,"master_deck":["Defend_G","Defend_G","Defend_G","Defend_G","Defend_G","Survivor","Neutralize","Backflip","Bane","Footwork","Bouncing Flask","Blur","Deadly Poison","Poisoned Stab","Burst+1","Dodge and Roll+1","Glass Knife+1","Deadly Poison","Dodge and Roll","Deadly Poison","Bane","Noxious Fumes+1","Malaise+1","Dodge and Roll","Footwork+1","PiercingWail","Adrenaline","Malaise","Escape Plan","Catalyst+1","Blur"],"max_hp_per_floor":[70,70,70,70,70,70,70,70,70,70,70,70,70,70,70,70,70,70,70,70,70,70,70,70,70,84,84,84,84,84,84,84,84,84,84,84,84,84,84,84,84,84,84,84,84,84,84,84,84,84],"relics":["Ring of the Snake","Golden Idol","Ancient Tea Set","Centennial Puzzle","Odd Mushroom","Astrolabe","Mango","Runic Dome","Bag of Marbles","Calipers"],"card_choices":[{"not_picked":["Dagger Spray","Masterful Stab"],"picked":"Backflip","floor":1},{"not_picked":["Corpse Explosion","Eviscerate"],"picked":"Bane","floor":2},{"not_picked":["Poisoned Stab","Bane"],"picked":"Bouncing Flask","floor":8},{"not_picked":["Accuracy","Wraith Form"],"picked":"Blur","floor":11},{"not_picked":["Dagger Spray","Choke"],"picked":"Poisoned Stab","floor":14},{"not_picked":["Grand Finale","Doppelganger"],"picked":"Burst","floor":16},{"not_picked":["Reflex","Deflect"],"picked":"Deadly Poison","floor":18},{"not_picked":["Infinite Blades","Slice"],"picked":"Dodge and Roll","floor":27},{"not_picked":["Terror","Backstab"],"picked":"PiercingWail","floor":30},{"not_picked":["Glass Knife","Bullet Time"],"picked":"Adrenaline","floor":33},{"not_picked":["Backstab","Footwork"],"picked":"Malaise","floor":35},{"not_picked":["Cloak And Dagger","Caltrops"],"picked":"Escape Plan","floor":42},{"not_picked":["Well Laid Plans","Burst"],"picked":"Catalyst","floor":44}],"player_experience":747413,"potions_floor_usage":[33,33,44,50,50,50],"damage_taken":[{"damage":1,"enemies":"Jaw Worm","floor":1,"turns":7},{"damage":0,"enemies":"2 Louse","floor":2,"turns":3},{"damage":0,"enemies":"Small Slimes","floor":4,"turns":3},{"damage":4,"enemies":"3 Louse","floor":6,"turns":6},{"damage":1,"enemies":"Red Slaver","floor":8,"turns":5},{"damage":2,"enemies":"Blue Slaver","floor":10,"turns":4},{"damage":2,"enemies":"Exordium Wildlife","floor":11,"turns":6},{"damage":8,"enemies":"The Mushroom Lair","floor":14,"turns":5},{"damage":0,"enemies":"The Guardian","floor":16,"turns":10},{"damage":0,"enemies":"Chosen","floor":18,"turns":4},{"damage":10,"enemies":"Spheric Guardian","floor":19,"turns":8},{"damage":11,"enemies":"Snake Plant","floor":27,"turns":5},{"damage":3,"enemies":"Sentry and Sphere","floor":28,"turns":7},{"damage":3,"enemies":"Snecko","floor":30,"turns":7},{"damage":7,"enemies":"Snake Plant","floor":31,"turns":6},{"damage":0,"enemies":"Champ","floor":33,"turns":18},{"damage":0,"enemies":"3 Shapes","floor":35,"turns":6},{"damage":7,"enemies":"Orb Walker","floor":38,"turns":5},{"damage":18,"enemies":"Maw","floor":39,"turns":10},{"damage":13,"enemies":"Sphere and 2 Shapes","floor":42,"turns":6},{"damage":2,"enemies":"4 Shapes","floor":44,"turns":7},{"damage":7,"enemies":"3 Darklings","floor":48,"turns":5},{"damage":0,"enemies":"Awakened One","floor":50,"turns":19}],"event_choices":[{"event_name":"Golden Wing","player_choice":"Card Removal","floor":3,"damage_taken":0},{"event_name":"Golden Idol","player_choice":"Take Wound","floor":5,"damage_taken":0},{"event_name":"Mushrooms","player_choice":"Fought Mushrooms","floor":14,"damage_taken":0},{"event_name":"Golden Shrine","player_choice":"Desecrate","floor":21,"damage_taken":0},{"event_name":"The Library","player_choice":"Read","floor":22,"damage_taken":0},{"event_name":"Back to Basics","player_choice":"Elegance","floor":25,"damage_taken":0},{"event_name":"Winding Halls","player_choice":"Writhe","floor":41,"damage_taken":0}],"boss_relics":[{"not_picked":["Lizard Tail","Tiny House"],"picked":"Astrolabe"},{"not_picked":["Runic Pyramid","Snecko Eye"],"picked":"Runic Dome"}],"potions_floor_spawned":[8,10,11,14,18,28,30,31,33,39,48],"seed_played":"3393616634712406901","ascension_level":0,"is_trial":false}