{"path_per_floor":["M","?","M","?","M","R","M","M","T","$","M","M","R","M","R","B",null,"M","M","M","?","$","R","M","M","T","M","?","R","M"],"character_chosen":"THE_SILENT","items_purchased":["Bane","Well Laid Plans","Noxious Fumes","Bottled Tornado"],"gold_per_floor":[109,109,126,126,142,142,166,190,236,110,123,141,141,165,165,289,289,304,327,342,342,23,23,36,50,130,151,151,151,166,166],"floor_reached":31,"campfire_rested":3,"playtime":2032,"current_hp_per_floor":[70,70,69,52,52,52,48,43,43,43,35,35,56,56,56,37,70,59,56,22,22,22,43,24,14,14,1,1,22,14,0],"items_purged":[],"gold":166,"score":235,"play_id":"1cbdf951-2ea0-4548-a93a-303f0d4da263","local_time":"20180324220810","is_prod":false,"is_daily":false,"is_ascension_mode":false,"campfire_upgraded":2,"timestamp":1521943690,"path_taken":["M","?","M","?","M","R","M","M","T","$","?","M","R","M","R","BOSS","M","?","M","?","$","R","M","M","T","?","?","R","?","M"],"build_version":"2018-03-22v2","purchased_purges":1,"victory":false,"master_deck":["Defend_G","Defend_G","Defend_G","Defend_G","Defend_G","Strike_G","Strike_G","Strike_G","Strike_G","Strike_G","Survivor","Neutralize","Skewer+1","Deadly Poison+1","Dodge and Roll","PiercingWail","Bane","Well Laid Plans","Die Die Die","Deadly Poison","Deadly Poison","Noxious Fumes","Backflip+1","Footwork"],"max_hp_per_floor":[70,70,70,70,70,70,70,70,70,70,70,70,70,70,70,70,70,70,70,70,70,70,70,70,70,70,70,70,70,70,70],"relics":["Ring of the Snake","Golden Idol","Prayer Wheel","Orrery","Bottled Tornado","Darkstone Periapt"],"card_choices":[{"not_picked":["Backflip","Slice"],"picked":"Skewer","floor":1.0},{"not_picked":["Backflip","Expertise"],"picked":"Deadly Poison","floor":3.0},{"not_picked":["Slice","Sucker Punch"],"picked":"Dodge and Roll","floor":5.0},{"not_picked":["Dagger Spray","Grand Finale"],"picked":"PiercingWail","floor":8},{"not_picked":["After Image","Storm of Steel"],"picked":"Die Die Die","floor":16},{"not_picked":["Dash","Prepared"],"picked":"Deadly Poison","floor":17},{"not_picked":["Riddle With Holes","Dagger Spray"],"picked":"Deadly Poison","floor":18},{"not_picked":["Dagger Throw","Quick Slash"],"picked":"Backflip","floor":26},{"not_picked":["Cloak And Dagger","Prepared"],"picked":"Footwork","floor":27}],"player_experience":750261,"potions_floor_usage":[12,16,16,20,25,27],"damage_taken":[{"damage":0.0,"enemies":"2 Louse","floor":1.0,"turns":3.0},{"damage":1.0,"enemies":"Cultist","floor":3.0,"turns":3.0},{"damage":0.0,"enemies":"Small Slimes","floor":5.0,"turns":3.0},{"damage":4.0,"enemies":"Looter","floor":7.0,"turns":3.0},{"damage":5,"enemies":"Large Slime","floor":8,"turns":6},{"damage":8,"enemies":"Exordium Thugs","floor":11,"turns":5},{"damage":0,"enemies":"Gremlin Gang","floor":12,"turns":3},{"damage":0,"enemies":"3 Louse","floor":14,"turns":3},{"damage":19,"enemies":"Hexaghost","floor":16,"turns":9},{"damage":11,"enemies":"3 Byrds","floor":18,"turns":7},{"damage":3,"enemies":"Spheric Guardian","floor":19,"turns":5},{"damage":34,"enemies":"Cultist and Chosen","floor":20,"turns":10},{"damage":19,"enemies":"Centurion and Healer","floor":24,"turns":8},{"damage":10,"enemies":"Snake Plant","floor":25,"turns":4},{"damage":13,"enemies":"Sentry and Sphere","floor":27,"turns":6},{"damage":8,"enemies":"Snecko","floor":30,"turns":4},{"damage":19,"enemies":"Slaver and Parasite","floor":31,"turns":2}],"event_choices":[{"event_name":"Match and Keep!","player_choice":"0 cards matched","floor":2.0,"damage_taken":0.0},{"event_name":"Golden Idol","player_choice":"Take Damage","floor":4.0,"damage_taken":0.0},{"event_name":"Cursed Tome","player_choice":"Ignored","floor":21,"damage_taken":0},{"event_name":"Vampires","player_choice":"Ignored","floor":28,"damage_taken":0}],"boss_relics":[{"not_picked":["Question Card","Astrolabe"],"picked":"Orrery"}],"potions_floor_spawned":[3,5,7,11,12,20,25],"seed_played":"7241742482438974937","killed_by":"Slaver and Parasite","ascension_level":0,"is_trial":false}