{"path_per_floor":["M","?","$","?","$","R","?","M","T","R","M","R","?","M","R","B",null,"M","$","?","M","M","R","M","R","T","?","M","$","R","M","R","B",null,"M","M","?","$","M","R","M","R","T","M","M","$","?","?","R","B"],"character_chosen":"THE_SILENT","items_purchased":["Noxious Fumes","Bouncing Flask","Deadly Poison","Lantern","Oddly Smooth Stone","Leg Sweep","Catalyst"],"gold_per_floor":[364,364,286,286,129,129,129,149,199,199,209,209,239,254,254,351,351,366,0,0,15,31,31,49,49,76,76,94,94,94,114,114,211,211,224,240,240,100,117,117,127,127,150,170,182,57,57,0,0,0],"floor_reached":51,"campfire_rested":3,"playtime":2137,"current_hp_per_floor":[55,48,48,48,48,48,35,35,35,35,35,35,35,35,53,53,63,61,61,61,45,38,56,55,55,55,55,55,55,55,55,55,55,63,59,59,59,59,53,53,37,55,55,55,55,55,55,55,55,49],"items_purged":["Strike_G","Strike_G","Strike_G"],"gold":0,"score":762,"play_id":"fcad6a9c-f631-4ca4-bf15-c6776380c8c0","local_time":"20180320011314","is_prod":false,"is_daily":false,"is_ascension_mode":false,"campfire_upgraded":8,"timestamp":1521522794,"path_taken":["M","?","$","?","$","R","?","M","T","R","M","R","?","M","R","BOSS","M","$","?","M","?","R","M","R","T","?","M","?","R","?","R","BOSS","M","M","?","$","?","R","M","R","T","M","M","$","?","?","R","BOSS"],"build_version":"2018-03-15v3","purchased_purges":3,"victory":true,"master_deck":["Defend_G+1","Defend_G+1","Defend_G","Defend_G","Defend_G+1","Survivor+1","Neutralize+1","Catalyst+1","Noxious Fumes+1","Bouncing Flask+1","Deadly Poison","PiercingWail+1","Leg Sweep+1","Catalyst+1","Blur","Footwork+1","Burst+1","Well Laid Plans+1","Catalyst+1"],"max_hp_per_floor":[63,63,63,63,63,63,63,63,63,63,63,63,63,63,63,63,63,63,63,63,63,63,63,63,63,63,63,63,63,63,63,63,63,63,63,63,63,63,63,63,63,63,63,63,63,63,63,63,63,63],"relics":["Ring of the Snake","Ancient Tea Set","War Paint","Velvet Choker","Lantern","Oddly Smooth Stone","Bag of Preparation","Sozu","Bronze Scales","Red Mask"],"card_choices":[{"not_picked":["Prepared","Finisher"],"picked":"Catalyst"},{"not_picked":["Underhanded Strike","Dodge and Roll"],"picked":"PiercingWail"},{"not_picked":["Bane","Prepared"],"picked":"Catalyst"},{"not_picked":["Dodge and Roll","Prepared"],"picked":"Blur"},{"not_picked":["Dagger Spray","PiercingWail"],"picked":"Footwork"},{"not_picked":["Wraith Form","Phantasmal Killer"],"picked":"Burst"},{"not_picked":["Bouncing Flask","Flying Knee"],"picked":"Well Laid Plans"}],"player_experience":705081,"potions_floor_usage":[41,50],"damage_taken":[{"damage":8.0,"enemies":"Jaw Worm","floor":1.0,"turns":10.0},{"damage":0.0,"enemies":"Small Slimes","floor":8.0,"turns":3.0},{"damage":0.0,"enemies":"2 Louse","floor":11.0,"turns":2.0},{"damage":0.0,"enemies":"Exordium Thugs","floor":14.0,"turns":3.0},{"damage":0.0,"enemies":"Hexaghost","floor":16.0,"turns":5.0},{"damage":2.0,"enemies":"Spheric Guardian","floor":18.0,"turns":4.0},{"damage":16.0,"enemies":"Chosen","floor":21.0,"turns":5.0},{"damage":7.0,"enemies":"Slaver and Parasite","floor":22.0,"turns":5.0},{"damage":1.0,"enemies":"Chosen and Byrds","floor":24.0,"turns":4.0},{"damage":0.0,"enemies":"Snake Plant","floor":28.0,"turns":2.0},{"damage":0.0,"enemies":"Centurion and Healer","floor":31.0,"turns":6.0},{"damage":0.0,"enemies":"Champ","floor":33.0,"turns":8.0},{"damage":4.0,"enemies":"3 Darklings","floor":35.0,"turns":6.0},{"damage":0.0,"enemies":"3 Shapes","floor":36.0,"turns":4.0},{"damage":6.0,"enemies":"3 Darklings","floor":39.0,"turns":10.0},{"damage":16,"enemies":"4 Shapes","floor":41,"turns":9},{"damage":0,"enemies":"Sphere and 2 Shapes","floor":44,"turns":4},{"damage":0,"enemies":"Maw","floor":45,"turns":2},{"damage":19,"enemies":"Awakened One","floor":50,"turns":10}],"event_choices":[{"event_name":"Golden Wing","player_choice":"Card Removal","floor":2.0,"damage_taken":0.0},{"event_name":"Living Wall","player_choice":"Grow","floor":4.0,"damage_taken":0.0},{"event_name":"Shining Light","player_choice":"Entered Light","floor":7.0,"damage_taken":0.0},{"event_name":"Dead Adventurer","player_choice":"Searched \u00272\u0027 times","floor":13.0,"damage_taken":0.0},{"event_name":"Dead Adventurer","player_choice":"Searched \u00272\u0027 times","floor":13.0,"damage_taken":0.0},{"event_name":"Cursed Tome","player_choice":"Ignored","floor":20.0,"damage_taken":0.0},{"event_name":"Addict","player_choice":"Ignored","floor":27.0,"damage_taken":0.0},{"event_name":"Upgrade Shrine","player_choice":"Upgraded","floor":47,"damage_taken":0},{"event_name":"Tomb of Lord Red Mask","player_choice":"Paid","floor":48,"damage_taken":0}],"boss_relics":[],"potions_floor_spawned":[11,14,16,22,28,39,41,44,45],"seed_played":"-3037050844408227717","ascension_level":0,"is_trial":false}