{"path_per_floor":["M","M","M","M","?","E","R","$","T","M","M","M","?","M","R","B",null,"M","$","?","M","M","E","R","M","T","M","$","?","M","E","R","B",null,"M","$","M","?","M","R","M","R","T","M","M","?","M","M","R","B"],"character_chosen":"THE_SILENT","items_purchased":["Dash","Happy Flower","PiercingWail","Noxious Fumes","Catalyst","Bane","Die Die Die","Noxious Fumes","Malaise"],"gold_per_floor":[112,122,136,150,225,250,250,2,29,45,60,80,80,93,93,193,193,207,13,13,27,45,76,76,90,90,101,19,19,37,66,66,169,169,188,48,66,66,77,77,93,93,116,131,141,0,16,29,29,29],"floor_reached":51,"campfire_rested":5,"playtime":3770,"current_hp_per_floor":[69,67,67,67,56,31,52,52,52,53,55,57,57,59,59,48,70,62,62,62,63,36,38,59,51,51,51,51,51,51,46,67,37,70,59,59,61,70,55,55,28,49,49,38,40,40,42,43,64,21],"items_purged":[],"gold":29,"score":699,"play_id":"0a6c463f-9d7a-4e57-9a0b-29e9f2affee5","local_time":"20180316025025","is_prod":false,"is_daily":false,"is_ascension_mode":false,"campfire_upgraded":2,"timestamp":1521183025,"path_taken":["M","M","M","M","?","E","R","$","T","M","M","M","?","M","R","BOSS","M","$","?","M","M","E","R","M","T","M","$","?","M","E","R","BOSS","M","$","M","?","M","R","M","R","T","M","M","?","?","M","R","BOSS"],"build_version":"2018-03-15","purchased_purges":0,"victory":true,"master_deck":["Defend_G+1","Defend_G+1","Defend_G+1","Defend_G+1","Defend_G+1","Strike_G+1","Strike_G+1","Strike_G+1","Strike_G+1","Strike_G+1","Survivor","Neutralize","Underhanded Strike","Deflect","Backstab","Glass Knife+1","Underhanded Strike","Dash","PiercingWail","Dagger Throw","Leg Sweep+1","Die Die Die","PiercingWail+1","Noxious Fumes+1","Catalyst","Bane","Sucker Punch+1","Backflip+1","Dodge and Roll+1","Footwork","Dagger Throw","Die Die Die","Acrobatics+1","All Out Attack+1","Envenom+1","Sucker Punch+1","Noxious Fumes","Malaise","Reflex","Writhe","Backstab","Calculated Gamble+1","Footwork+1","Quick Slash","Footwork+1","Noxious Fumes","Tactician"],"max_hp_per_floor":[70,70,70,70,70,70,70,70,70,70,70,70,70,70,70,70,70,70,70,70,70,70,70,70,70,70,70,70,70,70,70,70,70,70,70,70,70,70,70,70,70,70,70,70,70,70,70,70,70,70],"relics":["Ring of the Snake","Oddly Smooth Stone","Happy Flower","Blood Vial","Runic Pyramid","Pen Nib","Torii","Prayer Wheel","The Specimen","Orichalcum","Red Mask"],"card_choices":[{"not_picked":["Bane","Accuracy"],"picked":"Underhanded Strike"},{"not_picked":["Endless Agony","Deadly Poison"],"picked":"Deflect"},{"not_picked":["Catalyst","Quick Slash"],"picked":"Backstab"},{"not_picked":["Sucker Punch","Finisher"],"picked":"Glass Knife"},{"not_picked":["PiercingWail","Riddle With Holes"],"picked":"Underhanded Strike"},{"not_picked":["Outmaneuver","Underhanded Strike"],"picked":"Dagger Throw"},{"not_picked":["Cloak And Dagger","Catalyst"],"picked":"Leg Sweep"},{"not_picked":["Night Terror","Unload"],"picked":"Die Die Die"},{"not_picked":["Flechettes","Poisoned Stab"],"picked":"PiercingWail"},{"not_picked":["Bouncing Flask","Eviscerate"],"picked":"Sucker Punch"},{"not_picked":["Deflect","Skewer"],"picked":"Backflip"},{"not_picked":["Underhanded Strike","Dagger Throw"],"picked":"Dodge and Roll"},{"not_picked":["Sucker Punch","Bane"],"picked":"Footwork"},{"not_picked":["PiercingWail","Poisoned Stab"],"picked":"Dagger Throw"},{"not_picked":["Underhanded Strike","Bouncing Flask"],"picked":"Acrobatics"},{"not_picked":["Accuracy","Flechettes"],"picked":"All Out Attack"},{"not_picked":["Storm of Steel","Corpse Explosion"],"picked":"Envenom"},{"not_picked":["Backflip","Blade Dance"],"picked":"Sucker Punch"},{"not_picked":["Bane","Deadly Poison"],"picked":"Reflex"},{"not_picked":["Malaise","Heel Hook"],"picked":"Backstab"},{"not_picked":["Underhanded Strike","Crippling Poison"],"picked":"Calculated Gamble"},{"not_picked":["Terror","Escape Plan"],"picked":"Footwork"},{"not_picked":["Sucker Punch","Underhanded Strike"],"picked":"Quick Slash"},{"not_picked":["Leg Sweep","Catalyst"],"picked":"Footwork"},{"not_picked":["Dagger Spray","Slice"],"picked":"Noxious Fumes"},{"not_picked":["Dagger Spray","Blade Dance"],"picked":"Tactician"}],"player_experience":685233,"potions_floor_usage":[6,31,33,33,50,50,50],"damage_taken":[{"damage":1,"enemies":"Small Slimes","floor":1,"turns":4},{"damage":2,"enemies":"Jaw Worm","floor":2,"turns":3},{"damage":0,"enemies":"2 Louse","floor":3,"turns":3},{"damage":0,"enemies":"Looter","floor":4,"turns":4},{"damage":25,"enemies":"Lagavulin","floor":6,"turns":7},{"damage":1,"enemies":"Blue Slaver","floor":10,"turns":3},{"damage":0,"enemies":"Exordium Wildlife","floor":11,"turns":3},{"damage":0,"enemies":"Gremlin Gang","floor":12,"turns":4},{"damage":0,"enemies":"Blue Slaver","floor":14,"turns":2},{"damage":13,"enemies":"Hexaghost","floor":16,"turns":14},{"damage":8,"enemies":"Shell Parasite","floor":18,"turns":7},{"damage":1,"enemies":"Chosen","floor":21,"turns":5},{"damage":29,"enemies":"Centurion and Healer","floor":22,"turns":5},{"damage":0,"enemies":"Gremlin Leader","floor":23,"turns":7},{"damage":10,"enemies":"3 Cultists","floor":25,"turns":6},{"damage":2,"enemies":"Cultist and Chosen","floor":27,"turns":10},{"damage":2,"enemies":"Centurion and Healer","floor":30,"turns":6},{"damage":7,"enemies":"Slavers","floor":31,"turns":5},{"damage":32,"enemies":"Collector","floor":33,"turns":13},{"damage":11,"enemies":"3 Shapes","floor":35,"turns":6},{"damage":0,"enemies":"3 Darklings","floor":37,"turns":5},{"damage":15,"enemies":"Maw","floor":39,"turns":13},{"damage":29,"enemies":"Sphere and 2 Shapes","floor":41,"turns":11},{"damage":13,"enemies":"3 Darklings","floor":44,"turns":5},{"damage":0,"enemies":"Maw","floor":45,"turns":12},{"damage":0,"enemies":"Sphere and 2 Shapes","floor":47,"turns":1},{"damage":1,"enemies":"3 Darklings","floor":48,"turns":6},{"damage":45,"enemies":"Time Eater","floor":50,"turns":18}],"event_choices":[{"event_name":"World of Goop","player_choice":"Gather Gold","floor":5,"damage_taken":0},{"event_name":"Living Wall","player_choice":"Grow","floor":13,"damage_taken":0},{"event_name":"Upgrade Shrine","player_choice":"Upgraded","floor":20,"damage_taken":0},{"event_name":"Back to Basics","player_choice":"Simplicity","floor":29,"damage_taken":0},{"event_name":"Winding Halls","player_choice":"Writhe","floor":38,"damage_taken":0},{"event_name":"Tomb of Lord Red Mask","player_choice":"Paid","floor":46,"damage_taken":0}],"boss_relics":[{"not_picked":["White Beast Statue","Tiny House"],"picked":"Runic Pyramid"},{"not_picked":["Eternal Feather","Runic Dome"],"picked":"The Specimen"}],"potions_floor_spawned":[1,4,6,11,14,18,25,27,31,37,41,44,47,48],"seed_played":"7532427439953219341","ascension_level":0,"is_trial":false}