{"path_per_floor":["M","?","M","$","M","R","M","R","T","M","M","M","?","?","R","B",null,"M","?","M","?","$","R","M","R","T","M","M","T","R","M","R","B",null,"M","?","M","?","M","R","?","$","T","M","M","?","?","M","R","B"],"character_chosen":"THE_SILENT","items_purchased":["Noxious Fumes","Leg Sweep","War Paint","Art of War","Block Potion"],"gold_per_floor":[116,66,86,6,20,20,38,38,113,127,138,150,150,150,150,250,280,296,296,314,314,82,82,96,96,96,108,128,128,128,144,144,247,247,258,258,271,271,290,290,290,10,10,22,39,0,0,17,17,17],"floor_reached":51,"campfire_rested":2,"playtime":19449,"current_hp_per_floor":[70,70,70,70,70,70,68,68,68,65,65,65,51,51,51,27,75,44,44,41,41,41,41,41,63,63,48,38,38,60,57,57,48,75,75,75,75,75,73,73,75,75,75,75,75,75,75,75,75,56],"items_purged":["Writhe"],"gold":17,"score":643,"play_id":"0977cf25-0caf-46a0-ab1e-1f11eb3b0565","local_time":"20180320190947","is_prod":false,"is_daily":false,"is_ascension_mode":false,"campfire_upgraded":7,"timestamp":1521587387,"path_taken":["M","?","M","?","M","R","M","R","T","M","M","M","?","?","R","BOSS","M","?","M","?","$","R","M","R","T","M","M","?","R","M","R","BOSS","M","?","M","?","M","R","?","$","T","M","M","?","?","M","R","BOSS"],"build_version":"2018-03-15v3","purchased_purges":1,"victory":true,"master_deck":["Defend_G","Defend_G","Defend_G","Defend_G","Defend_G+1","Strike_G+1","Strike_G","Strike_G","Survivor+1","Neutralize+1","Poisoned Stab+1","Noxious Fumes+1","Footwork+1","Skewer+1","Catalyst+1","Leg Sweep+1","Dash+1","Malaise+1","PiercingWail+1","Well Laid Plans+1","PiercingWail+1"],"max_hp_per_floor":[70,70,70,70,70,70,70,70,70,70,70,70,70,70,70,70,75,75,75,75,75,75,75,75,75,75,75,75,75,75,75,75,75,75,75,75,75,75,75,75,75,75,75,75,75,75,75,75,75,75],"relics":["Ring of the Snake","Juzu Bracelet","Blue Candle","Kunai","Tiny House","War Paint","Ginger","Thread and Needle","Velvet Choker","Art of War","Bird Faced Urn","Red Mask"],"card_choices":[{"not_picked":["Sucker Punch","Dodge and Roll"],"picked":"Poisoned Stab"},{"not_picked":["Backstab","Acrobatics"],"picked":"Footwork"},{"not_picked":["Endless Agony","Setup"],"picked":"Skewer"},{"not_picked":["Sucker Punch","Acrobatics"],"picked":"Catalyst"},{"not_picked":["Deflect","Unload"],"picked":"Dash"},{"not_picked":["Sucker Punch","Underhanded Strike"],"picked":"Malaise"},{"not_picked":["Bouncing Flask","Dagger Throw"],"picked":"PiercingWail"},{"not_picked":["Backflip","All Out Attack"],"picked":"Well Laid Plans"},{"not_picked":["Poisoned Stab","Terror"],"picked":"PiercingWail"}],"player_experience":707218,"potions_floor_usage":[50],"damage_taken":[{"damage":0.0,"enemies":"Small Slimes","floor":1.0,"turns":4.0},{"damage":0.0,"enemies":"2 Louse","floor":3.0,"turns":3.0},{"damage":0.0,"enemies":"Cultist","floor":5.0,"turns":4.0},{"damage":2.0,"enemies":"2 Fungi Beasts","floor":7.0,"turns":5.0},{"damage":3.0,"enemies":"Large Slime","floor":10.0,"turns":7.0},{"damage":0.0,"enemies":"Red Slaver","floor":11.0,"turns":5.0},{"damage":0.0,"enemies":"Exordium Wildlife","floor":12.0,"turns":5.0},{"damage":24.0,"enemies":"The Guardian","floor":16.0,"turns":12.0},{"damage":31.0,"enemies":"2 Thieves","floor":18.0,"turns":4.0},{"damage":3.0,"enemies":"Shell Parasite","floor":20.0,"turns":5.0},{"damage":0.0,"enemies":"Centurion and Healer","floor":24.0,"turns":7.0},{"damage":30.0,"enemies":"3 Cultists","floor":27.0,"turns":6.0},{"damage":10.0,"enemies":"Snake Plant","floor":28.0,"turns":5.0},{"damage":3.0,"enemies":"Slaver and Parasite","floor":31.0,"turns":8.0},{"damage":9.0,"enemies":"Collector","floor":33.0,"turns":10.0},{"damage":0.0,"enemies":"3 Shapes","floor":35.0,"turns":4.0},{"damage":0.0,"enemies":"Orb Walker","floor":37.0,"turns":6.0},{"damage":2.0,"enemies":"Sphere and 2 Shapes","floor":39.0,"turns":7.0},{"damage":0.0,"enemies":"Maw","floor":44.0,"turns":9.0},{"damage":0,"enemies":"4 Shapes","floor":45,"turns":7},{"damage":0,"enemies":"3 Darklings","floor":48,"turns":7},{"damage":20,"enemies":"Donu and Deca","floor":50,"turns":14}],"event_choices":[{"event_name":"The Cleric","player_choice":"Card Removal","floor":2.0,"damage_taken":0.0},{"event_name":"Shining Light","player_choice":"Entered Light","floor":13.0,"damage_taken":0.0},{"event_name":"Big Fish","player_choice":"Box","floor":14.0,"damage_taken":0.0},{"event_name":"Drug Dealer","player_choice":"Ignored","floor":19.0,"damage_taken":0.0},{"event_name":"Purifier","player_choice":"One Purge","floor":21.0,"damage_taken":0.0},{"event_name":"Mysterious Sphere","player_choice":"Ignore","floor":38.0,"damage_taken":0.0},{"event_name":"Winding Halls","player_choice":"Writhe","floor":41.0,"damage_taken":0.0},{"event_name":"Tomb of Lord Red Mask","player_choice":"Paid","floor":46,"damage_taken":0},{"event_name":"Match and Keep!","player_choice":"0 cards matched","floor":47,"damage_taken":0}],"boss_relics":[],"potions_floor_spawned":[3,5,7,27,31,33,45],"seed_played":"989676306063728573","ascension_level":0,"is_trial":false}