{"path_per_floor":["M","?","$","M","M","R","?","T","T","M","$","M","M","M","R","B",null,"M","$","?","M","M","R","$","M","T","R","M","M","R","M","R","B",null,"M","?","M","M","?","R","?","R","T","$","M","R","M","M","R"],"character_chosen":"THE_SILENT","items_purchased":["Enlightenment","Malaise","Bullet Time","Swift Potion","Dexterity Potion"],"gold_per_floor":[118,293,16,33,44,44,44,44,69,80,0,12,28,48,48,143,143,161,22,22,34,47,47,47,62,62,62,79,91,91,103,103,198,198,213,213,225,241,241,241,241,241,241,39,52,52,64,76,76],"floor_reached":50,"campfire_rested":2,"playtime":3597,"current_hp_per_floor":[70,70,70,70,69,69,62,62,69,68,68,68,66,64,64,63,77,64,64,64,64,50,50,50,39,39,62,60,64,64,64,64,45,77,65,65,61,45,45,45,64,64,64,64,59,59,47,32,55],"items_purged":["Doubt","Writhe"],"gold":76,"score":440,"play_id":"627b8460-1446-48c7-bee8-de5c984349b8","local_time":"20180314235009","is_prod":false,"is_daily":false,"is_ascension_mode":false,"campfire_upgraded":8,"timestamp":1521085809,"path_taken":["M","?","$","M","?","R","?","?","T","M","$","?","M","?","R","BOSS","M","$","?","M","M","R","$","M","T","R","M","M","R","M","R","BOSS","M","?","M","M","?","R","?","R","T","$","M","R","M","?","R","BOSS"],"build_version":"2018-03-09","purchased_purges":4,"victory":false,"master_deck":["Survivor","Enlightenment","Dash+1","Bouncing Flask+1","Malaise+1","Choke+1","Cloak And Dagger","Phantasmal Killer","Footwork","Cloak And Dagger","Poisoned Stab","Dagger Spray","Riddle With Holes+1","Distraction","Predator","Outmaneuver","Bouncing Flask+1","Bullet Time","Riddle With Holes+1","Burst+1","Choke"],"max_hp_per_floor":[70,70,70,70,70,70,70,70,77,77,77,77,77,77,77,77,77,77,77,77,77,77,77,77,77,77,77,77,77,77,77,77,77,77,77,77,77,77,77,77,77,77,77,77,77,77,77,77,77],"relics":["Snecko Eye","Blue Candle","Strawberry","Pandora\u0027s Box","Snake Skull","Philosopher\u0027s Stone","Happy Flower"],"card_choices":[{"not_picked":["Flying Knee","Predator"],"picked":"Dash"},{"not_picked":["Caltrops","Flying Knee"],"picked":"Bouncing Flask"},{"not_picked":["Terror","Cloak And Dagger"],"picked":"Choke"},{"not_picked":["Caltrops","Bane"],"picked":"Cloak And Dagger"},{"not_picked":["Die Die Die","Unload"],"picked":"Phantasmal Killer"},{"not_picked":["Die Die Die","Dagger Throw"],"picked":"Riddle With Holes"},{"not_picked":["Grand Finale","Glass Knife"],"picked":"Burst"},{"not_picked":["Flechettes","Heel Hook"],"picked":"Choke"}],"player_experience":675433,"potions_floor_usage":[14,29,33,38,38,48,50,50],"damage_taken":[{"damage":0,"enemies":"2 Louse","floor":1,"turns":4},{"damage":0,"enemies":"Small Slimes","floor":4,"turns":5},{"damage":1,"enemies":"Cultist","floor":5,"turns":4},{"damage":1,"enemies":"3 Louse","floor":10,"turns":3},{"damage":0,"enemies":"Large Slime","floor":12,"turns":6},{"damage":2,"enemies":"Blue Slaver","floor":13,"turns":3},{"damage":8,"enemies":"Exordium Wildlife","floor":14,"turns":3},{"damage":1,"enemies":"Hexaghost","floor":16,"turns":9},{"damage":13,"enemies":"2 Thieves","floor":18,"turns":4},{"damage":0,"enemies":"3 Byrds","floor":21,"turns":3},{"damage":14,"enemies":"Snake Plant","floor":22,"turns":3},{"damage":11,"enemies":"Slaver and Parasite","floor":25,"turns":4},{"damage":2,"enemies":"Centurion and Healer","floor":28,"turns":3},{"damage":5,"enemies":"Snecko","floor":29,"turns":4},{"damage":0,"enemies":"Chosen and Byrds","floor":31,"turns":2},{"damage":19,"enemies":"Collector","floor":33,"turns":7},{"damage":12,"enemies":"3 Shapes","floor":35,"turns":5},{"damage":4,"enemies":"Orb Walker","floor":37,"turns":2},{"damage":16,"enemies":"3 Darklings","floor":38,"turns":5},{"damage":5,"enemies":"4 Shapes","floor":45,"turns":4},{"damage":12,"enemies":"Maw","floor":47,"turns":5},{"damage":15,"enemies":"Sphere and 2 Shapes","floor":48,"turns":3},{"damage":66,"enemies":"Awakened One","floor":50,"turns":8}],"event_choices":[{"event_name":"Liars Game","player_choice":"agreed","floor":2,"damage_taken":0},{"event_name":"Golden Wing","player_choice":"Card Removal","floor":7,"damage_taken":0},{"event_name":"Beggar","player_choice":"Ignored","floor":20,"damage_taken":0},{"event_name":"Mysterious Sphere","player_choice":"Ignore","floor":39,"damage_taken":0},{"event_name":"Winding Halls","player_choice":"Writhe","floor":41,"damage_taken":0}],"boss_relics":[{"not_picked":["The Specimen","Sozu"],"picked":"Pandora\u0027s Box"},{"not_picked":["Calling Bell","Tiny House"],"picked":"Philosopher\u0027s Stone"}],"potions_floor_spawned":[4,5,14,21,22,25,31,33,35,47],"seed_played":"7887940531849137714","killed_by":"Awakened One","ascension_level":0,"is_trial":false}