{"path_per_floor":["M","M","M","$","?","E","R","M","T","M","$","M","$","?","R","B",null,"M","$","?","?","M","R","T","R","T","R","T","M","$","?","R","B",null,"M","?","M","$","?","R","?","T","T","R","M","M","R","M","R","B"],"character_chosen":"THE_SILENT","items_purchased":["Underhanded Strike","Lantern","Meat on the Bone","Happy Flower","Catalyst"],"gold_per_floor":[111,131,147,98,98,123,123,137,216,227,3,22,22,22,22,118,118,129,29,299,299,314,314,338,338,388,388,411,427,24,24,24,121,121,135,135,147,74,74,74,74,74,97,97,113,125,125,141,141,141],"floor_reached":51,"campfire_rested":5,"playtime":2127,"current_hp_per_floor":[68,67,63,63,63,26,47,42,42,34,34,29,29,22,43,27,70,65,65,33,33,23,44,44,44,44,44,44,40,40,40,61,37,70,70,70,62,62,62,62,62,76,76,76,71,62,62,62,84,69],"items_purged":["Strike_G","Strike_G"],"gold":141,"score":668,"play_id":"bba21bb0-917a-4698-b140-6fa773ea85cf","local_time":"20180319221255","is_prod":false,"is_daily":false,"is_ascension_mode":false,"campfire_upgraded":5,"timestamp":1521511975,"path_taken":["M","M","M","$","?","E","R","M","T","M","$","M","$","?","R","BOSS","M","$","?","?","M","R","?","R","T","R","?","M","$","?","R","BOSS","M","?","M","$","?","R","?","?","T","R","M","M","R","M","R","BOSS"],"build_version":"2018-03-15v3","purchased_purges":3,"victory":true,"master_deck":["Defend_G","Defend_G","Defend_G","Defend_G","Defend_G+1","Survivor","Neutralize","Doppelganger+1","Underhanded Strike","Noxious Fumes+1","Underhanded Strike","Malaise+1","Dagger Throw","Acrobatics","Backflip","After Image","Catalyst+1","Catalyst+1","Reflex","Underhanded Strike","Burst+1","Blur+1","Catalyst+1","Accuracy","Acrobatics+1"],"max_hp_per_floor":[70,70,70,70,70,70,70,70,70,70,70,70,70,70,70,70,70,70,70,70,70,70,70,70,70,70,70,70,70,70,70,70,70,70,70,70,70,70,70,70,70,84,84,84,84,84,84,84,84,84],"relics":["Ring of the Snake","Art of War","Tiny Chest","Lantern","Pen Nib","Runic Pyramid","Bag of Preparation","War Paint","Juzu Bracelet","Meat on the Bone","Happy Flower","The Specimen","Mango","Ancient Tea Set"],"card_choices":[{"not_picked":["Eviscerate","Dagger Throw"],"picked":"Underhanded Strike"},{"not_picked":["Dagger Spray","Poisoned Stab"],"picked":"Noxious Fumes"},{"not_picked":["Dash","Well Laid Plans"],"picked":"Malaise"},{"not_picked":["PiercingWail","Cloak And Dagger"],"picked":"Dagger Throw"},{"not_picked":["Backflip","Flying Knee"],"picked":"Acrobatics"},{"not_picked":["Malaise","PiercingWail"],"picked":"Backflip"},{"not_picked":["Grand Finale","Doppelganger"],"picked":"After Image"},{"not_picked":["All Out Attack","Slice"],"picked":"Catalyst"},{"not_picked":["Deadly Poison","Sucker Punch"],"picked":"Catalyst"},{"not_picked":["Cloak And Dagger","Poisoned Stab"],"picked":"Reflex"},{"not_picked":["Doppelganger","Unload"],"picked":"Burst"},{"not_picked":["Deadly Poison","Outmaneuver"],"picked":"Blur"},{"not_picked":["Quick Slash","Slice"],"picked":"Acrobatics"}],"player_experience":702954,"potions_floor_usage":[29,29,50],"damage_taken":[{"damage":2.0,"enemies":"Small Slimes","floor":1.0,"turns":4.0},{"damage":1.0,"enemies":"Jaw Worm","floor":2.0,"turns":5.0},{"damage":4.0,"enemies":"Cultist","floor":3.0,"turns":5.0},{"damage":37.0,"enemies":"Gremlin Nob","floor":6.0,"turns":6.0},{"damage":5.0,"enemies":"Large Slime","floor":8.0,"turns":6.0},{"damage":8.0,"enemies":"Looter","floor":10.0,"turns":4.0},{"damage":5.0,"enemies":"3 Louse","floor":12.0,"turns":4.0},{"damage":16.0,"enemies":"The Guardian","floor":16.0,"turns":10.0},{"damage":5.0,"enemies":"Shell Parasite","floor":18.0,"turns":6.0},{"damage":10.0,"enemies":"3 Byrds","floor":22.0,"turns":4.0},{"damage":4,"enemies":"Sentry and Sphere","floor":29,"turns":5},{"damage":36,"enemies":"Collector","floor":33,"turns":10},{"damage":0,"enemies":"3 Shapes","floor":35,"turns":5},{"damage":8,"enemies":"Orb Walker","floor":37,"turns":7},{"damage":5,"enemies":"3 Darklings","floor":45,"turns":6},{"damage":9,"enemies":"Maw","floor":46,"turns":4},{"damage":0,"enemies":"4 Shapes","floor":48,"turns":6},{"damage":15,"enemies":"Time Eater","floor":50,"turns":4}],"event_choices":[{"event_name":"Living Wall","player_choice":"Grow","floor":5.0,"damage_taken":0.0},{"event_name":"Scrap Ooze","player_choice":"success","floor":14.0,"damage_taken":7.0},{"event_name":"Knowing Skull","player_choice":"GOLD GOLD GOLD ","floor":20.0,"damage_taken":0.0},{"event_name":"Drug Dealer","player_choice":"Ignored","floor":21.0,"damage_taken":0.0},{"event_name":"Transmorgrifier","player_choice":"Transform","floor":31,"damage_taken":0},{"event_name":"Purifier","player_choice":"One Purge","floor":36,"damage_taken":0},{"event_name":"Transmorgrifier","player_choice":"Transform","floor":39,"damage_taken":0},{"event_name":"The Lab","player_choice":"Got Potions","floor":41,"damage_taken":0}],"boss_relics":[{"not_picked":["Orrery","Sozu"],"picked":"The Specimen"}],"potions_floor_spawned":[2,3,10,12,16,29,33,35,48],"seed_played":"-1468069719664405290","ascension_level":0,"is_trial":false}