{"path_per_floor":["M","M","T","$","M","R","$","R","T","M","M","R","M","M","R","B",null,"M","$","M","M","?","M","R","M","T","R","$","$","?","?","R","B",null,"M","M","?","$","?","R","E","$","T","M","M","M","$","?","R"],"character_chosen":"THE_SILENT","items_purchased":["Noxious Fumes","Dodge and Roll","Dodge and Roll","Bane","Dodge and Roll","Swift Potion","Noxious Fumes","Noxious Fumes"],"gold_per_floor":[109,128,154,0,12,12,12,12,87,100,114,114,126,139,139,211,211,229,54,66,77,77,94,94,109,109,109,86,38,38,38,38,110,110,125,144,144,144,144,144,169,101,101,121,136,151,81,81,81,81],"floor_reached":50,"campfire_rested":4,"playtime":2136,"current_hp_per_floor":[57,56,56,56,56,56,56,56,56,52,51,51,47,44,63,62,65,65,65,49,42,42,6,25,17,17,36,36,36,36,36,55,46,61,48,50,50,50,50,50,30,30,30,30,40,30,30,54,54,0],"items_purged":["Strike_G","Strike_G"],"gold":81,"score":908,"play_id":"5bd96d59-a0b1-425f-ba52-f44eef4269fe","local_time":"20180325060725","is_prod":false,"is_daily":false,"is_ascension_mode":true,"campfire_upgraded":5,"timestamp":1521972445,"path_taken":["M","M","?","$","?","R","$","R","T","M","?","R","?","?","R","BOSS","M","$","?","M","?","M","R","M","T","R","?","$","?","?","R","BOSS","M","M","?","$","?","R","E","$","T","M","?","M","?","?","R","BOSS"],"build_version":"2018-03-22v2","purchased_purges":3,"victory":false,"master_deck":["Defend_G","Defend_G","Defend_G","Defend_G","Defend_G","Strike_G","Strike_G","Survivor","Neutralize+1","AscendersBane","Poisoned Stab","Noxious Fumes+1","Dodge and Roll","Poisoned Stab","Catalyst+1","PiercingWail","Well Laid Plans","Poisoned Stab","Doppelganger+1","Dodge and Roll","Bane","Blur","Bane+1","Footwork+1","Dodge and Roll","Dodge and Roll","Dodge and Roll","Noxious Fumes","Noxious Fumes","Parasite","Noxious Fumes","Noxious Fumes+1","Noxious Fumes"],"max_hp_per_floor":[66,66,66,66,66,66,66,66,66,66,66,66,66,66,66,66,66,66,66,66,66,66,66,66,66,66,66,66,66,66,66,66,66,66,66,66,66,66,66,66,66,66,66,66,66,66,66,54,54,54],"relics":["Ring of the Snake","Bag of Marbles","Mercury Hourglass","Velvet Choker","Bird Faced Urn","Cursed Key","Gambling Chip","Sundial"],"card_choices":[{"not_picked":["Masterful Stab","Acrobatics"],"picked":"Poisoned Stab","floor":1.0},{"not_picked":["Glass Knife","Concentrate"],"picked":"Poisoned Stab","floor":5.0},{"not_picked":["Acrobatics","Dash"],"picked":"Catalyst","floor":10.0},{"not_picked":["Deflect","Quick Slash"],"picked":"PiercingWail","floor":11.0},{"not_picked":["Dodge and Roll","Escape Plan"],"picked":"Well Laid Plans","floor":13.0},{"not_picked":["Caltrops","Backflip"],"picked":"Poisoned Stab","floor":14.0},{"not_picked":["Tactician","Grand Finale"],"picked":"Doppelganger","floor":16.0},{"not_picked":["Expertise","Sucker Punch"],"picked":"Blur","floor":20.0},{"not_picked":["Deadly Poison","Dagger Throw"],"picked":"Bane","floor":21.0},{"not_picked":["Quick Slash","Underhanded Strike"],"picked":"Footwork","floor":25.0},{"not_picked":["Acrobatics","Prepared"],"picked":"Dodge and Roll","floor":35.0},{"not_picked":["Calculated Gamble","PiercingWail"],"picked":"Dodge and Roll","floor":36.0},{"not_picked":["Venomology","Dagger Throw"],"picked":"Noxious Fumes","floor":41.0},{"not_picked":["Underhanded Strike","Poisoned Stab"],"picked":"Noxious Fumes","floor":44.0},{"not_picked":["Dagger Throw","Underhanded Strike"],"picked":"Noxious Fumes","floor":45.0}],"player_experience":758978,"potions_floor_usage":[50,50,50],"damage_taken":[{"damage":2.0,"enemies":"Cultist","floor":1.0,"turns":4.0},{"damage":1.0,"enemies":"Jaw Worm","floor":2.0,"turns":3.0},{"damage":0.0,"enemies":"2 Louse","floor":5.0,"turns":5.0},{"damage":4.0,"enemies":"Exordium Wildlife","floor":10.0,"turns":5.0},{"damage":1.0,"enemies":"2 Fungi Beasts","floor":11.0,"turns":3.0},{"damage":4.0,"enemies":"Blue Slaver","floor":13.0,"turns":3.0},{"damage":3.0,"enemies":"Looter","floor":14.0,"turns":3.0},{"damage":1.0,"enemies":"Hexaghost","floor":16.0,"turns":8.0},{"damage":0.0,"enemies":"Chosen","floor":18.0,"turns":4.0},{"damage":16.0,"enemies":"Cultist and Chosen","floor":20.0,"turns":6.0},{"damage":7.0,"enemies":"Centurion and Healer","floor":21.0,"turns":6.0},{"damage":48.0,"enemies":"Slaver and Parasite","floor":23.0,"turns":8.0},{"damage":20.0,"enemies":"Snake Plant","floor":25.0,"turns":5.0},{"damage":15.0,"enemies":"Champ","floor":33.0,"turns":11.0},{"damage":19.0,"enemies":"3 Shapes","floor":35.0,"turns":8.0},{"damage":2.0,"enemies":"Orb Walker","floor":36.0,"turns":4.0},{"damage":38.0,"enemies":"2 Orb Walkers","floor":41.0,"turns":7.0},{"damage":8.0,"enemies":"Sphere and 2 Shapes","floor":44.0,"turns":4.0},{"damage":0.0,"enemies":"4 Shapes","floor":45.0,"turns":5.0},{"damage":24.0,"enemies":"3 Darklings","floor":46.0,"turns":5.0},{"damage":78,"enemies":"Donu and Deca","floor":50,"turns":6}],"event_choices":[{"event_name":"The Lab","player_choice":"Got Potions","floor":22.0,"damage_taken":0.0},{"event_name":"Vampires","player_choice":"Ignored","floor":30.0,"damage_taken":0.0},{"event_name":"Beggar","player_choice":"Ignored","floor":31.0,"damage_taken":0.0},{"event_name":"Mysterious Sphere","player_choice":"Ignore","floor":39.0,"damage_taken":0.0},{"event_name":"The Moai Head","player_choice":"Heal","floor":48.0,"damage_taken":0.0}],"boss_relics":[],"potions_floor_spawned":[1,14,16,21,25,33,44,45],"seed_played":"3229516553231845040","killed_by":"Donu and Deca","ascension_level":15,"is_trial":false}