{"path_per_floor":["M","?","?","$","M","R","M","$","T","R","?","$","M","M","R","B",null,"M","?","M","M","?","R","M","M","T","$","R","M","M","T","R","B",null,"M","$","M","M","$","R","$","R","T","R","?","M","M","M","R","B"],"character_chosen":"THE_SILENT","items_purchased":["Noxious Fumes","Bane","Art of War","Malaise","Noxious Fumes","Blur"],"gold_per_floor":[109,109,109,69,83,83,98,53,53,53,3,3,22,36,36,133,133,144,144,164,179,179,179,199,217,270,4,4,24,44,74,74,171,171,185,3,21,37,2,2,2,2,56,56,56,72,84,99,99,99],"floor_reached":51,"campfire_rested":1,"playtime":2509,"current_hp_per_floor":[70,67,67,67,67,67,67,67,67,67,67,67,62,52,52,35,70,62,62,62,53,53,53,51,51,51,51,51,44,46,46,67,69,70,63,63,61,63,63,63,63,63,63,63,63,67,69,66,66,68],"items_purged":["Strike_G","Strike_G"],"gold":99,"score":767,"play_id":"e8e9e144-6c62-4b7f-98bf-6764e07aaf6b","local_time":"20180330010249","is_prod":false,"is_daily":false,"is_ascension_mode":false,"campfire_upgraded":9,"timestamp":1522386169,"path_taken":["M","?","?","$","?","R","M","?","T","R","?","$","M","M","R","BOSS","M","?","?","M","?","R","M","?","T","$","R","M","M","?","R","BOSS","M","$","?","M","?","R","$","R","T","R","?","M","M","M","R","BOSS"],"build_version":"2018-03-22v2","purchased_purges":3,"victory":true,"master_deck":["Defend_G","Defend_G","Defend_G","Defend_G","Defend_G","Strike_G","Survivor+1","Neutralize+1","Leg Sweep+1","Noxious Fumes+1","Footwork+1","Bane+1","Poisoned Stab+1","Malaise+1","Dodge and Roll+1","Footwork+1","Malaise+1","Blur","Bouncing Flask+1","Doppelganger+1","Noxious Fumes+1","Noxious Fumes+1","Footwork+1","Noxious Fumes+1","Blur"],"max_hp_per_floor":[70,70,70,70,70,70,70,70,70,70,70,70,70,70,70,70,70,70,70,70,70,70,70,70,70,70,70,70,70,70,70,70,70,70,70,70,70,70,70,70,70,70,70,70,70,70,70,70,70,70],"relics":["Ring of the Snake","Snake Skull","Frozen Egg 2","Ice Cream","Runic Pyramid","Blood Vial","Art of War","Tiny Chest","Question Card","Oddly Smooth Stone"],"card_choices":[{"not_picked":["Masterful Stab","Sucker Punch"],"picked":"Leg Sweep","floor":1.0},{"not_picked":["Riddle With Holes","Flying Knee"],"picked":"Footwork","floor":7.0},{"not_picked":["Deflect","Blade Dance"],"picked":"Poisoned Stab","floor":13.0},{"not_picked":["Backflip","Dodge and Roll"],"picked":"Malaise","floor":14.0},{"not_picked":["Dagger Throw","Dagger Spray"],"picked":"Dodge and Roll","floor":20.0},{"not_picked":["Slice","Poisoned Stab"],"picked":"Footwork","floor":24.0},{"not_picked":["Dash","Bullet Time"],"picked":"Blur","floor":29.0},{"not_picked":["Deflect","Flying Knee"],"picked":"Bouncing Flask","floor":30.0},{"not_picked":["Envenom","Bullet Time"],"picked":"Doppelganger","floor":33.0},{"not_picked":["Bane","PiercingWail","Acrobatics"],"picked":"Noxious Fumes","floor":35.0},{"not_picked":["Poisoned Stab","Grand Finale","Acrobatics"],"picked":"Footwork","floor":37.0},{"not_picked":["Flying Knee","Malaise","Sucker Punch"],"picked":"Noxious Fumes","floor":38.0}],"player_experience":775406,"potions_floor_usage":[50,50,50],"damage_taken":[{"damage":0.0,"enemies":"Small Slimes","floor":1.0,"turns":6.0},{"damage":0.0,"enemies":"Jaw Worm","floor":5.0,"turns":5.0},{"damage":0.0,"enemies":"2 Louse","floor":7.0,"turns":3.0},{"damage":5.0,"enemies":"Lots of Slimes","floor":13.0,"turns":4.0},{"damage":10.0,"enemies":"Exordium Thugs","floor":14.0,"turns":5.0},{"damage":17.0,"enemies":"The Guardian","floor":16.0,"turns":10.0},{"damage":8.0,"enemies":"2 Thieves","floor":18.0,"turns":4.0},{"damage":0.0,"enemies":"Chosen","floor":20.0,"turns":6.0},{"damage":9.0,"enemies":"Snecko","floor":21.0,"turns":7.0},{"damage":17.0,"enemies":"Centurion and Healer","floor":24.0,"turns":9.0},{"damage":0.0,"enemies":"Snake Plant","floor":25.0,"turns":8.0},{"damage":9.0,"enemies":"3 Cultists","floor":29.0,"turns":7.0},{"damage":0.0,"enemies":"Centurion and Healer","floor":30.0,"turns":9.0},{"damage":0.0,"enemies":"Collector","floor":33.0,"turns":11.0},{"damage":7.0,"enemies":"Orb Walker","floor":35.0,"turns":5.0},{"damage":4.0,"enemies":"3 Shapes","floor":37.0,"turns":5.0},{"damage":0.0,"enemies":"Maw","floor":38.0,"turns":10.0},{"damage":13.0,"enemies":"Sphere and 2 Shapes","floor":46.0,"turns":7.0},{"damage":0.0,"enemies":"3 Darklings","floor":47.0,"turns":5.0},{"damage":4.0,"enemies":"Maw","floor":48.0,"turns":7.0},{"damage":0,"enemies":"Donu and Deca","floor":50,"turns":9}],"event_choices":[{"event_name":"Scrap Ooze","player_choice":"success","floor":2.0,"damage_taken":3.0},{"event_name":"Living Wall","player_choice":"Grow","floor":3.0,"damage_taken":0.0},{"event_name":"The Cleric","player_choice":"Card Removal","floor":11.0,"damage_taken":0.0},{"event_name":"Match and Keep!","player_choice":"0 cards matched","floor":19.0,"damage_taken":0.0},{"event_name":"Vampires","player_choice":"Ignored","floor":22.0,"damage_taken":0.0},{"event_name":"Purifier","player_choice":"One Purge","floor":45.0,"damage_taken":0.0}],"boss_relics":[],"potions_floor_spawned":[1,13,14,20,21,29,30,33,37,47],"seed_played":"8185847946396715899","ascension_level":0,"is_trial":false}