{"path_per_floor":["M","?","$","?","$","M","M","M","T","M","$","R","M","M","R","B",null,"M","?","?","?","M","R","M","R","T","$","E","R","M","M","R","B",null,"M","?","$","M","M","R","M","M","T","R","$","M","R","?","R"],"character_chosen":"THE_SILENT","items_purchased":["Anchor","Infinite Blades","Infinite Blades","Terror","Panache","Infinite Blades","Dagger Spray"],"gold_per_floor":[110,285,128,128,128,139,159,173,173,184,105,105,123,134,134,235,235,250,250,250,250,267,267,281,281,304,109,169,169,179,196,196,297,297,317,317,59,76,94,94,104,124,202,202,78,91,91,91,91,91],"floor_reached":50,"campfire_rested":1,"playtime":2052,"current_hp_per_floor":[63,63,63,63,63,62,56,46,46,46,46,46,46,46,46,20,63,61,61,61,61,61,63,58,63,63,63,54,60,60,51,59,36,63,49,49,49,44,31,39,39,29,29,37,37,34,44,44,63,0],"items_purged":["Strike_G","Strike_G"],"gold":91,"score":456,"play_id":"4e6ef201-5366-46d3-9b47-71793f0eec64","local_time":"20180331213732","is_prod":false,"is_daily":false,"is_ascension_mode":false,"campfire_upgraded":6,"timestamp":1522546652,"path_taken":["M","?","?","?","$","M","M","?","T","?","$","R","M","M","R","BOSS","M","?","?","?","M","R","M","R","T","$","E","R","M","M","R","BOSS","M","?","$","?","M","R","M","M","T","R","?","M","R","?","R","BOSS"],"build_version":"2018-03-29v2","purchased_purges":3,"victory":false,"master_deck":["Defend_G+1","Defend_G+1","Defend_G+1","Defend_G+1","Defend_G+1","Strike_G+1","Strike_G+1","Strike_G+1","Survivor","Neutralize+1","Choke","Cloak And Dagger","Envenom+1","Dagger Spray","Infinite Blades","Terror","Bane+1","Finisher+1","Accuracy+1","Apotheosis+1","Panache+1","Infinite Blades","Dagger Spray","Cloak And Dagger+1"],"max_hp_per_floor":[63,63,63,63,63,63,63,63,63,63,63,63,63,63,63,63,63,63,63,63,63,63,63,63,63,63,63,63,63,63,63,63,63,63,63,63,63,63,63,63,63,63,63,63,63,63,63,63,63,63],"relics":["Ring of the Snake","Girya","Anchor","Thread and Needle","Eternal Feather","Ancient Tea Set","Tiny Chest","Black Star","Toxic Egg 2"],"card_choices":[{"not_picked":["Riddle With Holes","Prepared"],"picked":"Choke","floor":7.0},{"not_picked":["Poisoned Stab","Prepared"],"picked":"Cloak And Dagger","floor":10.0},{"not_picked":["Doppelganger","Wraith Form"],"picked":"Envenom","floor":16.0},{"not_picked":["Acrobatics","Dagger Throw"],"picked":"Dagger Spray","floor":18.0},{"not_picked":["Flechettes","Crippling Poison"],"picked":"Bane","floor":28.0},{"not_picked":["Expertise","Distraction"],"picked":"Finisher","floor":30.0},{"not_picked":["Underhanded Strike","Caltrops"],"picked":"Accuracy","floor":31.0},{"not_picked":["Panache","Dark Shackles"],"picked":"Apotheosis","floor":36.0},{"not_picked":["Calculated Gamble","Quick Slash"],"picked":"Cloak And Dagger","floor":46.0}],"player_experience":829072,"potions_floor_usage":[50],"damage_taken":[{"damage":0.0,"enemies":"Small Slimes","floor":1.0,"turns":4.0},{"damage":1.0,"enemies":"Jaw Worm","floor":6.0,"turns":4.0},{"damage":6.0,"enemies":"Cultist","floor":7.0,"turns":3.0},{"damage":10.0,"enemies":"Exordium Thugs","floor":8.0,"turns":5.0},{"damage":0.0,"enemies":"Blue Slaver","floor":10.0,"turns":4.0},{"damage":0.0,"enemies":"Lots of Slimes","floor":13.0,"turns":4.0},{"damage":0.0,"enemies":"Looter","floor":14.0,"turns":3.0},{"damage":26.0,"enemies":"Hexaghost","floor":16.0,"turns":11.0},{"damage":2.0,"enemies":"Shell Parasite","floor":18.0,"turns":7.0},{"damage":0.0,"enemies":"3 Byrds","floor":22.0,"turns":4.0},{"damage":5.0,"enemies":"Cultist and Chosen","floor":24.0,"turns":5.0},{"damage":9.0,"enemies":"Book of Stabbing","floor":28.0,"turns":5.0},{"damage":0.0,"enemies":"Sentry and Sphere","floor":30.0,"turns":4.0},{"damage":9.0,"enemies":"Snake Plant","floor":31.0,"turns":4.0},{"damage":23.0,"enemies":"Collector","floor":33.0,"turns":7.0},{"damage":14.0,"enemies":"3 Darklings","floor":35.0,"turns":5.0},{"damage":5.0,"enemies":"Orb Walker","floor":38.0,"turns":5.0},{"damage":13.0,"enemies":"4 Shapes","floor":39.0,"turns":7.0},{"damage":0.0,"enemies":"Maw","floor":41.0,"turns":5.0},{"damage":10.0,"enemies":"3 Darklings","floor":42.0,"turns":4.0},{"damage":3.0,"enemies":"4 Shapes","floor":46.0,"turns":4.0},{"damage":64,"enemies":"Awakened One","floor":50,"turns":5}],"event_choices":[{"event_name":"Liars Game","player_choice":"agreed","floor":2.0,"damage_taken":0.0},{"event_name":"Purifier","player_choice":"One Purge","floor":4.0,"damage_taken":0.0},{"event_name":"Vampires","player_choice":"Ignored","floor":19.0,"damage_taken":0.0},{"event_name":"Back to Basics","player_choice":"Simplicity","floor":20.0,"damage_taken":0.0},{"event_name":"Drug Dealer","player_choice":"Ignored","floor":21.0,"damage_taken":0.0},{"event_name":"SensoryStone","player_choice":"Memory 1","floor":36.0,"damage_taken":0.0}],"boss_relics":[],"potions_floor_spawned":[7,13,22,31,35,39,41],"seed_played":"-7415121575729719061","killed_by":"Awakened One","ascension_level":0,"is_trial":false}