{"path_per_floor":["M","$","?","?","M","R","M","R","T","?","M","?","$","M","R","B",null,"M","M","?","?","?","R","$","R","T","?","M","M","R","$","R","B",null,"M","?","M","M","$","R","?","R","T","M","?","M","M","M","R","B"],"character_chosen":"THE_SILENT","items_purchased":["Bouncing Flask","Singing Bowl","Noxious Fumes","Malaise"],"gold_per_floor":[113,113,113,63,75,75,95,95,95,95,111,211,59,77,77,172,172,192,207,207,207,207,207,59,59,59,59,75,95,95,95,95,196,196,213,213,226,244,4,4,0,0,73,92,92,111,130,146,146,146],"floor_reached":51,"campfire_rested":2,"playtime":1852,"current_hp_per_floor":[69,69,69,69,68,68,68,68,68,68,68,68,68,53,53,15,70,51,38,38,38,38,38,38,59,59,59,48,38,38,38,59,43,72,72,74,71,51,51,59,59,67,67,67,67,69,68,66,74,54],"items_purged":["Strike_G","Strike_G"],"gold":146,"score":662,"play_id":"621920a1-2dfe-43ce-82ef-1dba6fe108a4","local_time":"20180404011138","is_prod":false,"is_daily":false,"is_ascension_mode":false,"campfire_upgraded":8,"timestamp":1522818698,"path_taken":["M","$","?","?","M","R","M","R","T","?","M","?","?","M","R","BOSS","M","M","?","?","?","R","?","R","T","?","M","M","R","$","R","BOSS","M","?","M","M","$","R","?","R","T","M","?","M","M","M","R","BOSS"],"build_version":"2018-03-29v2","purchased_purges":2,"victory":true,"master_deck":["Defend_G","Defend_G","Defend_G","Defend_G","Survivor+1","Neutralize+1","Bouncing Flask+1","Poisoned Stab","Adrenaline+1","Catalyst+1","PiercingWail","Poisoned Stab+1","Poisoned Stab","Burst+1","Adrenaline","Deadly Poison+1","Blur","Footwork","Noxious Fumes+1","Malaise+1","Venomology"],"max_hp_per_floor":[70,70,70,70,70,70,70,70,70,70,70,70,70,70,70,70,70,70,70,70,70,70,70,70,70,70,70,70,72,72,72,72,72,72,72,74,74,74,74,74,74,74,74,76,76,78,80,80,80,80],"relics":["Ring of the Snake","Pen Nib","Lantern","Orrery","Singing Bowl","Juzu Bracelet","Eternal Feather","Red Mask","Toolbox"],"card_choices":[{"not_picked":["Dodge and Roll","Tools of the Trade"],"picked":"Poisoned Stab","floor":14.0},{"not_picked":["Phantasmal Killer","Glass Knife"],"picked":"Adrenaline","floor":16.0},{"not_picked":["Slice","Cloak And Dagger"],"picked":"Catalyst","floor":17.0},{"not_picked":["Terror","Masterful Stab"],"picked":"PiercingWail","floor":17.0},{"not_picked":["Predator","Cloak And Dagger"],"picked":"Poisoned Stab","floor":18.0},{"not_picked":["Flying Knee","Deflect"],"picked":"Poisoned Stab","floor":19.0},{"not_picked":["Accuracy","Slice"],"picked":"Burst","floor":28},{"not_picked":["Tactician","Storm of Steel"],"picked":"Adrenaline","floor":33},{"not_picked":["Bane","Poisoned Stab"],"picked":"Deadly Poison","floor":35},{"not_picked":["Calculated Gamble","Deadly Poison"],"picked":"Blur","floor":37},{"not_picked":["Concentrate","Bane"],"picked":"Footwork","floor":38},{"not_picked":["Underhanded Strike","Accuracy"],"picked":"Venomology","floor":48}],"player_experience":841174,"potions_floor_usage":[37,38,48,50,50],"damage_taken":[{"damage":1.0,"enemies":"2 Louse","floor":1.0,"turns":4.0},{"damage":1.0,"enemies":"Small Slimes","floor":5.0,"turns":3.0},{"damage":0.0,"enemies":"Cultist","floor":7.0,"turns":4.0},{"damage":0.0,"enemies":"2 Fungi Beasts","floor":11.0,"turns":4.0},{"damage":15.0,"enemies":"Large Slime","floor":14.0,"turns":7.0},{"damage":38.0,"enemies":"Slime Boss","floor":16.0,"turns":11.0},{"damage":19.0,"enemies":"Spheric Guardian","floor":18.0,"turns":4.0},{"damage":13.0,"enemies":"2 Thieves","floor":19.0,"turns":5.0},{"damage":11,"enemies":"Snake Plant","floor":28,"turns":3},{"damage":12,"enemies":"Cultist and Chosen","floor":29,"turns":4},{"damage":16,"enemies":"Champ","floor":33,"turns":7},{"damage":0,"enemies":"Orb Walker","floor":35,"turns":3},{"damage":3,"enemies":"3 Shapes","floor":37,"turns":5},{"damage":20,"enemies":"3 Darklings","floor":38,"turns":5},{"damage":2,"enemies":"Sphere and 2 Shapes","floor":44,"turns":3},{"damage":0,"enemies":"4 Shapes","floor":46,"turns":5},{"damage":3,"enemies":"Maw","floor":47,"turns":3},{"damage":2,"enemies":"3 Darklings","floor":48,"turns":5},{"damage":35,"enemies":"Time Eater","floor":50,"turns":5}],"event_choices":[{"event_name":"Living Wall","player_choice":"Forget","floor":3.0,"damage_taken":0.0},{"event_name":"The Cleric","player_choice":"Card Removal","floor":4.0,"damage_taken":0.0},{"event_name":"Scrap Ooze","player_choice":"unsuccessful","floor":10.0,"damage_taken":0.0},{"event_name":"Wheel of Change","player_choice":"Gold","floor":12.0,"damage_taken":0.0},{"event_name":"The Woman in Blue","player_choice":"Bought 0 Potions","floor":20.0,"damage_taken":0.0},{"event_name":"Bonfire Elementals","player_choice":"BASIC","floor":21.0,"damage_taken":0.0},{"event_name":"Back to Basics","player_choice":"Elegance","floor":22.0,"damage_taken":0.0},{"event_name":"The Mausoleum","player_choice":"No","floor":27,"damage_taken":0},{"event_name":"SensoryStone","player_choice":"Memory 1","floor":36,"damage_taken":0},{"event_name":"Tomb of Lord Red Mask","player_choice":"Paid","floor":41,"damage_taken":0},{"event_name":"Mysterious Sphere","player_choice":"Ignore","floor":45,"damage_taken":0}],"boss_relics":[{"not_picked":["Snecko Eye","Calling Bell"],"picked":"Eternal Feather"}],"potions_floor_spawned":[1,16,19,35,38,44,48],"seed_played":"7916072990163012239","ascension_level":0,"is_trial":false}