{"path_per_floor":["M","M","?","M","M","R","E","$","T","?","?","?","?","M","R","B",null,"M","?","?","?","M","R","M","?","T","M","M","$","M","T","R","B",null,"M","?","M","M","M","R","E","R","T","R","M","?","$","M","R","B"],"character_chosen":"THE_SILENT","items_purchased":["Well Laid Plans","Backflip","Malaise","Noxious Fumes","Tough Bandages","Dodge and Roll","Energy Potion"],"gold_per_floor":[111,125,125,145,162,162,189,37,37,37,37,37,37,62,62,187,187,200,200,200,200,225,225,241,241,321,345,361,89,103,103,103,231,231,247,247,272,286,310,310,354,354,354,354,370,370,15,40,40,40],"floor_reached":51,"campfire_rested":4,"playtime":2598,"current_hp_per_floor":[77,77,70,63,63,63,36,36,50,32,32,32,32,32,57,36,84,77,77,77,77,77,77,77,77,77,66,64,64,64,64,64,1,84,76,76,64,53,25,50,38,63,63,63,45,45,45,47,72,52],"items_purged":["Strike_G","Expertise"],"gold":40,"score":705,"play_id":"9a0f4f26-7a5f-404a-916e-da1ea2d515ad","local_time":"20180331084055","is_prod":false,"is_daily":false,"is_ascension_mode":false,"campfire_upgraded":3,"timestamp":1522500055,"path_taken":["M","M","?","M","M","R","E","$","T","?","?","?","?","M","R","BOSS","M","?","?","?","M","R","?","?","T","M","?","$","M","?","R","BOSS","M","?","M","M","M","R","E","R","T","R","M","?","$","M","R","BOSS"],"build_version":"2018-03-29v2","purchased_purges":4,"victory":true,"master_deck":["Survivor","Neutralize+1","Poisoned Stab","Skewer","Adrenaline+1","Well Laid Plans","Dagger Throw+1","Die Die Die+1","All Out Attack+1","PiercingWail","Deadly Poison","Cloak And Dagger","Quick Slash+1","Footwork","Dagger Throw+1","Cloak And Dagger","Reflex","Prepared","Dagger Throw+1","Noxious Fumes+1","Backflip","Malaise","Noxious Fumes","Leg Sweep+1","Adrenaline","Dagger Throw+1","Catalyst","Acrobatics","Mind Blast+1","Dodge and Roll","Footwork"],"max_hp_per_floor":[77,77,77,77,77,77,77,77,91,91,91,91,84,84,84,84,84,84,84,84,84,84,84,84,84,84,84,84,84,84,84,84,84,84,84,84,84,84,84,84,84,84,84,84,84,84,84,84,84,84],"relics":["Ring of the Snake","Tingsha","Pen Nib","Mango","Molten Egg 2","Golden Idol","Pandora\u0027s Box","Blue Candle","Ginger","The Specimen","Happy Flower","Shovel","Blood Vial","Tough Bandages"],"card_choices":[{"not_picked":["Cloak And Dagger","Riddle With Holes"],"picked":"Poisoned Stab","floor":1},{"not_picked":["Backflip","Dodge and Roll"],"picked":"Skewer","floor":4},{"not_picked":["PiercingWail","Masterful Stab"],"picked":"Expertise","floor":5},{"not_picked":["Setup","Outmaneuver"],"picked":"Adrenaline","floor":7},{"not_picked":["Dagger Spray","Deadly Poison"],"picked":"Dagger Throw","floor":14},{"not_picked":["Doppelganger","Grand Finale"],"picked":"Die Die Die","floor":16},{"not_picked":["Heel Hook","Outmaneuver"],"picked":"Reflex","floor":18},{"not_picked":["Deadly Poison","Predator"],"picked":"Dagger Throw","floor":24},{"not_picked":["Blade Dance","Eviscerate"],"picked":"Noxious Fumes","floor":28},{"not_picked":["Deflect","Dagger Spray"],"picked":"Leg Sweep","floor":30},{"not_picked":["Grand Finale","Wraith Form"],"picked":"Adrenaline","floor":33},{"not_picked":["Dagger Spray","Dodge and Roll"],"picked":"Dagger Throw","floor":35},{"not_picked":["Poisoned Stab","Bouncing Flask"],"picked":"Catalyst","floor":38},{"not_picked":["Quick Slash","Die Die Die"],"picked":"Acrobatics","floor":41},{"not_picked":["Good Instincts","Jack Of All Trades"],"picked":"Mind Blast","floor":46},{"not_picked":["PiercingWail","Underhanded Strike"],"picked":"Footwork","floor":48}],"player_experience":826474,"potions_floor_usage":[16,33,33,37,41,41,50,50,50],"damage_taken":[{"damage":0,"enemies":"2 Louse","floor":1,"turns":3},{"damage":0,"enemies":"Jaw Worm","floor":2,"turns":4},{"damage":7,"enemies":"Small Slimes","floor":4,"turns":4},{"damage":0,"enemies":"2 Fungi Beasts","floor":5,"turns":4},{"damage":27,"enemies":"3 Sentries","floor":7,"turns":8},{"damage":0,"enemies":"Looter","floor":14,"turns":3},{"damage":21,"enemies":"Slime Boss","floor":16,"turns":11},{"damage":7,"enemies":"2 Thieves","floor":18,"turns":2},{"damage":0,"enemies":"Spheric Guardian","floor":22,"turns":2},{"damage":0,"enemies":"3 Cultists","floor":24,"turns":2},{"damage":11,"enemies":"Centurion and Healer","floor":27,"turns":3},{"damage":2,"enemies":"Chosen and Byrds","floor":28,"turns":4},{"damage":0,"enemies":"Snake Plant","floor":30,"turns":4},{"damage":63,"enemies":"Automaton","floor":33,"turns":8},{"damage":8,"enemies":"Orb Walker","floor":35,"turns":4},{"damage":12,"enemies":"3 Darklings","floor":37,"turns":3},{"damage":11,"enemies":"Sphere and 2 Shapes","floor":38,"turns":4},{"damage":28,"enemies":"Maw","floor":39,"turns":6},{"damage":12,"enemies":"2 Orb Walkers","floor":41,"turns":2},{"damage":20,"enemies":"3 Darklings","floor":45,"turns":3},{"damage":0,"enemies":"4 Shapes","floor":48,"turns":5},{"damage":22,"enemies":"Time Eater","floor":50,"turns":12}],"event_choices":[{"event_name":"Scrap Ooze","player_choice":"success","floor":3,"damage_taken":7},{"event_name":"Shining Light","player_choice":"Entered Light","floor":10,"damage_taken":0},{"event_name":"Dead Adventurer","player_choice":"Searched \u00272\u0027 times","floor":11,"damage_taken":0},{"event_name":"Purifier","player_choice":"One Purge","floor":12,"damage_taken":0},{"event_name":"Golden Idol","player_choice":"Lose Max HP","floor":13,"damage_taken":0},{"event_name":"The Library","player_choice":"Read","floor":19,"damage_taken":0},{"event_name":"N\u0027loth","player_choice":"Ignored","floor":20,"damage_taken":0},{"event_name":"Cursed Tome","player_choice":"Ignored","floor":21,"damage_taken":0},{"event_name":"Vampires","player_choice":"Ignored","floor":25,"damage_taken":0},{"event_name":"Mysterious Sphere","player_choice":"Ignore","floor":36,"damage_taken":0},{"event_name":"SensoryStone","player_choice":"Memory 1","floor":46,"damage_taken":0}],"boss_relics":[{"not_picked":["Runic Dome","Philosopher\u0027s Stone"],"picked":"Pandora\u0027s Box"},{"not_picked":["Astrolabe","Black Star"],"picked":"The Specimen"}],"potions_floor_spawned":[5,14,18,24,28,30,33,37,38,41,48],"seed_played":"-7513734582014006149","ascension_level":0,"is_trial":false}