{"path_per_floor":["M","M","?","?","$","R","$","M","T","M","?","E","$","M","R","B",null,"M","?","?","M","?","R","M","M","T","R","?","M","$","M","R","B",null,"M","?","M","$","M","R","M","$","T","M","?","M","?","M","R","B"],"character_chosen":"THE_SILENT","items_purchased":["Noxious Fumes","Leg Sweep","Caltrops","Catalyst","Footwork","Dodge and Roll"],"gold_per_floor":[112,128,128,128,18,18,18,38,86,106,106,146,30,43,43,171,171,157,157,157,177,177,177,196,214,237,237,237,252,152,164,164,268,268,287,287,299,26,40,40,59,10,36,54,0,11,11,29,29,29],"floor_reached":51,"campfire_rested":3,"playtime":2488,"current_hp_per_floor":[66,61,66,48,48,70,70,70,70,68,75,64,64,58,58,34,82,62,62,62,55,55,55,55,60,65,65,65,69,69,55,79,67,82,58,58,32,32,48,72,62,62,67,72,72,77,82,82,82,63],"items_purged":["Strike_G","Strike_G","Strike_G"],"gold":29,"score":676,"play_id":"a83bdd0b-881e-4ba0-b17a-187ec3198c08","local_time":"20180405145422","is_prod":false,"is_daily":false,"is_ascension_mode":false,"campfire_upgraded":4,"timestamp":1522954462,"path_taken":["M","M","?","?","$","R","$","M","T","M","?","E","$","M","R","BOSS","M","?","?","M","?","R","?","M","T","R","?","M","?","M","R","BOSS","M","?","M","$","M","R","M","$","T","M","?","M","?","M","R","BOSS"],"build_version":"2018-03-29v2","purchased_purges":4,"victory":true,"master_deck":["Defend_G+1","Defend_G+1","Defend_G+1","Defend_G+1","Defend_G+1","Strike_G+1","Strike_G+1","Survivor","Neutralize","Dodge and Roll","Noxious Fumes+1","Leg Sweep+1","PiercingWail","Poisoned Stab","Venomology","Caltrops","Caltrops","Night Terror+1","Poisoned Stab","Poisoned Stab","Blur","PiercingWail","Catalyst+1","Catalyst+1","Footwork","Footwork","Dodge and Roll","Catalyst+1","Writhe"],"max_hp_per_floor":[70,70,75,75,75,75,75,75,75,75,82,82,82,82,82,82,82,82,82,82,82,82,82,82,82,82,82,82,82,82,82,82,82,82,82,82,82,82,82,82,82,82,82,82,82,82,82,82,82,82],"relics":["The Specimen","Bloody Idol","Omamori","Strawberry","Ginger","Cursed Key","Juzu Bracelet","Orrery","Art of War","Red Mask"],"card_choices":[{"not_picked":["PiercingWail","Calculated Gamble"],"picked":"Dodge and Roll","floor":1.0},{"not_picked":["Flechettes","Heel Hook"],"picked":"PiercingWail","floor":8.0},{"not_picked":["Dash","Cloak And Dagger"],"picked":"Poisoned Stab","floor":10.0},{"not_picked":["Quick Slash","Dagger Spray"],"picked":"Venomology","floor":12.0},{"not_picked":["Sucker Punch","Flechettes"],"picked":"Caltrops","floor":14.0},{"not_picked":["Glass Knife","Die Die Die"],"picked":"Night Terror","floor":16.0},{"not_picked":["Deflect","Underhanded Strike"],"picked":"Poisoned Stab","floor":21.0},{"not_picked":["Prepared","Slice"],"picked":"Poisoned Stab","floor":25.0},{"not_picked":["PiercingWail","Sucker Punch"],"picked":"Blur","floor":29.0},{"not_picked":["Prepared","Cloak And Dagger"],"picked":"PiercingWail","floor":35.0},{"not_picked":["Setup","Calculated Gamble"],"picked":"Catalyst","floor":37.0},{"not_picked":["Slice","Crippling Poison"],"picked":"Footwork","floor":39},{"not_picked":["Caltrops","Quick Slash"],"picked":"Catalyst","floor":46}],"player_experience":843026,"potions_floor_usage":[39,41,48,50,50,50],"damage_taken":[{"damage":4.0,"enemies":"Cultist","floor":1.0,"turns":5.0},{"damage":5.0,"enemies":"Small Slimes","floor":2.0,"turns":4.0},{"damage":0.0,"enemies":"2 Louse","floor":8.0,"turns":4.0},{"damage":2.0,"enemies":"Blue Slaver","floor":10.0,"turns":6.0},{"damage":11.0,"enemies":"Lagavulin","floor":12.0,"turns":10.0},{"damage":6.0,"enemies":"Looter","floor":14.0,"turns":5.0},{"damage":24.0,"enemies":"The Guardian","floor":16.0,"turns":10.0},{"damage":20.0,"enemies":"2 Thieves","floor":18.0,"turns":4.0},{"damage":7.0,"enemies":"3 Byrds","floor":21.0,"turns":4.0},{"damage":5.0,"enemies":"Snake Plant","floor":24.0,"turns":5.0},{"damage":0.0,"enemies":"Snecko","floor":25.0,"turns":7.0},{"damage":1.0,"enemies":"3 Cultists","floor":29.0,"turns":6.0},{"damage":19.0,"enemies":"Cultist and Chosen","floor":31.0,"turns":6.0},{"damage":30.0,"enemies":"Champ","floor":33.0,"turns":14.0},{"damage":29.0,"enemies":"3 Darklings","floor":35.0,"turns":6.0},{"damage":31.0,"enemies":"Orb Walker","floor":37.0,"turns":5.0},{"damage":4,"enemies":"4 Shapes","floor":39,"turns":6},{"damage":15,"enemies":"3 Darklings","floor":41,"turns":6},{"damage":0,"enemies":"Maw","floor":44,"turns":12},{"damage":0,"enemies":"4 Shapes","floor":46,"turns":11},{"damage":5,"enemies":"3 Darklings","floor":48,"turns":7},{"damage":19,"enemies":"Time Eater","floor":50,"turns":2}],"event_choices":[{"event_name":"Big Fish","player_choice":"Donut","floor":3.0,"damage_taken":0.0},{"event_name":"Golden Idol","player_choice":"Take Damage","floor":4.0,"damage_taken":0.0},{"event_name":"Dead Adventurer","player_choice":"Searched \u00271\u0027 times","floor":11.0,"damage_taken":0.0},{"event_name":"Cursed Tome","player_choice":"Ignored","floor":19.0,"damage_taken":0.0},{"event_name":"The Mausoleum","player_choice":"No","floor":20.0,"damage_taken":0.0},{"event_name":"Forgotten Altar","player_choice":"Gave Idol","floor":22.0,"damage_taken":0.0},{"event_name":"Back to Basics","player_choice":"Simplicity","floor":28.0,"damage_taken":0.0},{"event_name":"SensoryStone","player_choice":"Memory 1","floor":36.0,"damage_taken":0.0},{"event_name":"Tomb of Lord Red Mask","player_choice":"Paid","floor":45,"damage_taken":0},{"event_name":"Winding Halls","player_choice":"Writhe","floor":47,"damage_taken":0}],"boss_relics":[],"potions_floor_spawned":[2,12,16,18,25,29,31,37,46,48],"seed_played":"-5838416184597191037","ascension_level":0,"is_trial":false}