{"path_per_floor":["M","?","M","?","$","R","E","?","T","M","R","$","R","M","R","B",null,"M","$","M","?","?","E","R","$","T","$","R","M","M","M","R","B",null,"M","M","?","M","$","R","?","R","T","M","M","$","M","M","R","B"],"character_chosen":"THE_SILENT","items_purchased":["Well Laid Plans","Noxious Fumes","Dagger Throw","Bag of Preparation","Dagger Throw","Blur","Noxious Fumes"],"gold_per_floor":[117,117,132,132,72,72,106,106,106,126,126,71,71,91,91,195,195,175,13,26,116,116,146,146,28,81,39,39,52,67,80,80,177,177,188,200,200,211,85,85,85,85,85,99,113,13,26,45,45,45],"floor_reached":51,"campfire_rested":5,"playtime":3983,"current_hp_per_floor":[68,68,66,66,66,66,37,37,37,35,56,56,56,45,66,27,70,54,54,52,36,36,36,57,57,57,57,57,57,57,57,57,70,70,53,50,50,33,33,54,54,54,54,51,48,48,48,44,65,47],"items_purged":["Regret","Strike_G","Well Laid Plans"],"gold":45,"score":743,"play_id":"e8a3a79c-09dd-4e53-8419-81550b993e36","local_time":"20180402224223","is_prod":false,"is_daily":false,"is_ascension_mode":false,"campfire_upgraded":5,"timestamp":1522723343,"path_taken":["M","?","M","?","?","R","E","?","T","M","R","$","R","?","R","BOSS","M","$","M","?","?","E","R","$","T","?","R","M","M","M","R","BOSS","M","?","?","M","?","R","?","R","T","M","M","$","M","?","R","BOSS"],"build_version":"2018-03-29v2","purchased_purges":4,"victory":true,"master_deck":["Defend_G","Defend_G","Strike_G","Strike_G","Survivor","Neutralize+1","Tools of the Trade+1","Reflex","Deflect","Burst","Underhanded Strike","Underhanded Strike","All Out Attack","Tools of the Trade","Backflip+1","PiercingWail+1","Distraction+1","Reflex","Noxious Fumes+1","Dagger Throw","Dodge and Roll+1","Acrobatics+1","Tactician+1","Dagger Throw","Reflex+1","A Thousand Cuts","Outmaneuver+1","Footwork","Backflip+1","Blur","Noxious Fumes","Predator+1","Apotheosis+1","Underhanded Strike","Dodge and Roll","Footwork","Reflex+1"],"max_hp_per_floor":[70,70,70,70,70,70,70,70,70,70,70,70,70,70,70,70,70,70,70,70,70,70,70,70,70,70,70,70,70,70,70,70,70,70,70,70,70,70,70,70,70,70,70,70,70,70,70,70,70,70],"relics":["Ring of the Snake","The Courier","Pantograph","Dream Catcher","Astrolabe","Ornamental Fan","Bag of Preparation","Pen Nib","Runic Pyramid","War Paint"],"card_choices":[{"not_picked":["Well Laid Plans","Prepared"],"picked":"Reflex","floor":1.0},{"not_picked":["Infinite Blades","Acrobatics"],"picked":"Burst","floor":7.0},{"not_picked":["Bane","Footwork"],"picked":"Underhanded Strike","floor":10},{"not_picked":["Quick Slash","A Thousand Cuts"],"picked":"Underhanded Strike","floor":11},{"not_picked":["Deadly Poison","Outmaneuver"],"picked":"All Out Attack","floor":14},{"not_picked":["Burst","Glass Knife"],"picked":"Tools of the Trade","floor":16},{"not_picked":["Outmaneuver","Heel Hook"],"picked":"Reflex","floor":18},{"not_picked":["Accuracy","Poisoned Stab"],"picked":"Dodge and Roll","floor":20},{"not_picked":["Escape Plan","Quick Slash"],"picked":"Acrobatics","floor":23},{"not_picked":["Dagger Spray","Sucker Punch"],"picked":"Tactician","floor":24},{"not_picked":["Expertise","Acrobatics"],"picked":"Reflex","floor":31},{"not_picked":["Glass Knife","Grand Finale"],"picked":"A Thousand Cuts","floor":33},{"not_picked":["Bane","Backflip"],"picked":"Outmaneuver","floor":35},{"not_picked":["Endless Agony","Slice"],"picked":"Footwork","floor":36},{"not_picked":["Poisoned Stab","Well Laid Plans"],"picked":"Backflip","floor":38},{"not_picked":["Heel Hook","Flying Knee"],"picked":"Predator","floor":40},{"not_picked":["Enlightenment","Secret Weapon"],"picked":"Apotheosis","floor":41},{"not_picked":["Deadly Poison","PiercingWail"],"picked":"Underhanded Strike","floor":44},{"not_picked":["Poisoned Stab","Leg Sweep"],"picked":"Dodge and Roll","floor":47},{"not_picked":["Dagger Spray","Cloak And Dagger"],"picked":"Footwork","floor":48},{"not_picked":["Dash","Sucker Punch"],"picked":"Reflex","floor":49}],"player_experience":834014,"potions_floor_usage":[16,23,23,23,23,33,44,50],"damage_taken":[{"damage":2.0,"enemies":"Jaw Worm","floor":1.0,"turns":4.0},{"damage":2.0,"enemies":"Cultist","floor":3.0,"turns":3.0},{"damage":29.0,"enemies":"Lagavulin","floor":7.0,"turns":11.0},{"damage":2,"enemies":"2 Louse","floor":10,"turns":3},{"damage":11,"enemies":"Large Slime","floor":14,"turns":7},{"damage":43,"enemies":"Hexaghost","floor":16,"turns":15},{"damage":16,"enemies":"2 Thieves","floor":18,"turns":4},{"damage":2,"enemies":"Spheric Guardian","floor":20,"turns":4},{"damage":0,"enemies":"Slavers","floor":23,"turns":5},{"damage":0,"enemies":"Snecko","floor":29,"turns":5},{"damage":0,"enemies":"Chosen and Byrds","floor":30,"turns":7},{"damage":0,"enemies":"Centurion and Healer","floor":31,"turns":5},{"damage":0,"enemies":"Champ","floor":33,"turns":16},{"damage":17,"enemies":"3 Darklings","floor":35,"turns":4},{"damage":3,"enemies":"3 Shapes","floor":36,"turns":6},{"damage":17,"enemies":"Maw","floor":38,"turns":11},{"damage":3,"enemies":"4 Shapes","floor":44,"turns":7},{"damage":3,"enemies":"3 Darklings","floor":45,"turns":6},{"damage":0,"enemies":"Maw","floor":47,"turns":8},{"damage":4,"enemies":"Sphere and 2 Shapes","floor":48,"turns":7},{"damage":23,"enemies":"Donu and Deca","floor":50,"turns":10}],"event_choices":[{"event_name":"Transmorgrifier","player_choice":"Transform","floor":2.0,"damage_taken":0.0},{"event_name":"Big Fish","player_choice":"Box","floor":4.0,"damage_taken":0.0},{"event_name":"Purifier","player_choice":"One Purge","floor":8,"damage_taken":0},{"event_name":"Knowing Skull","player_choice":"GOLD ","floor":21,"damage_taken":0},{"event_name":"Cursed Tome","player_choice":"Ignored","floor":22,"damage_taken":0},{"event_name":"Tomb of Lord Red Mask","player_choice":"Ignored","floor":37,"damage_taken":0},{"event_name":"SensoryStone","player_choice":"Memory 1","floor":41,"damage_taken":0}],"boss_relics":[{"not_picked":["Eternal Feather","White Beast Statue"],"picked":"Astrolabe"},{"not_picked":["Cursed Key","Lizard Tail"],"picked":"Runic Pyramid"}],"potions_floor_spawned":[1,10,14,18,20,31,33,35,38],"seed_played":"-2094796255495395785","ascension_level":0,"is_trial":false}