{"path_per_floor":["M","M","?","M","$","R","M","?","T","M","?","R","T","M","R","B",null,"M","M","$","M","M","R","M","?","T","T","M","R","?","?","R","B",null,"M","M","?","M","M","R","$","M","T","?","M","R","$","M","R","B"],"character_chosen":"THE_SILENT","items_purchased":["PiercingWail","Poisoned Stab","Snake Skull"],"gold_per_floor":[118,138,138,152,24,24,42,42,42,52,52,52,52,63,63,164,164,177,189,36,46,61,61,76,76,102,102,122,122,37,37,37,140,140,159,178,178,190,201,201,56,66,66,0,15,15,15,28,28,28],"floor_reached":51,"campfire_rested":1,"playtime":2605,"current_hp_per_floor":[70,69,69,69,69,69,66,66,66,65,51,51,58,58,58,58,77,60,59,59,56,56,56,53,53,53,53,50,50,50,50,50,39,77,77,74,74,72,40,40,40,33,33,33,33,33,33,33,56,31],"items_purged":["Strike_G","Strike_G"],"gold":28,"score":793,"play_id":"b48ac52e-812d-4a47-aa8c-a0c153c8998f","local_time":"20180327170234","is_prod":false,"is_daily":false,"is_ascension_mode":false,"campfire_upgraded":7,"timestamp":1522184554,"path_taken":["M","M","?","M","$","R","M","?","T","M","?","R","?","M","R","BOSS","M","M","$","M","M","R","M","?","T","?","M","R","?","?","R","BOSS","M","M","?","?","M","R","$","M","T","?","M","R","?","?","R","BOSS"],"build_version":"2018-03-22v2","purchased_purges":2,"victory":true,"master_deck":["Defend_G","Defend_G","Defend_G+1","Defend_G","Defend_G","Survivor+1","Neutralize+1","Doppelganger+1","Noxious Fumes+1","Malaise+1","Bouncing Flask+1","PiercingWail","Footwork+1","Poisoned Stab","Leg Sweep","Burst+1","Backflip"],"max_hp_per_floor":[70,70,70,70,70,70,70,70,70,70,70,70,77,77,77,77,77,77,77,77,77,77,77,77,77,77,77,77,77,77,77,77,77,77,77,77,77,77,77,77,77,77,77,77,77,77,77,77,77,77],"relics":["Ring of the Snake","Ice Cream","Strawberry","Sozu","Oddly Smooth Stone","Ancient Tea Set","Art of War","Runic Pyramid","Snake Skull","Peace Pipe","Red Mask"],"card_choices":[{"not_picked":["Underhanded Strike","Escape Plan"],"picked":"Noxious Fumes","floor":1.0},{"not_picked":["Deadly Poison","Flying Knee"],"picked":"Malaise","floor":2.0},{"not_picked":["Choke","Flying Knee"],"picked":"Bouncing Flask","floor":4.0},{"not_picked":["Bane","PiercingWail"],"picked":"Footwork","floor":14.0},{"not_picked":["Slice","Dodge and Roll"],"picked":"Leg Sweep","floor":21.0},{"not_picked":["Quick Slash","Setup"],"picked":"Expertise","floor":24.0},{"not_picked":["Night Terror","Grand Finale"],"picked":"Burst","floor":33.0},{"not_picked":["Choke","Acrobatics"],"picked":"Backflip","floor":35.0}],"player_experience":765009,"potions_floor_usage":[50,50],"damage_taken":[{"damage":0.0,"enemies":"2 Louse","floor":1.0,"turns":4.0},{"damage":1.0,"enemies":"Jaw Worm","floor":2.0,"turns":4.0},{"damage":0.0,"enemies":"Small Slimes","floor":4.0,"turns":4.0},{"damage":3.0,"enemies":"3 Louse","floor":7.0,"turns":4.0},{"damage":1.0,"enemies":"Blue Slaver","floor":10.0,"turns":5.0},{"damage":0.0,"enemies":"2 Fungi Beasts","floor":14.0,"turns":4.0},{"damage":0.0,"enemies":"Hexaghost","floor":16.0,"turns":10.0},{"damage":17.0,"enemies":"2 Thieves","floor":18.0,"turns":5.0},{"damage":1.0,"enemies":"Shell Parasite","floor":19.0,"turns":5.0},{"damage":3.0,"enemies":"Centurion and Healer","floor":21.0,"turns":9.0},{"damage":0.0,"enemies":"Snecko","floor":22.0,"turns":7.0},{"damage":3.0,"enemies":"Snake Plant","floor":24.0,"turns":5.0},{"damage":3.0,"enemies":"Cultist and Chosen","floor":28.0,"turns":9.0},{"damage":11.0,"enemies":"Automaton","floor":33.0,"turns":13.0},{"damage":0.0,"enemies":"Orb Walker","floor":35.0,"turns":5.0},{"damage":3.0,"enemies":"3 Shapes","floor":36.0,"turns":7.0},{"damage":2,"enemies":"Maw","floor":38,"turns":10},{"damage":32,"enemies":"Sphere and 2 Shapes","floor":39,"turns":4},{"damage":7,"enemies":"4 Shapes","floor":42,"turns":8},{"damage":0,"enemies":"3 Darklings","floor":45,"turns":7},{"damage":0,"enemies":"Maw","floor":48,"turns":10},{"damage":25,"enemies":"Donu and Deca","floor":50,"turns":8}],"event_choices":[{"event_name":"Living Wall","player_choice":"Forget","floor":3.0,"damage_taken":0.0},{"event_name":"The Cleric","player_choice":"Leave","floor":8.0,"damage_taken":0.0},{"event_name":"Shining Light","player_choice":"Entered Light","floor":11.0,"damage_taken":0.0},{"event_name":"The Woman in Blue","player_choice":"Bought 0 Potions","floor":25.0,"damage_taken":0.0},{"event_name":"Addict","player_choice":"Obtained Relic","floor":30.0,"damage_taken":0.0},{"event_name":"Purifier","player_choice":"One Purge","floor":31.0,"damage_taken":0.0},{"event_name":"Tomb of Lord Red Mask","player_choice":"Paid","floor":44,"damage_taken":0}],"boss_relics":[],"potions_floor_spawned":[4,10,14,19,21,28,35,38,45],"seed_played":"-5833874755208922077","ascension_level":0,"is_trial":false}