{"path_per_floor":["M","M","?","?","?","R","E","M","T","$","R","M","R","M","R","B",null,"M","?","?","M","M","R","$","E","T","M","M","?","E","$","R"],"character_chosen":"THE_SILENT","items_purchased":["Singing Bowl","Accuracy","Noxious Fumes"],"gold_per_floor":[119,131,131,131,131,131,171,186,186,35,35,56,56,71,71,201,201,225,150,150,174,192,192,80,114,114,133,149,64,95,20,20,20],"floor_reached":33,"campfire_rested":3,"playtime":1124,"current_hp_per_floor":[68,68,51,48,34,55,29,29,29,29,29,31,31,33,55,39,74,69,69,69,63,55,55,55,41,41,27,17,17,5,5,29,0],"items_purged":["Strike_G"],"gold":20,"score":285,"play_id":"3ea34b7c-bc36-48ed-b8b6-312bfc2bf192","local_time":"20180330183111","is_prod":false,"is_daily":false,"is_ascension_mode":false,"campfire_upgraded":0,"timestamp":1522449071,"path_taken":["M","M","?","?","?","R","E","M","T","$","R","M","R","M","R","BOSS","M","?","?","M","M","R","$","E","T","M","M","?","E","$","R","BOSS"],"build_version":"2018-03-29v2","purchased_purges":1,"victory":false,"master_deck":["Defend_G","Defend_G","Defend_G","Defend_G","Defend_G","Strike_G","Strike_G","Strike_G+1","Strike_G","Survivor+1","Neutralize","Malaise","Bouncing Flask","Bouncing Flask","Doppelganger","Blade Dance+1","Cloak And Dagger+1","Catalyst","Accuracy","Accuracy+1","Noxious Fumes"],"max_hp_per_floor":[70,70,70,70,70,70,70,70,70,70,70,72,72,74,74,74,74,74,74,74,74,74,74,74,74,74,76,78,78,80,80,80,80],"relics":["Ring of the Snake","Golden Idol","Mercury Hourglass","Vajra","Girya","Singing Bowl","White Beast Statue","Art of War","Orichalcum","Toxic Egg 2","Prayer Wheel"],"card_choices":[{"not_picked":["Flying Knee","Cloak And Dagger"],"picked":"Malaise","floor":1.0},{"not_picked":["Acrobatics","Setup"],"picked":"Bouncing Flask","floor":7.0},{"not_picked":["Sucker Punch","Masterful Stab"],"picked":"Bouncing Flask","floor":8.0},{"not_picked":["Wraith Form","Unload"],"picked":"Doppelganger","floor":16.0},{"not_picked":["Bane","Accuracy"],"picked":"Blade Dance","floor":18},{"not_picked":["Accuracy","Bane"],"picked":"Cloak And Dagger","floor":21},{"not_picked":["Expertise","Underhanded Strike"],"picked":"Catalyst","floor":22},{"not_picked":["Bane","Underhanded Strike"],"picked":"Accuracy","floor":25}],"player_experience":777915,"potions_floor_usage":[21,25,27,28,30,30,30,33],"damage_taken":[{"damage":2.0,"enemies":"Jaw Worm","floor":1.0,"turns":3.0},{"damage":0.0,"enemies":"Small Slimes","floor":2.0,"turns":5.0},{"damage":26.0,"enemies":"Lagavulin","floor":7.0,"turns":10.0},{"damage":0.0,"enemies":"2 Louse","floor":8.0,"turns":2.0},{"damage":0.0,"enemies":"2 Fungi Beasts","floor":12.0,"turns":3.0},{"damage":0.0,"enemies":"3 Louse","floor":14.0,"turns":2.0},{"damage":16.0,"enemies":"The Guardian","floor":16.0,"turns":9.0},{"damage":5,"enemies":"Spheric Guardian","floor":18,"turns":3},{"damage":6,"enemies":"2 Thieves","floor":21,"turns":4},{"damage":8,"enemies":"3 Cultists","floor":22,"turns":5},{"damage":14,"enemies":"Book of Stabbing","floor":25,"turns":6},{"damage":16,"enemies":"Slaver and Parasite","floor":27,"turns":5},{"damage":12,"enemies":"Cultist and Chosen","floor":28,"turns":5},{"damage":14,"enemies":"Slavers","floor":30,"turns":5},{"damage":33,"enemies":"Automaton","floor":33,"turns":6}],"event_choices":[{"event_name":"Golden Idol","player_choice":"Take Damage","floor":3.0,"damage_taken":0.0},{"event_name":"Scrap Ooze","player_choice":"success","floor":4.0,"damage_taken":3.0},{"event_name":"Shining Light","player_choice":"Entered Light","floor":5.0,"damage_taken":0.0},{"event_name":"Beggar","player_choice":"Gave Gold","floor":19,"damage_taken":0},{"event_name":"Ghosts","player_choice":"Ignored","floor":20,"damage_taken":0},{"event_name":"Addict","player_choice":"Obtained Relic","floor":29,"damage_taken":0}],"boss_relics":[],"potions_floor_spawned":[7,14,16,18,21,22,25,27,28,30],"seed_played":"7655374945087399028","killed_by":"Automaton","ascension_level":0,"is_trial":false}