{"path_per_floor":["M","?","?","?","$","E","R","?","T","M","M","M","R","$","R","B",null,"M","$","?","?","$","E","R","$","T","R","?","M","?","M","R","B",null,"M","M","?","$","M","R","$","E","T","M","M","?","M","M","R","B"],"character_chosen":"THE_SILENT","items_purchased":["Catalyst","Bronze Scales","Poisoned Stab","Dodge and Roll","Anchor","Mango","Well Laid Plans","Ice Cream"],"gold_per_floor":[361,361,311,311,6,31,31,31,56,74,98,113,113,11,11,135,135,153,5,5,5,5,46,46,46,69,69,69,87,137,161,161,291,291,310,326,659,318,334,334,20,49,100,120,139,139,153,165,165,165],"floor_reached":51,"campfire_rested":1,"playtime":2367,"current_hp_per_floor":[66,66,66,52,52,40,40,40,40,40,40,40,40,40,40,24,65,65,65,65,65,65,56,63,63,63,63,63,63,63,58,58,58,72,72,58,58,72,72,72,72,41,41,27,22,22,25,29,69,41],"items_purged":["Doubt"],"gold":165,"score":818,"play_id":"259e71c7-4aa9-479a-af5f-a86b1e4452a2","local_time":"20180403160224","is_prod":false,"is_daily":false,"is_ascension_mode":false,"campfire_upgraded":3,"timestamp":1522785744,"path_taken":["M","?","?","?","$","E","R","?","T","M","M","M","R","$","R","BOSS","M","$","?","?","$","E","R","$","T","R","?","M","?","M","R","BOSS","M","M","?","$","M","R","$","E","T","M","M","?","M","M","R","BOSS"],"build_version":"2018-03-29v2","purchased_purges":2,"victory":true,"master_deck":["Defend_G+1","Defend_G+1","Defend_G+1","Defend_G+1","Defend_G+1","Strike_G+1","Strike_G+1","Strike_G+1","Strike_G+1","Strike_G+1","Survivor","Neutralize+1","Deadly Poison","Catalyst+1","Blur+1","Bane","Bane","Malaise+1","Poisoned Stab+1","Dodge and Roll","Night Terror","Backflip+1","Poisoned Stab","Footwork","Well Laid Plans","Catalyst","Bandage Up","Poisoned Stab+1"],"max_hp_per_floor":[70,70,70,70,70,70,70,65,65,65,65,65,65,65,65,65,65,65,65,65,65,65,65,72,72,72,72,72,72,72,72,72,72,72,72,72,72,86,86,86,86,86,86,86,86,86,86,86,86,86],"relics":["Ring of the Snake","Juzu Bracelet","Bronze Scales","Whetstone","Regal Pillow","Sozu","Anchor","Shovel","Strawberry","War Paint","Lantern","Bottled Tornado","Philosopher\u0027s Stone","Mango","Question Card","Ice Cream","Ancient Tea Set","Art of War"],"card_choices":[{"not_picked":["Concentrate","Choke"],"picked":"Deadly Poison","floor":1.0},{"not_picked":["Tools of the Trade","Dagger Spray"],"picked":"Blur","floor":6.0},{"not_picked":["Masterful Stab","Riddle With Holes"],"picked":"Bane","floor":10.0},{"not_picked":["Setup","Acrobatics"],"picked":"Bane","floor":11.0},{"not_picked":["Dagger Throw","Crippling Poison"],"picked":"Malaise","floor":12.0},{"not_picked":["Tools of the Trade","A Thousand Cuts"],"picked":"Night Terror","floor":16.0},{"not_picked":["Slice","Dagger Throw"],"picked":"Backflip","floor":18.0},{"not_picked":["Quick Slash","Underhanded Strike"],"picked":"Poisoned Stab","floor":29.0},{"not_picked":["Poisoned Stab","Cloak And Dagger"],"picked":"Footwork","floor":31.0},{"not_picked":["Bane","Deadly Poison","Prepared"],"picked":"Catalyst","floor":42.0},{"not_picked":["Good Instincts","Deep Breath","Madness"],"picked":"Bandage Up","floor":46},{"not_picked":["Blade Dance","Escape Plan","Deadly Poison"],"picked":"Poisoned Stab","floor":47}],"player_experience":838807,"potions_floor_usage":[50,50],"damage_taken":[{"damage":4.0,"enemies":"Jaw Worm","floor":1.0,"turns":6.0},{"damage":12.0,"enemies":"Lagavulin","floor":6.0,"turns":6.0},{"damage":0.0,"enemies":"Small Slimes","floor":10.0,"turns":3.0},{"damage":0.0,"enemies":"2 Louse","floor":11.0,"turns":2.0},{"damage":0.0,"enemies":"2 Fungi Beasts","floor":12.0,"turns":3.0},{"damage":16.0,"enemies":"Slime Boss","floor":16.0,"turns":8.0},{"damage":0.0,"enemies":"Spheric Guardian","floor":18.0,"turns":3.0},{"damage":9.0,"enemies":"Gremlin Leader","floor":23.0,"turns":6.0},{"damage":0.0,"enemies":"Shell Parasite","floor":29.0,"turns":4.0},{"damage":5.0,"enemies":"Sentry and Sphere","floor":31.0,"turns":9.0},{"damage":0.0,"enemies":"Champ","floor":33.0,"turns":5.0},{"damage":0.0,"enemies":"3 Shapes","floor":35.0,"turns":4.0},{"damage":14.0,"enemies":"3 Darklings","floor":36.0,"turns":7.0},{"damage":0.0,"enemies":"Maw","floor":39.0,"turns":8.0},{"damage":31.0,"enemies":"2 Orb Walkers","floor":42.0,"turns":6.0},{"damage":14,"enemies":"Sphere and 2 Shapes","floor":44,"turns":8},{"damage":5,"enemies":"3 Darklings","floor":45,"turns":7},{"damage":1,"enemies":"4 Shapes","floor":47,"turns":8},{"damage":0,"enemies":"Maw","floor":48,"turns":7},{"damage":47,"enemies":"Awakened One","floor":50,"turns":14}],"event_choices":[{"event_name":"Big Fish","player_choice":"Box","floor":2.0,"damage_taken":0.0},{"event_name":"The Cleric","player_choice":"Card Removal","floor":3.0,"damage_taken":0.0},{"event_name":"Shining Light","player_choice":"Entered Light","floor":4.0,"damage_taken":0.0},{"event_name":"Golden Idol","player_choice":"Lose Max HP","floor":8.0,"damage_taken":0.0},{"event_name":"Addict","player_choice":"Ignored","floor":20.0,"damage_taken":0.0},{"event_name":"Back to Basics","player_choice":"Simplicity","floor":21.0,"damage_taken":0.0},{"event_name":"Ghosts","player_choice":"Ignored","floor":28.0,"damage_taken":0.0},{"event_name":"The Joust","player_choice":"Bet on Murderer","floor":30.0,"damage_taken":0.0},{"event_name":"The Moai Head","player_choice":"Gave Idol","floor":37.0,"damage_taken":0.0},{"event_name":"SensoryStone","player_choice":"Memory 1","floor":46,"damage_taken":0}],"boss_relics":[],"potions_floor_spawned":[1,6,12,16,23,31,33,36,42,44,48],"seed_played":"330146699978920042","ascension_level":0,"is_trial":false}