{"path_per_floor":["M","$","?","M","?","R","M","M","T","?","M","M","M","M","R","B",null,"M","?","M","?","?","R","M","M","T","$","M","?","?","?","R"],"character_chosen":"THE_SILENT","items_purchased":["Frozen Egg 2","Noxious Fumes","Backflip"],"gold_per_floor":[111,111,111,130,130,130,146,164,164,264,280,297,309,319,319,424,424,437,362,373,373,373,373,387,407,477,67,77,77,77,77,77,77],"floor_reached":33,"campfire_rested":3,"playtime":1078,"current_hp_per_floor":[70,70,56,56,56,56,52,52,66,66,65,61,59,38,63,12,84,51,51,39,39,23,49,16,13,13,13,3,3,3,3,29,0],"items_purged":["Decay"],"gold":77,"score":292,"play_id":"3e70cf46-b14e-4e2c-abef-18b84f925fb5","local_time":"20180409032714","is_prod":false,"is_daily":false,"is_ascension_mode":false,"campfire_upgraded":1,"timestamp":1523258834,"path_taken":["M","$","?","?","?","R","M","M","T","?","M","M","M","M","R","BOSS","M","?","M","?","?","R","M","?","T","$","M","?","?","?","R","BOSS"],"build_version":"2018-04-05v2","purchased_purges":1,"victory":false,"master_deck":["Defend_G+1","Defend_G","Defend_G","Defend_G","Defend_G","Survivor+1","Neutralize+1","Dagger Spray","Predator","Flying Knee","Venomology","Injury","Dodge and Roll","Terror","Quick Slash","Noxious Fumes+1","Backflip","Bite","Bite","Bite","Bite","Bite","Noxious Fumes+1"],"max_hp_per_floor":[70,70,70,70,70,70,70,70,84,84,84,84,84,84,84,84,84,84,84,84,84,89,89,89,89,89,89,89,89,89,89,89,89],"relics":["Ring of the Snake","Mango","Calling Bell","Omamori","Dodecahedron","Pen Nib","Shuriken","Frozen Egg 2"],"card_choices":[{"not_picked":["Reflex","Leg Sweep"],"picked":"Dagger Spray","floor":7.0},{"not_picked":["Well Laid Plans","Malaise"],"picked":"Predator","floor":8.0},{"not_picked":["Dagger Throw","Backflip"],"picked":"Flying Knee","floor":12.0},{"not_picked":["Bullet Time","Tools of the Trade"],"picked":"Venomology","floor":16.0},{"not_picked":["Prepared","Finisher"],"picked":"Dodge and Roll","floor":18.0},{"not_picked":["Choke","Quick Slash"],"picked":"Terror","floor":20.0},{"not_picked":["Malaise","Burst"],"picked":"Quick Slash","floor":24.0}],"player_experience":847043,"potions_floor_usage":[28,28,33,33,33],"damage_taken":[{"damage":0.0,"enemies":"Small Slimes","floor":1.0,"turns":4.0},{"damage":0.0,"enemies":"2 Louse","floor":4.0,"turns":4.0},{"damage":4.0,"enemies":"Cultist","floor":7.0,"turns":4.0},{"damage":0.0,"enemies":"Looter","floor":8.0,"turns":3.0},{"damage":1.0,"enemies":"Red Slaver","floor":11.0,"turns":3.0},{"damage":4.0,"enemies":"Large Slime","floor":12.0,"turns":6.0},{"damage":2.0,"enemies":"Looter","floor":13.0,"turns":3.0},{"damage":21.0,"enemies":"Exordium Thugs","floor":14.0,"turns":5.0},{"damage":51.0,"enemies":"Slime Boss","floor":16.0,"turns":16.0},{"damage":33.0,"enemies":"Shell Parasite","floor":18.0,"turns":10.0},{"damage":14.0,"enemies":"Chosen","floor":20.0,"turns":7.0},{"damage":35.0,"enemies":"Centurion and Healer","floor":24.0,"turns":8.0},{"damage":5.0,"enemies":"Snecko","floor":25.0,"turns":4.0},{"damage":12,"enemies":"Snake Plant","floor":28,"turns":5},{"damage":37,"enemies":"Collector","floor":33,"turns":3}],"event_choices":[{"event_name":"Shining Light","player_choice":"Entered Light","floor":3.0,"damage_taken":0.0},{"event_name":"Match and Keep!","player_choice":"0 cards matched","floor":5.0,"damage_taken":0.0},{"event_name":"Golden Shrine","player_choice":"Pray","floor":10.0,"damage_taken":0.0},{"event_name":"Beggar","player_choice":"Gave Gold","floor":19.0,"damage_taken":0.0},{"event_name":"The Mausoleum","player_choice":"Yes","floor":21.0,"damage_taken":0.0},{"event_name":"Forgotten Altar","player_choice":"Shed Blood","floor":22.0,"damage_taken":0.0},{"event_name":"Vampires","player_choice":"Became a vampire (Vial)","floor":29,"damage_taken":0},{"event_name":"Duplicator","player_choice":"One dupe","floor":30,"damage_taken":0},{"event_name":"Drug Dealer","player_choice":"Ignored","floor":31,"damage_taken":0}],"boss_relics":[],"potions_floor_spawned":[4,7,11,14,24,28],"seed_played":"1430590784109323689","killed_by":"Collector","ascension_level":0,"is_trial":false}