{"path_per_floor":["M","?","$","M","?","R","E","R","T","R","M","M","R","?","R","B",null,"M","?","T","?","?","R","M","M","T","$","M","$","?","M","R","B",null,"M","M","?","M"],"character_chosen":"THE_SILENT","items_purchased":["Accuracy","Lee\u0027s Waffle","Noxious Fumes"],"gold_per_floor":[110,110,34,55,55,55,95,95,120,120,139,152,152,152,152,283,283,274,274,301,301,301,301,324,337,363,25,43,43,43,59,59,190,190,214,233,233,257,257],"floor_reached":39,"campfire_rested":2,"playtime":1328,"current_hp_per_floor":[72,53,53,48,33,56,36,59,59,59,59,54,54,77,77,64,77,64,64,64,64,64,64,57,48,48,84,66,66,66,65,65,24,84,72,41,41,24,0],"items_purged":["Injury"],"gold":257,"score":379,"play_id":"7348ddde-69b4-46bb-a22f-adbaf3172fd3","local_time":"20180413195110","is_prod":false,"is_daily":false,"chose_seed":false,"is_ascension_mode":false,"campfire_upgraded":5,"timestamp":1523663470,"path_taken":["M","?","$","M","?","R","E","R","T","R","?","?","R","?","R","BOSS","M","?","?","?","?","R","?","M","T","$","M","$","?","M","R","BOSS","M","?","?","M","M"],"build_version":"2018-04-12","seed_source_timestamp":2360219418554368,"purchased_purges":1,"victory":false,"master_deck":["Defend_G+1","Defend_G","Defend_G","Defend_G","Defend_G+1","Strike_G","Strike_G","Strike_G","Survivor+1","Neutralize+1","Infinite Blades+1","Accuracy+1","Accuracy+1","After Image","Noxious Fumes+1","Blur","Noxious Fumes+1","Envenom","Distraction+1"],"max_hp_per_floor":[77,77,77,77,77,77,77,77,77,77,77,77,77,77,77,77,77,77,77,77,77,77,77,77,77,77,84,84,84,84,84,84,84,84,84,84,84,84,84],"relics":["Ring of the Snake","Golden Idol","Pen Nib","Dream Catcher","Cursed Key","Orichalcum","War Paint","Lee\u0027s Waffle","Philosopher\u0027s Stone"],"card_choices":[{"not_picked":["Flying Knee","Terror"],"picked":"Infinite Blades","floor":1.0},{"not_picked":["Acrobatics","Backflip"],"picked":"Accuracy","floor":7.0},{"not_picked":["Unload","Grand Finale"],"picked":"After Image","floor":16},{"not_picked":["Acrobatics","Sucker Punch"],"picked":"Noxious Fumes","floor":18},{"not_picked":["After Image","Tactician"],"picked":"Envenom","floor":33},{"not_picked":["Masterful Stab","Outmaneuver"],"picked":"Distraction","floor":35}],"player_experience":851219,"potions_floor_usage":[16,24,25,25,25,38,39],"damage_taken":[{"damage":5.0,"enemies":"2 Louse","floor":1.0,"turns":3.0},{"damage":5.0,"enemies":"Cultist","floor":4.0,"turns":4.0},{"damage":20.0,"enemies":"3 Sentries","floor":7.0,"turns":9.0},{"damage":0.0,"enemies":"Small Slimes","floor":11.0,"turns":3.0},{"damage":5.0,"enemies":"Looter","floor":12.0,"turns":3.0},{"damage":13,"enemies":"Slime Boss","floor":16,"turns":7},{"damage":13,"enemies":"2 Thieves","floor":18,"turns":4},{"damage":7,"enemies":"Spheric Guardian","floor":24,"turns":4},{"damage":24,"enemies":"Slaver and Parasite","floor":25,"turns":5},{"damage":18,"enemies":"Snake Plant","floor":28,"turns":5},{"damage":1,"enemies":"Sentry and Sphere","floor":31,"turns":7},{"damage":41,"enemies":"Collector","floor":33,"turns":10},{"damage":12,"enemies":"3 Shapes","floor":35,"turns":7},{"damage":31,"enemies":"3 Darklings","floor":36,"turns":6},{"damage":17,"enemies":"Sphere and 2 Shapes","floor":38,"turns":5},{"damage":25,"enemies":"4 Shapes","floor":39,"turns":1}],"event_choices":[{"event_name":"Golden Idol","player_choice":"Take Damage","floor":2.0,"damage_taken":0.0},{"event_name":"Shining Light","player_choice":"Entered Light","floor":5.0,"damage_taken":0.0},{"event_name":"Wheel of Change","player_choice":"Full Heal","floor":14,"damage_taken":0},{"event_name":"The Library","player_choice":"Read","floor":19,"damage_taken":0},{"event_name":"Back to Basics","player_choice":"Elegance","floor":21,"damage_taken":0},{"event_name":"Purifier","player_choice":"One Purge","floor":22,"damage_taken":0},{"event_name":"Addict","player_choice":"Ignored","floor":30,"damage_taken":0},{"event_name":"Purifier","player_choice":"One Purge","floor":37,"damage_taken":0}],"boss_relics":[{"not_picked":["Velvet Choker","Astrolabe"],"picked":"Cursed Key"},{"not_picked":["Runic Pyramid","Snecko Eye"],"picked":"Philosopher\u0027s Stone"}],"potions_floor_spawned":[4,11,12,16,24,31,35,36],"seed_played":"7763358854601739643","killed_by":"4 Shapes","ascension_level":0,"is_trial":false}