{"path_per_floor":["M","?","?","M","?","E","M","R","T","M","M","$","?","M","R","B",null,"M","?","M","M","?","R","M","R","T","R","?","R","$","M","R","B",null,"M","M","M","?","$","R","M","?","T","M","M","?","M","$","R","B"],"character_chosen":"THE_SILENT","items_purchased":["Thread and Needle","Tools of the Trade","Anchor","Acrobatics","Quick Slash","Flying Knee"],"gold_per_floor":[118,118,293,311,311,340,360,360,385,403,422,43,43,63,63,165,165,137,62,81,92,92,92,103,103,103,103,103,103,28,40,40,142,142,156,172,184,184,37,37,53,0,80,96,112,112,129,6,6,6],"floor_reached":51,"campfire_rested":0,"playtime":3098,"current_hp_per_floor":[70,70,70,70,67,67,63,63,63,62,53,53,53,53,53,51,70,69,69,67,67,67,67,67,67,67,67,67,67,67,67,67,1,70,70,70,70,61,61,61,61,61,61,61,61,61,61,61,61,18],"items_purged":["Strike_G"],"gold":6,"score":676,"play_id":"a6325312-ce2d-4caa-ba1f-e0db9cfc107c","local_time":"20180409234356","is_prod":false,"is_daily":false,"is_ascension_mode":false,"campfire_upgraded":9,"timestamp":1523331836,"path_taken":["M","?","?","?","?","E","?","R","T","M","M","$","?","M","R","BOSS","M","?","M","M","?","R","?","R","T","R","?","R","$","M","R","BOSS","M","M","M","?","$","R","M","?","T","M","M","?","?","$","R","BOSS"],"build_version":"2018-04-05v2","purchased_purges":2,"victory":true,"master_deck":["Survivor+1","Neutralize+1","Blur","Tactician+1","Quick Slash","Dagger Throw","Tools of the Trade+1","Tools of the Trade+1","Distraction+1","PiercingWail+1","Underhanded Strike+1","Adrenaline+1","Sucker Punch","Dagger Throw","Dagger Throw","Acrobatics","Dash","Well Laid Plans+1","Underhanded Strike","Underhanded Strike+1","Leg Sweep","Madness","Madness","Underhanded Strike+1","Adrenaline","Blade Dance+1","PiercingWail+1","Acrobatics","Quick Slash","Flying Knee"],"max_hp_per_floor":[70,70,70,70,70,70,70,70,70,70,70,70,70,70,70,70,70,70,70,70,70,70,70,70,70,70,70,70,70,70,70,70,70,70,70,70,70,70,70,70,70,70,70,70,70,70,70,70,70,70],"relics":["Ring of the Snake","NeowsBlessing","Bag of Preparation","Gremlin Horn","War Paint","Thread and Needle","Spirit Poop","Sozu","Dead Branch","Mercury Hourglass","Pandora\u0027s Box","Anchor","Red Mask","Matryoshka"],"card_choices":[{"not_picked":["Slice","Reflex"],"picked":"Blur","floor":4},{"not_picked":["Caltrops","Endless Agony"],"picked":"Tactician","floor":6},{"not_picked":["Riddle With Holes","Outmaneuver"],"picked":"Quick Slash","floor":10},{"not_picked":["Prepared","Dagger Spray"],"picked":"Dagger Throw","floor":11},{"not_picked":["Venomology","Wraith Form"],"picked":"Tools of the Trade","floor":16},{"not_picked":["Sucker Punch","Poisoned Stab"],"picked":"Distraction","floor":18},{"not_picked":["Riddle With Holes","Deflect"],"picked":"PiercingWail","floor":21},{"not_picked":["Crippling Poison","PiercingWail"],"picked":"Underhanded Strike","floor":24},{"not_picked":["Venomology","Doppelganger"],"picked":"Adrenaline","floor":33},{"not_picked":["Backstab","Prepared"],"picked":"Underhanded Strike","floor":35},{"not_picked":["Cloak And Dagger","Terror"],"picked":"Leg Sweep","floor":37},{"not_picked":["Quick Slash","Acrobatics"],"picked":"Underhanded Strike","floor":41},{"not_picked":["Deadly Poison","All Out Attack"],"picked":"Adrenaline","floor":44},{"not_picked":["Poisoned Stab","PiercingWail"],"picked":"Blade Dance","floor":45},{"not_picked":["Setup","Backstab"],"picked":"PiercingWail","floor":47}],"player_experience":848121,"potions_floor_usage":[16,50,50,50],"damage_taken":[{"damage":0,"enemies":"Jaw Worm","floor":1,"turns":1},{"damage":0,"enemies":"Small Slimes","floor":4,"turns":1},{"damage":0,"enemies":"3 Sentries","floor":6,"turns":1},{"damage":4,"enemies":"Cultist","floor":7,"turns":6},{"damage":1,"enemies":"Looter","floor":10,"turns":5},{"damage":9,"enemies":"Exordium Wildlife","floor":11,"turns":6},{"damage":0,"enemies":"Red Slaver","floor":14,"turns":4},{"damage":2,"enemies":"Slime Boss","floor":16,"turns":11},{"damage":1,"enemies":"2 Thieves","floor":18,"turns":5},{"damage":2,"enemies":"Shell Parasite","floor":20,"turns":7},{"damage":0,"enemies":"Snecko","floor":21,"turns":7},{"damage":0,"enemies":"Snake Plant","floor":24,"turns":4},{"damage":0,"enemies":"Cultist and Chosen","floor":31,"turns":6},{"damage":66,"enemies":"Champ","floor":33,"turns":11},{"damage":0,"enemies":"3 Shapes","floor":35,"turns":4},{"damage":0,"enemies":"Orb Walker","floor":36,"turns":2},{"damage":0,"enemies":"3 Darklings","floor":37,"turns":3},{"damage":0,"enemies":"Maw","floor":41,"turns":7},{"damage":0,"enemies":"Sphere and 2 Shapes","floor":44,"turns":3},{"damage":0,"enemies":"4 Shapes","floor":45,"turns":2},{"damage":0,"enemies":"Maw","floor":47,"turns":6},{"damage":43,"enemies":"Time Eater","floor":50,"turns":9}],"event_choices":[{"event_name":"Living Wall","player_choice":"Forget","floor":2,"damage_taken":0},{"event_name":"Liars Game","player_choice":"agreed","floor":3,"damage_taken":0},{"event_name":"Scrap Ooze","player_choice":"success","floor":5,"damage_taken":3},{"event_name":"Bonfire Elementals","player_choice":"CURSE","floor":13,"damage_taken":0},{"event_name":"Beggar","player_choice":"Gave Gold","floor":19,"damage_taken":0},{"event_name":"The Mausoleum","player_choice":"Yes","floor":22,"damage_taken":0},{"event_name":"Cursed Tome","player_choice":"Ignored","floor":28,"damage_taken":0},{"event_name":"Winding Halls","player_choice":"Embrace Madness","floor":38,"damage_taken":0},{"event_name":"Tomb of Lord Red Mask","player_choice":"Paid","floor":42,"damage_taken":0},{"event_name":"SensoryStone","player_choice":"Memory 1","floor":46,"damage_taken":0}],"boss_relics":[{"not_picked":["Eternal Feather","Philosopher\u0027s Stone"],"picked":"Sozu"},{"not_picked":["White Beast Statue","Velvet Choker"],"picked":"Pandora\u0027s Box"}],"potions_floor_spawned":[1,10,14,16,18,21,24,33,36,41,47],"seed_played":"549840455441025111","ascension_level":0,"is_trial":false}