{"path_per_floor":["M","?","?","?","M","E","M","T","T","E","M","?","$","E","R","B",null,"M","?","$","?","M","M","R","M","T","M","E","$","?","$","R"],"character_chosen":"THE_SILENT","items_purchased":["Apotheosis","Kunai","Poison Potion","Anchor","Swift Potion"],"gold_per_floor":[111,111,71,321,333,368,380,380,407,441,460,635,47,79,79,184,184,203,203,2,2,19,37,37,57,83,103,136,37,37,37,37,37],"floor_reached":33,"campfire_rested":2,"playtime":2299,"current_hp_per_floor":[63,63,63,63,63,62,61,61,61,54,52,52,52,33,33,33,63,40,40,40,40,32,19,52,44,44,24,7,7,7,7,40,0],"items_purged":["Regret","Writhe","Decay"],"gold":37,"score":333,"play_id":"16c7a251-7ee5-4f0e-a4ad-993d1662f7f7","local_time":"20180331132646","is_prod":false,"is_daily":false,"is_ascension_mode":false,"campfire_upgraded":1,"timestamp":1522517206,"path_taken":["M","?","?","?","M","E","M","?","T","E","M","?","$","E","R","BOSS","M","?","$","?","?","M","R","M","T","M","E","$","?","?","R","BOSS"],"build_version":"2018-03-29v2","purchased_purges":3,"victory":false,"master_deck":["Defend_G","Defend_G+1","Defend_G","Defend_G","Defend_G+1","Strike_G","Strike_G","Strike_G","Strike_G+1","Strike_G","Survivor","Neutralize","Unload+1","Endless Agony+1","Slice","Bouncing Flask","Deadly Poison","Outmaneuver","Doubt","Apotheosis+1","Slice","Burst","Doubt","Prepared","Skewer+1","Poisoned Stab","Outmaneuver+1","Escape Plan","Prepared+1"],"max_hp_per_floor":[63,63,63,63,63,63,63,63,63,63,63,63,63,63,63,63,63,63,63,63,63,63,63,63,63,63,63,63,63,63,63,63,63],"relics":["Ring of the Snake","Bag of Marbles","Calipers","Snake Skull","Letter Opener","Kunai","Paper Crane","Calling Bell","War Paint","Regal Pillow","Smiling Mask","Bronze Scales","Anchor","Whetstone","Vajra"],"card_choices":[{"not_picked":["A Thousand Cuts","Wraith Form"],"picked":"Unload","floor":0.0},{"not_picked":["Prepared","Well Laid Plans"],"picked":"Endless Agony","floor":1.0},{"not_picked":["Well Laid Plans","Leg Sweep"],"picked":"Slice","floor":5.0},{"not_picked":["Blade Dance","Doppelganger"],"picked":"Bouncing Flask","floor":6.0},{"not_picked":["Quick Slash","Bane"],"picked":"Deadly Poison","floor":7.0},{"not_picked":["Reflex","Bouncing Flask"],"picked":"Outmaneuver","floor":11.0},{"not_picked":["Bane","PiercingWail"],"picked":"Slice","floor":14.0},{"not_picked":["Glass Knife","Tactician"],"picked":"Burst","floor":16.0},{"not_picked":["Riddle With Holes","Flying Knee"],"picked":"Prepared","floor":18.0},{"not_picked":["Acrobatics","Predator"],"picked":"Skewer","floor":22.0},{"not_picked":["Leg Sweep","Sucker Punch"],"picked":"Poisoned Stab","floor":23.0},{"not_picked":["All Out Attack","Footwork"],"picked":"Outmaneuver","floor":25.0},{"not_picked":["Underhanded Strike","Burst"],"picked":"Escape Plan","floor":27.0},{"not_picked":["Slice","Well Laid Plans"],"picked":"Prepared","floor":28.0}],"player_experience":51944,"potions_floor_usage":[33,33],"damage_taken":[{"damage":0.0,"enemies":"2 Louse","floor":1.0,"turns":2.0},{"damage":0.0,"enemies":"Cultist","floor":5.0,"turns":3.0},{"damage":1.0,"enemies":"3 Sentries","floor":6.0,"turns":7.0},{"damage":1.0,"enemies":"Jaw Worm","floor":7.0,"turns":3.0},{"damage":7.0,"enemies":"Gremlin Nob","floor":10.0,"turns":3.0},{"damage":2.0,"enemies":"Looter","floor":11.0,"turns":3.0},{"damage":19.0,"enemies":"Lagavulin","floor":14.0,"turns":5.0},{"damage":0.0,"enemies":"Hexaghost","floor":16.0,"turns":5.0},{"damage":23.0,"enemies":"Shell Parasite","floor":18.0,"turns":5.0},{"damage":8.0,"enemies":"Spheric Guardian","floor":22.0,"turns":5.0},{"damage":13.0,"enemies":"Snake Plant","floor":23.0,"turns":4.0},{"damage":8.0,"enemies":"Chosen and Byrds","floor":25.0,"turns":6.0},{"damage":20.0,"enemies":"Centurion and Healer","floor":27.0,"turns":6.0},{"damage":17.0,"enemies":"Slavers","floor":28.0,"turns":4.0},{"damage":42,"enemies":"Collector","floor":33,"turns":7}],"event_choices":[{"event_name":"Upgrade Shrine","player_choice":"Upgraded","floor":2.0,"damage_taken":0.0},{"event_name":"The Woman in Blue","player_choice":"Bought 3 Potions","floor":3.0,"damage_taken":0.0},{"event_name":"Golden Shrine","player_choice":"Desecrate","floor":4.0,"damage_taken":0.0},{"event_name":"Liars Game","player_choice":"agreed","floor":12.0,"damage_taken":0.0},{"event_name":"The Mausoleum","player_choice":"Yes","floor":19.0,"damage_taken":0.0},{"event_name":"Back to Basics","player_choice":"Elegance","floor":21.0,"damage_taken":0.0},{"event_name":"Addict","player_choice":"Ignored","floor":30.0,"damage_taken":0.0}],"boss_relics":[],"potions_floor_spawned":[5,10,14,16,22,27,28],"seed_played":"-5764965229478747244","killed_by":"Collector","ascension_level":0,"is_trial":false}