{"path_per_floor":["M","M","$","?","M","R","E","M","T","?","R","?","M","M","R","B",null,"M","M","?","?","$"],"character_chosen":"THE_SILENT","items_purchased":["Outmaneuver","Ice Cream"],"gold_per_floor":[116,135,11,111,127,127,155,173,220,280,280,280,292,302,302,401,401,413,425,425,425,129,129],"floor_reached":23,"campfire_rested":3,"playtime":1663,"current_hp_per_floor":[35,35,35,35,26,47,18,16,16,16,37,37,39,39,60,13,70,63,46,46,46,46,0],"items_purged":["Strike_G"],"gold":129,"score":191,"play_id":"a82a2d95-8f7d-4e3a-86d9-1608262081c5","local_time":"20180401140702","is_prod":false,"is_daily":false,"is_ascension_mode":false,"campfire_upgraded":0,"timestamp":1522606022,"path_taken":["M","M","$","?","M","R","E","M","T","?","R","?","M","M","R","BOSS","M","M","?","?","?","E"],"build_version":"2018-03-29v2","purchased_purges":1,"victory":false,"master_deck":["Defend_G","Defend_G","Defend_G","Defend_G","Defend_G","Strike_G","Survivor","Neutralize","Unload","Burst","Flying Knee","Outmaneuver+1","Finisher","Noxious Fumes","Cloak And Dagger","Slice","Slice","Venomology","Skewer+1","Blur+1","Flechettes+1","Flying Knee","Slice"],"max_hp_per_floor":[70,70,70,70,70,70,70,70,70,70,70,70,70,70,70,70,70,70,70,70,70,70,70],"relics":["Ring of the Snake","Prayer Wheel","Oddly Smooth Stone","Astrolabe","Ice Cream"],"card_choices":[{"not_picked":["Wraith Form","Storm of Steel"],"picked":"Unload","floor":0},{"not_picked":["Quick Slash","Dagger Spray"],"picked":"Burst","floor":1},{"not_picked":["PiercingWail","Underhanded Strike"],"picked":"Flying Knee","floor":2},{"not_picked":["Acrobatics","Sucker Punch"],"picked":"Finisher","floor":5},{"not_picked":["Heel Hook","Choke"],"picked":"Noxious Fumes","floor":7},{"not_picked":["All Out Attack","Finisher"],"picked":"Cloak And Dagger","floor":9},{"not_picked":["Phantasmal Killer","Masterful Stab"],"picked":"Slice","floor":13},{"not_picked":["Choke","Accuracy"],"picked":"Slice","floor":14},{"not_picked":["Envenom","Corpse Explosion"],"picked":"Venomology","floor":16},{"not_picked":["Masterful Stab","Accuracy"],"picked":"Flying Knee","floor":18},{"not_picked":["Sucker Punch","Poisoned Stab"],"picked":"Slice","floor":19}],"player_experience":64176,"potions_floor_usage":[13,16,18,23],"damage_taken":[{"damage":0,"enemies":"Small Slimes","floor":1,"turns":3},{"damage":0,"enemies":"Cultist","floor":2,"turns":4},{"damage":9,"enemies":"Jaw Worm","floor":5,"turns":4},{"damage":29,"enemies":"Lagavulin","floor":7,"turns":13},{"damage":2,"enemies":"Looter","floor":8,"turns":2},{"damage":7,"enemies":"Blue Slaver","floor":13,"turns":4},{"damage":0,"enemies":"Large Slime","floor":14,"turns":2},{"damage":47,"enemies":"The Guardian","floor":16,"turns":15},{"damage":7,"enemies":"Shell Parasite","floor":18,"turns":6},{"damage":17,"enemies":"Chosen","floor":19,"turns":6},{"damage":63,"enemies":"Book of Stabbing","floor":23,"turns":7}],"event_choices":[{"event_name":"Wheel of Change","player_choice":"Gold","floor":4,"damage_taken":0},{"event_name":"Golden Wing","player_choice":"Gained Gold","floor":10,"damage_taken":0},{"event_name":"Living Wall","player_choice":"Grow","floor":12,"damage_taken":0},{"event_name":"Forgotten Altar","player_choice":"Smashed Altar","floor":20,"damage_taken":0},{"event_name":"Back to Basics","player_choice":"Elegance","floor":21,"damage_taken":0}],"boss_relics":[{"not_picked":["Sozu","Velvet Choker"],"picked":"Astrolabe"}],"potions_floor_spawned":[2,8,18],"seed_played":"3188502247487994833","killed_by":"Book of Stabbing","ascension_level":0,"is_trial":false}