{"path_per_floor":["M","?","$","$","?","E","M","R","T","R","?","$","M","M","R","B",null,"M","?","M","?"],"character_chosen":"THE_SILENT","items_purchased":["Prepared"],"gold_per_floor":[114,114,39,15,15,46,56,56,102,102,102,2,22,40,40,142,142,154,79,98,98,98],"floor_reached":22,"campfire_rested":1,"playtime":1235,"current_hp_per_floor":[70,70,70,70,70,40,39,39,39,60,66,66,66,66,66,59,76,69,69,50,50,0],"items_purged":["Strike_G","Regret"],"gold":98,"score":182,"play_id":"48a7e0d1-6c88-429b-b28f-790322307b39","local_time":"20180401201518","is_prod":false,"is_daily":false,"is_ascension_mode":false,"campfire_upgraded":2,"timestamp":1522628118,"path_taken":["M","?","?","$","?","E","M","R","T","R","?","$","?","M","R","BOSS","M","?","M","?","M"],"build_version":"2018-03-29v2","purchased_purges":2,"victory":false,"master_deck":["Defend_G","Defend_G","Defend_G","Defend_G","Defend_G","Strike_G","Survivor","Neutralize","Poisoned Stab+1","Prepared","Unload","Outmaneuver+1","Deadly Poison","Bane","Terror+1","Crippling Poison","Envenom","Bane","Slice"],"max_hp_per_floor":[70,70,70,70,70,70,70,70,70,70,76,76,76,76,76,76,76,76,76,76,76,76],"relics":["Ring of the Snake","Prayer Wheel","Darkstone Periapt","Vajra","Anchor","Black Star"],"card_choices":[{"not_picked":["Quick Slash","Backflip"],"picked":"Poisoned Stab","floor":1},{"not_picked":["Dagger Spray","Choke"],"picked":"Outmaneuver","floor":6},{"not_picked":["All Out Attack","Finisher"],"picked":"Deadly Poison","floor":7},{"not_picked":["Infinite Blades","Riddle With Holes"],"picked":"Bane","floor":9},{"not_picked":["Bane","Reflex"],"picked":"Terror","floor":13},{"not_picked":["Blur","Malaise"],"picked":"Crippling Poison","floor":14},{"not_picked":["Tactician","Tools of the Trade"],"picked":"Envenom","floor":16},{"not_picked":["Expertise","Deflect"],"picked":"Bane","floor":18},{"not_picked":["Leg Sweep","Dagger Throw"],"picked":"Slice","floor":20}],"player_experience":79621,"potions_floor_usage":[16,20,22],"damage_taken":[{"damage":0,"enemies":"Small Slimes","floor":1,"turns":5},{"damage":30,"enemies":"Gremlin Nob","floor":6,"turns":5},{"damage":1,"enemies":"Cultist","floor":7,"turns":3},{"damage":0,"enemies":"Jaw Worm","floor":13,"turns":2},{"damage":0,"enemies":"Looter","floor":14,"turns":3},{"damage":7,"enemies":"Slime Boss","floor":16,"turns":10},{"damage":7,"enemies":"Chosen","floor":18,"turns":5},{"damage":19,"enemies":"Spheric Guardian","floor":20,"turns":5},{"damage":64,"enemies":"3 Cultists","floor":22,"turns":5}],"event_choices":[{"event_name":"Upgrade Shrine","player_choice":"Upgraded","floor":2,"damage_taken":0},{"event_name":"Living Wall","player_choice":"Change","floor":5,"damage_taken":0},{"event_name":"Big Fish","player_choice":"Box","floor":11,"damage_taken":0},{"event_name":"Beggar","player_choice":"Gave Gold","floor":19,"damage_taken":0},{"event_name":"Back to Basics","player_choice":"Elegance","floor":21,"damage_taken":0}],"boss_relics":[{"not_picked":["Sozu","Ectoplasm"],"picked":"Black Star"}],"potions_floor_spawned":[7,18,20],"seed_played":"-6889228193030750394","killed_by":"3 Cultists","ascension_level":0,"is_trial":false}