{"path_per_floor":["M","M","M","$","M","R","E","$","T","R","M","R","M","M","R","B",null,"M","M","?","?","M","R"],"character_chosen":"THE_SILENT","items_purchased":["Bottled Lightning"],"gold_per_floor":[313,326,345,102,122,122,149,74,99,99,109,109,125,144,144,249,249,260,274,274,174,194,194,194],"floor_reached":24,"campfire_rested":1,"playtime":1597,"current_hp_per_floor":[70,70,69,69,68,68,60,60,67,67,67,67,66,59,59,17,77,77,77,77,77,22,45,0],"items_purged":["Strike_G"],"gold":194,"score":200,"play_id":"7ba5aac1-c461-4972-80fb-009cf714924f","local_time":"20180404231903","is_prod":false,"is_daily":false,"is_ascension_mode":false,"campfire_upgraded":4,"timestamp":1522898343,"path_taken":["M","M","M","$","M","R","E","$","T","R","M","R","?","M","R","BOSS","M","M","?","?","M","R","E"],"build_version":"2018-03-29v2","purchased_purges":2,"victory":false,"master_deck":["Defend_G+1","Defend_G+1","Defend_G+1","Defend_G+1","Defend_G+1","Strike_G+1","Strike_G+1","Strike_G+1","Strike_G+1","Survivor","Neutralize+1","Finisher+1","Cloak And Dagger","Blade Dance+1","Footwork+1","Deadly Poison","Flying Knee","Cloak And Dagger","Normality","Doubt","Injury","Blade Dance","J.A.X."],"max_hp_per_floor":[70,70,70,70,70,70,70,70,77,77,77,77,77,77,77,77,77,77,77,77,77,77,77,77],"relics":["Ring of the Snake","Old Coin","Bottled Lightning","Bottled Flame","Strawberry","Calling Bell","Blood Vial","Unceasing Top","Bag of Marbles"],"card_choices":[{"not_picked":["Concentrate","Distraction"],"picked":"Finisher","floor":1},{"not_picked":["Acrobatics","Flying Knee"],"picked":"Cloak And Dagger","floor":2},{"not_picked":["Dodge and Roll","Noxious Fumes"],"picked":"Blade Dance","floor":3},{"not_picked":["Dagger Spray","Bane"],"picked":"Footwork","floor":5},{"not_picked":["Bullet Time","Expertise"],"picked":"Deadly Poison","floor":11},{"not_picked":["Dodge and Roll","Predator"],"picked":"Flying Knee","floor":13},{"not_picked":["Poisoned Stab","Quick Slash"],"picked":"Cloak And Dagger","floor":14},{"not_picked":["Flying Knee","Deadly Poison"],"picked":"Blade Dance","floor":18}],"player_experience":137676,"potions_floor_usage":[7,24,24],"damage_taken":[{"damage":0,"enemies":"Cultist","floor":1,"turns":3},{"damage":0,"enemies":"Jaw Worm","floor":2,"turns":4},{"damage":1,"enemies":"Small Slimes","floor":3,"turns":4},{"damage":1,"enemies":"3 Louse","floor":5,"turns":4},{"damage":8,"enemies":"3 Sentries","floor":7,"turns":10},{"damage":0,"enemies":"Exordium Wildlife","floor":11,"turns":4},{"damage":1,"enemies":"Blue Slaver","floor":13,"turns":3},{"damage":7,"enemies":"Exordium Thugs","floor":14,"turns":6},{"damage":42,"enemies":"Slime Boss","floor":16,"turns":16},{"damage":0,"enemies":"Spheric Guardian","floor":18,"turns":1},{"damage":0,"enemies":"Shell Parasite","floor":19,"turns":1},{"damage":55,"enemies":"Chosen and Byrds","floor":22,"turns":9},{"damage":63,"enemies":"Gremlin Leader","floor":24,"turns":6}],"event_choices":[{"event_name":"Back to Basics","player_choice":"Simplicity","floor":20,"damage_taken":0},{"event_name":"Drug Dealer","player_choice":"Got JAXXED","floor":21,"damage_taken":0}],"boss_relics":[{"not_picked":["Black Star","Pandora\u0027s Box"],"picked":"Calling Bell"}],"potions_floor_spawned":[1,7,11,14,18,19],"seed_played":"2807720373935880896","killed_by":"Gremlin Leader","ascension_level":0,"is_trial":false}