{"path_per_floor":["M","?","M","M","?","E","M","?","T","E","$","R","?","M","R","B",null,"M","?","$","M","$","M","E","M","T","?","M","$","R","M","R","B",null,"M","$","?","?","?","R","M"],"character_chosen":"THE_SILENT","items_purchased":["Thread and Needle","Regen Potion"],"gold_per_floor":[115,115,134,154,154,186,197,272,272,304,3,3,3,13,13,116,116,127,87,12,28,28,41,72,82,136,61,71,22,22,35,35,135,135,151,51,51,51,51,51,64,64],"floor_reached":42,"campfire_rested":1,"playtime":3235,"current_hp_per_floor":[70,67,67,67,53,57,51,40,40,37,37,60,77,77,77,77,77,70,70,70,70,70,65,54,54,54,54,53,53,53,53,53,51,77,76,76,66,66,59,59,41,0],"items_purged":["Strike_G","Normality"],"gold":64,"score":501,"play_id":"0d6facc9-9c70-4a3b-8c87-dbf933eecd4b","local_time":"20180401212038","is_prod":false,"is_daily":false,"is_ascension_mode":false,"campfire_upgraded":4,"timestamp":1522632038,"path_taken":["M","?","M","M","?","E","M","?","T","E","$","R","?","M","R","BOSS","M","?","$","?","$","M","E","M","T","?","M","?","R","M","R","BOSS","M","$","?","?","?","R","M","E"],"build_version":"2018-03-29v2","purchased_purges":2,"victory":false,"master_deck":["Defend_G","Defend_G","Defend_G","Defend_G+1","Defend_G+1","Strike_G","Strike_G","Strike_G","Survivor","Neutralize","Poisoned Stab","Poisoned Stab","Noxious Fumes+1","Backstab","Slice","Skewer+1","Caltrops","Infinite Blades","Crippling Poison","Cloak And Dagger","Blur","Acrobatics+1","Bouncing Flask","Slice+1","Calculated Gamble+1","Slice","Distraction+1","Venomology","Regret","Clumsy","Prepared","Madness+1","Madness","Jack Of All Trades","Skewer"],"max_hp_per_floor":[70,70,70,70,70,77,77,77,77,77,77,77,77,77,77,77,77,77,77,77,77,77,77,77,77,77,77,77,77,77,77,77,77,77,77,77,77,77,77,77,77,77],"relics":["Ring of the Snake","Anchor","Ice Cream","Strawberry","Oddly Smooth Stone","Vajra","Thread and Needle","Orrery","Bottled Tornado","Orichalcum","Calling Bell","Frozen Egg 2","Peace Pipe","Regal Pillow"],"card_choices":[{"not_picked":["Phantasmal Killer","Deadly Poison"],"picked":"Poisoned Stab","floor":1},{"not_picked":["Flying Knee","Acrobatics"],"picked":"Poisoned Stab","floor":3},{"not_picked":["Footwork","Blur"],"picked":"Escape Plan","floor":4},{"not_picked":["Backflip","Dodge and Roll"],"picked":"Noxious Fumes","floor":6},{"not_picked":["Deflect","Sucker Punch"],"picked":"Backstab","floor":7},{"not_picked":["Flying Knee","Expertise"],"picked":"Slice","floor":10},{"not_picked":["Predator","Quick Slash"],"picked":"Skewer","floor":14},{"not_picked":["Poisoned Stab","Outmaneuver"],"picked":"Caltrops","floor":17},{"not_picked":["Cloak And Dagger","Reflex"],"picked":"Infinite Blades","floor":17},{"not_picked":["Underhanded Strike","Malaise"],"picked":"Crippling Poison","floor":17},{"not_picked":["Backflip","Bullet Time"],"picked":"Cloak And Dagger","floor":17},{"not_picked":["Underhanded Strike","Sucker Punch"],"picked":"Blur","floor":17},{"not_picked":["Quick Slash","Flying Knee"],"picked":"Acrobatics","floor":18},{"not_picked":["Dagger Spray","Flying Knee"],"picked":"Bouncing Flask","floor":21},{"not_picked":["Night Terror","Bane"],"picked":"Slice","floor":23},{"not_picked":["Sucker Punch","Underhanded Strike"],"picked":"Calculated Gamble","floor":25},{"not_picked":["Dagger Spray","Quick Slash"],"picked":"Slice","floor":28},{"not_picked":["Backflip","Sucker Punch"],"picked":"Distraction","floor":31},{"not_picked":["A Thousand Cuts","Night Terror"],"picked":"Venomology","floor":33},{"not_picked":["Underhanded Strike","Deadly Poison"],"picked":"Prepared","floor":35},{"not_picked":["Dark Shackles","Deep Breath"],"picked":"Jack Of All Trades","floor":38},{"not_picked":["Masterful Stab","Choke"],"picked":"Skewer","floor":41}],"player_experience":81339,"potions_floor_usage":[6,6,16,21,23,24,31,33,33,33,41,42,42],"damage_taken":[{"damage":0,"enemies":"2 Louse","floor":1,"turns":3},{"damage":0,"enemies":"Jaw Worm","floor":3,"turns":5},{"damage":0,"enemies":"Small Slimes","floor":4,"turns":3},{"damage":3,"enemies":"3 Sentries","floor":6,"turns":8},{"damage":6,"enemies":"Exordium Wildlife","floor":7,"turns":5},{"damage":3,"enemies":"Lagavulin","floor":10,"turns":8},{"damage":0,"enemies":"Large Slime","floor":14,"turns":5},{"damage":0,"enemies":"Slime Boss","floor":16,"turns":4},{"damage":7,"enemies":"Spheric Guardian","floor":18,"turns":5},{"damage":0,"enemies":"2 Thieves","floor":21,"turns":4},{"damage":5,"enemies":"Centurion and Healer","floor":23,"turns":9},{"damage":11,"enemies":"Book of Stabbing","floor":24,"turns":7},{"damage":0,"enemies":"Snecko","floor":25,"turns":5},{"damage":1,"enemies":"Snake Plant","floor":28,"turns":4},{"damage":0,"enemies":"Centurion and Healer","floor":31,"turns":6},{"damage":17,"enemies":"Champ","floor":33,"turns":13},{"damage":1,"enemies":"3 Shapes","floor":35,"turns":5},{"damage":18,"enemies":"3 Darklings","floor":41,"turns":5},{"damage":43,"enemies":"Nemesis","floor":42,"turns":4}],"event_choices":[{"event_name":"Scrap Ooze","player_choice":"success","floor":2,"damage_taken":3},{"event_name":"Shining Light","player_choice":"Entered Light","floor":5,"damage_taken":0},{"event_name":"World of Goop","player_choice":"Gather Gold","floor":8,"damage_taken":0},{"event_name":"Bonfire Elementals","player_choice":"UNCOMMON","floor":13,"damage_taken":0},{"event_name":"The Woman in Blue","player_choice":"Bought 3 Potions","floor":19,"damage_taken":0},{"event_name":"Beggar","player_choice":"Gave Gold","floor":27,"damage_taken":0},{"event_name":"Winding Halls","player_choice":"Embrace Madness","floor":37,"damage_taken":0},{"event_name":"SensoryStone","player_choice":"Memory 1","floor":38,"damage_taken":0},{"event_name":"Wheel of Change","player_choice":"Damage","floor":39,"damage_taken":0}],"boss_relics":[{"not_picked":["Philosopher\u0027s Stone","Sozu"],"picked":"Orrery"},{"not_picked":["Cursed Key","Velvet Choker"],"picked":"Calling Bell"}],"potions_floor_spawned":[1,4,10,21,24,31,35],"seed_played":"-5535570209276644761","killed_by":"Nemesis","ascension_level":0,"is_trial":false}