{"path_per_floor":["M","M","?","?","?","R","E","R","T","R","M","?","?","?","R"],"character_chosen":"THE_SILENT","items_purchased":[],"gold_per_floor":[110,129,79,79,79,79,109,109,160,160,178,243,243,243,243,243],"floor_reached":16,"campfire_rested":1,"playtime":483,"current_hp_per_floor":[70,70,70,70,63,63,63,63,63,63,63,45,38,24,45,0],"items_purged":[],"gold":243,"score":121,"play_id":"8afb353d-3ec6-4ca1-9029-ca1caa995d7d","local_time":"20180401202336","is_prod":false,"is_daily":false,"is_ascension_mode":false,"campfire_upgraded":3,"timestamp":1522628616,"path_taken":["M","M","?","?","?","R","E","R","T","R","M","?","?","?","R","BOSS"],"build_version":"2018-03-29v2","purchased_purges":0,"victory":false,"master_deck":["Defend_G","Defend_G","Defend_G","Defend_G","Defend_G+1","Strike_G","Strike_G","Survivor+1","Neutralize","Outmaneuver+1","Underhanded Strike+1","Reflex","Unload+1","Backflip","Outmaneuver"],"max_hp_per_floor":[70,70,70,70,70,70,70,70,70,70,70,70,70,70,70,70],"relics":["Ring of the Snake","NeowsBlessing","Meat on the Bone","Juzu Bracelet","Torii","Paper Crane"],"card_choices":[{"not_picked":["Dagger Throw","Dagger Spray"],"picked":"Outmaneuver","floor":1},{"not_picked":["Dagger Spray","Heel Hook"],"picked":"Underhanded Strike","floor":2},{"not_picked":["Cloak And Dagger","Predator"],"picked":"Unload","floor":7},{"not_picked":["Crippling Poison","Underhanded Strike"],"picked":"Backflip","floor":11},{"not_picked":["Deflect","Finisher"],"picked":"Outmaneuver","floor":12}],"player_experience":80856,"potions_floor_usage":[12],"damage_taken":[{"damage":0,"enemies":"Jaw Worm","floor":1,"turns":1},{"damage":0,"enemies":"Small Slimes","floor":2,"turns":1},{"damage":0,"enemies":"Lagavulin","floor":7,"turns":1},{"damage":0,"enemies":"Cultist","floor":11,"turns":4},{"damage":18,"enemies":"Gremlin Nob","floor":12,"turns":4},{"damage":70,"enemies":"Slime Boss","floor":16,"turns":6}],"event_choices":[{"event_name":"The Cleric","player_choice":"Card Removal","floor":3,"damage_taken":0},{"event_name":"Living Wall","player_choice":"Change","floor":4,"damage_taken":0},{"event_name":"Golden Wing","player_choice":"Card Removal","floor":5,"damage_taken":0},{"event_name":"Dead Adventurer","player_choice":"Searched \u00271\u0027 times","floor":12,"damage_taken":0},{"event_name":"Scrap Ooze","player_choice":"success","floor":13,"damage_taken":7},{"event_name":"Shining Light","player_choice":"Entered Light","floor":14,"damage_taken":0}],"boss_relics":[],"potions_floor_spawned":[2,7],"seed_played":"5123020295403238378","killed_by":"Slime Boss","ascension_level":0,"is_trial":false}