{"path_per_floor":["M","?","$","?","M","E","M","?","T","M","R","?","?","T","R","B",null,"M","M","$","?","?","R","M","$","T","?","M","M"],"character_chosen":"THE_SILENT","items_purchased":["Bag of Preparation","Bane","Deadly Poison","Cloak And Dagger","Apotheosis","Escape Plan"],"gold_per_floor":[112,362,18,18,31,62,87,162,240,258,258,258,223,223,223,353,353,372,385,76,76,76,76,99,63,113,38,51,74,74],"floor_reached":30,"campfire_rested":2,"playtime":1724,"current_hp_per_floor":[70,70,70,53,53,37,34,23,23,20,41,41,58,58,58,29,70,60,23,23,23,23,44,32,32,32,32,31,31,0],"items_purged":["Strike_G","Regret"],"gold":74,"score":228,"play_id":"eb492d78-ddb7-49b3-bb6b-60e215b05b5c","local_time":"20180401172810","is_prod":false,"is_daily":false,"is_ascension_mode":false,"campfire_upgraded":0,"timestamp":1522618090,"path_taken":["M","?","$","?","M","E","M","?","T","?","R","?","?","?","R","BOSS","M","M","$","?","?","R","M","$","T","?","?","M","M"],"build_version":"2018-03-29v2","purchased_purges":2,"victory":false,"master_deck":["Defend_G","Defend_G","Defend_G","Defend_G","Defend_G","Strike_G","Strike_G","Strike_G","Strike_G","Survivor","Neutralize","Poisoned Stab","Bane","Deadly Poison","Cloak And Dagger","Bane","Slice","Prepared","Cloak And Dagger","Predator","Regret","Corpse Explosion","Clumsy","Doubt","Accuracy","Slice+1","Apotheosis","Panacea","Prepared","Accuracy","Escape Plan","Slice","Adrenaline"],"max_hp_per_floor":[70,70,70,70,70,70,70,70,70,70,70,70,70,70,70,70,70,70,70,70,70,70,70,70,70,70,70,70,70,70],"relics":["Ring of the Snake","Bag of Preparation","Golden Idol","Dream Catcher","Question Card","Shovel","Ice Cream","Mercury Hourglass","Calling Bell","Art of War","Ninja Scroll","Gremlin Horn","Bronze Scales"],"card_choices":[{"not_picked":["Footwork","Deadly Poison"],"picked":"Poisoned Stab","floor":1},{"not_picked":["Slice","Acrobatics"],"picked":"Bane","floor":5},{"not_picked":["Tools of the Trade","Malaise"],"picked":"Slice","floor":6},{"not_picked":["PiercingWail","Eviscerate"],"picked":"Prepared","floor":7},{"not_picked":["Backflip","Outmaneuver","Endless Agony"],"picked":"Cloak And Dagger","floor":10},{"not_picked":["Dodge and Roll","Slice","Quick Slash"],"picked":"Predator","floor":11},{"not_picked":["Phantasmal Killer","Wraith Form","A Thousand Cuts"],"picked":"Corpse Explosion","floor":16},{"not_picked":["Deflect","Quick Slash","Calculated Gamble"],"picked":"Accuracy","floor":18},{"not_picked":["Cloak And Dagger","Deadly Poison","Eviscerate"],"picked":"Slice","floor":19},{"not_picked":["Poisoned Stab","Flechettes","Deadly Poison"],"picked":"Accuracy","floor":24},{"not_picked":["PiercingWail","Cloak And Dagger","Endless Agony"],"picked":"Slice","floor":28},{"not_picked":["Terror","Underhanded Strike","Dagger Throw"],"picked":"Adrenaline","floor":29}],"player_experience":72454,"potions_floor_usage":[16,16,29],"damage_taken":[{"damage":0,"enemies":"2 Louse","floor":1,"turns":2},{"damage":0,"enemies":"Cultist","floor":5,"turns":3},{"damage":16,"enemies":"3 Sentries","floor":6,"turns":9},{"damage":3,"enemies":"Jaw Worm","floor":7,"turns":3},{"damage":3,"enemies":"2 Fungi Beasts","floor":10,"turns":4},{"damage":29,"enemies":"Hexaghost","floor":16,"turns":10},{"damage":10,"enemies":"3 Byrds","floor":18,"turns":5},{"damage":37,"enemies":"Spheric Guardian","floor":19,"turns":6},{"damage":12,"enemies":"Snake Plant","floor":24,"turns":5},{"damage":1,"enemies":"Centurion and Healer","floor":28,"turns":5},{"damage":9,"enemies":"Snecko","floor":29,"turns":4},{"damage":44,"enemies":"Cultist and Chosen","floor":30,"turns":5}],"event_choices":[{"event_name":"Golden Shrine","player_choice":"Desecrate","floor":2,"damage_taken":0},{"event_name":"Golden Idol","player_choice":"Take Damage","floor":4,"damage_taken":0},{"event_name":"World of Goop","player_choice":"Gather Gold","floor":8,"damage_taken":0},{"event_name":"Big Fish","player_choice":"Box","floor":12,"damage_taken":0},{"event_name":"The Cleric","player_choice":"Healed","floor":13,"damage_taken":0},{"event_name":"Ghosts","player_choice":"Ignored","floor":21,"damage_taken":0},{"event_name":"Match and Keep!","player_choice":"2 cards matched","floor":22,"damage_taken":0},{"event_name":"Beggar","player_choice":"Gave Gold","floor":27,"damage_taken":0}],"boss_relics":[{"not_picked":["Philosopher\u0027s Stone","Runic Pyramid"],"picked":"Calling Bell"}],"potions_floor_spawned":[6,10,19,24],"seed_played":"6186192377290886531","killed_by":"Cultist and Chosen","ascension_level":0,"is_trial":false}