{"path_per_floor":["M","?","?","?","M","E","T","E","T","R","M","$","?","M","R","B",null,"M","?","?","M","M","R","M","?","T","R","E","$","?","$","R"],"character_chosen":"THE_SILENT","items_purchased":["Happy Flower","Distraction","Fire Potion","Weak Potion","Swift Potion"],"gold_per_floor":[114,114,189,189,207,232,232,264,291,291,306,306,306,320,320,422,422,441,441,341,361,381,381,394,394,394,394,427,270,270,45,45,45],"floor_reached":33,"campfire_rested":2,"playtime":2427,"current_hp_per_floor":[65,53,42,28,40,30,30,18,18,39,39,39,39,37,37,21,70,57,57,57,48,41,49,43,43,43,51,48,48,32,32,63,0],"items_purged":[],"gold":45,"score":271,"play_id":"2e7802df-5f02-42ee-b452-defa16ae4e07","local_time":"20180401221134","is_prod":false,"is_daily":false,"is_ascension_mode":false,"campfire_upgraded":0,"timestamp":1522635094,"path_taken":["M","?","?","?","?","E","?","E","T","R","M","$","?","M","R","BOSS","M","?","?","M","M","R","M","?","T","R","E","?","?","$","R","BOSS"],"build_version":"2018-03-29v2","purchased_purges":1,"victory":false,"master_deck":["Defend_G+1","Defend_G","Defend_G","Defend_G","Defend_G","Strike_G","Strike_G","Strike_G","Strike_G","Strike_G","Survivor+1","Neutralize","Masterful Stab","Deadly Poison","Endless Agony","Deadly Poison","Regret","Night Terror","Die Die Die","J.A.X.+1","Poisoned Stab","Riddle With Holes+1","Prepared","Distraction"],"max_hp_per_floor":[70,70,70,70,70,70,70,70,70,70,70,70,70,70,70,70,70,70,70,70,70,70,70,70,70,70,70,77,77,77,77,77,77],"relics":["Ring of the Snake","Snake Skull","Meat on the Bone","Shovel","Thread and Needle","Oddly Smooth Stone","Pen Nib","Bag of Marbles","Eternal Feather","Nloth\u0027s Gift","Ginger","Art of War","Juzu Bracelet","Strawberry","Happy Flower","Nilry\u0027s Codex"],"card_choices":[{"not_picked":["Acrobatics","Backflip"],"picked":"Masterful Stab","floor":1.0},{"not_picked":["Underhanded Strike","Choke"],"picked":"Deadly Poison","floor":5.0},{"not_picked":["Backflip","Acrobatics"],"picked":"Endless Agony","floor":6.0},{"not_picked":["Slice","Expertise"],"picked":"Deadly Poison","floor":8.0},{"not_picked":["Masterful Stab","Quick Slash"],"picked":"Night Terror","floor":14.0},{"not_picked":["Wraith Form","Night Terror"],"picked":"Die Die Die","floor":16},{"not_picked":["Bane","Expertise"],"picked":"Poisoned Stab","floor":21},{"not_picked":["Eviscerate","Quick Slash"],"picked":"Riddle With Holes","floor":22},{"not_picked":["Cloak And Dagger","Deadly Poison"],"picked":"Prepared","floor":28}],"player_experience":84574,"potions_floor_usage":[16,21,28,33,33,33,33],"damage_taken":[{"damage":5.0,"enemies":"Jaw Worm","floor":1.0,"turns":5.0},{"damage":0.0,"enemies":"2 Louse","floor":5.0,"turns":2.0},{"damage":22.0,"enemies":"Lagavulin","floor":6.0,"turns":8.0},{"damage":24.0,"enemies":"3 Sentries","floor":8.0,"turns":12.0},{"damage":0.0,"enemies":"Cultist","floor":11.0,"turns":3.0},{"damage":2.0,"enemies":"Blue Slaver","floor":14.0,"turns":3.0},{"damage":43,"enemies":"Slime Boss","floor":16,"turns":10},{"damage":13,"enemies":"Spheric Guardian","floor":18,"turns":4},{"damage":9,"enemies":"3 Byrds","floor":21,"turns":7},{"damage":19,"enemies":"Snake Plant","floor":22,"turns":5},{"damage":6,"enemies":"Centurion and Healer","floor":24,"turns":5},{"damage":22,"enemies":"Book of Stabbing","floor":28,"turns":4},{"damage":73,"enemies":"Automaton","floor":33,"turns":6}],"event_choices":[{"event_name":"Scrap Ooze","player_choice":"success","floor":2.0,"damage_taken":12.0},{"event_name":"World of Goop","player_choice":"Gather Gold","floor":3.0,"damage_taken":0.0},{"event_name":"Shining Light","player_choice":"Entered Light","floor":4.0,"damage_taken":0.0},{"event_name":"Big Fish","player_choice":"Box","floor":13.0,"damage_taken":0.0},{"event_name":"N\u0027loth","player_choice":"Traded a Bag of Preparation","floor":19,"damage_taken":0},{"event_name":"Drug Dealer","player_choice":"Got JAXXED","floor":20,"damage_taken":0},{"event_name":"Upgrade Shrine","player_choice":"Upgraded","floor":25,"damage_taken":0},{"event_name":"Cursed Tome","player_choice":"Obtained Book","floor":30,"damage_taken":0}],"boss_relics":[{"not_picked":["Cursed Key","Lizard Tail"],"picked":"Eternal Feather"}],"potions_floor_spawned":[6,8,18,24],"seed_played":"1493193313402076460","killed_by":"Automaton","ascension_level":0,"is_trial":false}