{"path_per_floor":["M","?","M","?","M","R","M","M","T","M","?","M"],"character_chosen":"THE_SILENT","items_purchased":[],"gold_per_floor":[119,219,234,234,246,246,257,275,275,294,324,343,343],"floor_reached":13,"campfire_rested":0,"playtime":1255,"current_hp_per_floor":[68,68,66,59,51,51,44,36,36,30,30,28,0],"items_purged":[],"gold":343,"score":79,"play_id":"b9f2cd76-7dc8-423c-9164-eb2238435232","local_time":"20180328221630","is_prod":false,"is_daily":false,"is_ascension_mode":false,"campfire_upgraded":1,"timestamp":1522289790,"path_taken":["M","?","M","?","M","R","M","?","T","M","?","M","E"],"build_version":"2018-03-22v2","purchased_purges":0,"victory":false,"master_deck":["Defend_G","Defend_G","Defend_G","Defend_G","Strike_G","Strike_G","Strike_G","Strike_G","Strike_G","Survivor","Neutralize","Bouncing Flask+1","Malaise","Calculated Gamble","Endless Agony","Blade Dance","Distraction","Dodge and Roll"],"max_hp_per_floor":[70,70,70,70,70,70,70,70,70,70,70,70,70],"relics":["White Beast Statue","Bird Faced Urn","Bag of Marbles"],"card_choices":[{"not_picked":["Leg Sweep","Quick Slash"],"picked":"Bouncing Flask","floor":1.0},{"not_picked":["Quick Slash","All Out Attack"],"picked":"Malaise","floor":3.0},{"not_picked":["Expertise","Caltrops"],"picked":"Calculated Gamble","floor":5.0},{"not_picked":["Slice","Dagger Spray"],"picked":"Endless Agony","floor":7.0},{"not_picked":["Flying Knee","Acrobatics"],"picked":"Blade Dance","floor":8.0},{"not_picked":["Blur","Slice"],"picked":"Distraction","floor":10},{"not_picked":["Prepared","Flying Knee"],"picked":"Dodge and Roll","floor":12}],"player_experience":8318,"potions_floor_usage":[12,13,13,13],"damage_taken":[{"damage":2.0,"enemies":"Small Slimes","floor":1.0,"turns":4.0},{"damage":2.0,"enemies":"Cultist","floor":3.0,"turns":4.0},{"damage":8.0,"enemies":"Jaw Worm","floor":5.0,"turns":6.0},{"damage":7.0,"enemies":"Large Slime","floor":7.0,"turns":11.0},{"damage":8.0,"enemies":"3 Louse","floor":8.0,"turns":4.0},{"damage":6,"enemies":"Exordium Thugs","floor":10,"turns":5},{"damage":2,"enemies":"Looter","floor":12,"turns":3},{"damage":28,"enemies":"Gremlin Nob","floor":13,"turns":4}],"event_choices":[{"event_name":"Golden Shrine","player_choice":"Pray","floor":2.0,"damage_taken":0.0},{"event_name":"Golden Wing","player_choice":"Card Removal","floor":4.0,"damage_taken":0.0},{"event_name":"Dead Adventurer","player_choice":"Searched \u00272\u0027 times","floor":11,"damage_taken":0}],"boss_relics":[],"potions_floor_spawned":[1,3,5,7,8,10,12],"seed_played":"-7679134282751358302","killed_by":"Gremlin Nob","ascension_level":0,"is_trial":false}