{"path_per_floor":["M","?","$","?","M","R","M","$","T","M","?","R","E","?","R","B",null,"M","M","?","$","?","R","M","M","T"],"character_chosen":"THE_SILENT","items_purchased":["Quick Slash","Bane","Noxious Fumes"],"gold_per_floor":[112,112,11,186,204,204,222,122,172,191,191,191,216,166,166,263,293,310,320,320,92,92,92,112,124,149,149],"floor_reached":27,"campfire_rested":1,"playtime":1778,"current_hp_per_floor":[68,68,68,68,63,63,63,63,63,52,52,52,46,46,46,48,75,72,47,31,31,31,68,38,7,7,0],"items_purged":["Regret","Strike_G","Strike_G"],"gold":149,"score":211,"play_id":"5e5c3263-d86e-4b51-a2a1-081d30aba502","local_time":"20180401133900","is_prod":false,"is_daily":false,"is_ascension_mode":false,"campfire_upgraded":3,"timestamp":1522604340,"path_taken":["M","?","$","?","M","R","?","?","T","M","?","R","E","?","R","BOSS","M","M","?","$","?","R","M","M","T","M"],"build_version":"2018-03-29v2","purchased_purges":3,"victory":false,"master_deck":["Defend_G","Defend_G","Defend_G","Defend_G","Defend_G","Strike_G+1","Strike_G","Survivor","Neutralize+1","Footwork","Quick Slash","Poisoned Stab+1","Bouncing Flask+1","Slice","Catalyst+1","Adrenaline","Bane+1","Prepared","Deflect","Necronomicurse","Bane","Noxious Fumes","Writhe","Slice+1"],"max_hp_per_floor":[70,70,70,70,70,70,70,70,70,70,70,70,70,70,70,70,75,75,75,75,75,75,75,75,75,75,75],"relics":["Ring of the Snake","Ginger","Regal Pillow","Bottled Flame","Tiny House","Necronomicon","Torii","Whetstone"],"card_choices":[{"not_picked":["Dodge and Roll","Quick Slash"],"picked":"Footwork","floor":1},{"not_picked":["Bane","Well Laid Plans"],"picked":"Poisoned Stab","floor":5},{"not_picked":["PiercingWail","Deadly Poison"],"picked":"Bouncing Flask","floor":7},{"not_picked":["Reflex","Glass Knife"],"picked":"Slice","floor":10},{"not_picked":["Envenom","Corpse Explosion"],"picked":"Adrenaline","floor":16},{"not_picked":["Dodge and Roll","Sucker Punch"],"picked":"Bane","floor":17},{"not_picked":["Dagger Throw","Underhanded Strike"],"picked":"Prepared","floor":18},{"not_picked":["Blur","Underhanded Strike"],"picked":"Deflect","floor":19},{"not_picked":["Acrobatics","Riddle With Holes"],"picked":"Slice","floor":25}],"player_experience":62398,"potions_floor_usage":[13,16,16,18],"damage_taken":[{"damage":2,"enemies":"2 Louse","floor":1,"turns":2},{"damage":5,"enemies":"Jaw Worm","floor":5,"turns":5},{"damage":0,"enemies":"Small Slimes","floor":7,"turns":3},{"damage":11,"enemies":"3 Louse","floor":10,"turns":4},{"damage":6,"enemies":"Lagavulin","floor":13,"turns":6},{"damage":13,"enemies":"The Guardian","floor":16,"turns":6},{"damage":3,"enemies":"3 Byrds","floor":18,"turns":7},{"damage":25,"enemies":"2 Thieves","floor":19,"turns":4},{"damage":30,"enemies":"Snecko","floor":24,"turns":6},{"damage":31,"enemies":"Centurion and Healer","floor":25,"turns":7},{"damage":12,"enemies":"3 Cultists","floor":27,"turns":4}],"event_choices":[{"event_name":"Big Fish","player_choice":"Box","floor":2,"damage_taken":0},{"event_name":"Liars Game","player_choice":"agreed","floor":4,"damage_taken":0},{"event_name":"Living Wall","player_choice":"Change","floor":11,"damage_taken":0},{"event_name":"The Cleric","player_choice":"Card Removal","floor":14,"damage_taken":0},{"event_name":"Cursed Tome","player_choice":"Obtained Book","floor":20,"damage_taken":0},{"event_name":"The Mausoleum","player_choice":"Yes","floor":22,"damage_taken":0}],"boss_relics":[{"not_picked":["Snecko Eye","Cursed Key"],"picked":"Tiny House"}],"potions_floor_spawned":[5,10,13,18],"seed_played":"-5447926361100529071","killed_by":"3 Cultists","ascension_level":0,"is_trial":false}