{"path_per_floor":["M","M","?","M","?","R","M","$","T","?","M","M","R","T","R","B",null,"M","?","?","?","M","E","R","E","T","?","M","$","R","M","R"],"character_chosen":"THE_SILENT","items_purchased":["Meat on the Bone","Outmaneuver","Anchor","Bandage Up"],"gold_per_floor":[111,121,296,316,316,316,334,22,46,46,62,75,75,75,75,171,171,190,115,115,115,128,163,163,196,268,268,281,31,31,41,41,41],"floor_reached":33,"campfire_rested":4,"playtime":3675,"current_hp_per_floor":[33,31,31,31,31,52,52,52,52,45,39,42,42,42,63,18,70,43,43,43,59,51,32,49,19,19,19,38,38,55,55,55,0],"items_purged":[],"gold":41,"score":301,"play_id":"1933f514-9961-408e-ac45-cf1f86ce595b","local_time":"20180329202257","is_prod":false,"is_daily":false,"is_ascension_mode":false,"campfire_upgraded":2,"timestamp":1522369377,"path_taken":["M","M","?","M","?","R","M","?","T","?","?","M","R","?","R","BOSS","M","?","?","?","M","E","R","E","T","?","M","?","R","?","R","BOSS"],"build_version":"2018-03-22v2","purchased_purges":1,"victory":false,"master_deck":["Defend_G+1","Defend_G+1","Defend_G+1","Defend_G+1","Defend_G+1","Survivor","Neutralize","Terror+1","Infinite Blades+1","Finisher","Outmaneuver+1","Die Die Die","Die Die Die","Flechettes+1","Prepared+1","Bite","Bite","Bite","Bite","Bite","Dagger Spray","Bouncing Flask","Outmaneuver+1","Predator+1","Bandage Up+1"],"max_hp_per_floor":[70,70,70,70,70,70,70,70,70,70,70,70,70,70,70,70,70,70,70,49,59,59,59,59,59,59,59,59,59,59,59,59,59],"relics":["Ring of the Snake","Ginger","Meat on the Bone","Happy Flower","Bag of Marbles","War Paint","Astrolabe","Lantern","Toxic Egg 2","Ornamental Fan","Anchor"],"card_choices":[{"not_picked":["Backflip","Quick Slash"],"picked":"Terror","floor":1.0},{"not_picked":["Bullet Time","Quick Slash"],"picked":"Infinite Blades","floor":4.0},{"not_picked":["Caltrops","Sucker Punch"],"picked":"Finisher","floor":7.0},{"not_picked":["Calculated Gamble","Deflect"],"picked":"Die Die Die","floor":11.0},{"not_picked":["Tactician","Night Terror"],"picked":"Die Die Die","floor":16.0},{"not_picked":["Deadly Poison","Bane"],"picked":"Dagger Spray","floor":22.0},{"not_picked":["Sucker Punch","Masterful Stab"],"picked":"Bouncing Flask","floor":23.0},{"not_picked":["Underhanded Strike","PiercingWail"],"picked":"Outmaneuver","floor":25.0},{"not_picked":["Prepared","Flying Knee"],"picked":"Predator","floor":28.0}],"player_experience":16083,"potions_floor_usage":[33,33,33],"damage_taken":[{"damage":2.0,"enemies":"Small Slimes","floor":1.0,"turns":5.0},{"damage":2.0,"enemies":"2 Louse","floor":2.0,"turns":5.0},{"damage":0.0,"enemies":"Jaw Worm","floor":4.0,"turns":4.0},{"damage":0.0,"enemies":"Looter","floor":7.0,"turns":4.0},{"damage":6.0,"enemies":"Large Slime","floor":11.0,"turns":5.0},{"damage":9.0,"enemies":"Blue Slaver","floor":12.0,"turns":4.0},{"damage":57.0,"enemies":"Slime Boss","floor":16.0,"turns":12.0},{"damage":27.0,"enemies":"Chosen","floor":18.0,"turns":6.0},{"damage":12.0,"enemies":"Shell Parasite","floor":22.0,"turns":5.0},{"damage":51.0,"enemies":"Book of Stabbing","floor":23.0,"turns":7.0},{"damage":52.0,"enemies":"Slavers","floor":25.0,"turns":6.0},{"damage":1.0,"enemies":"Snecko","floor":28.0,"turns":4.0},{"damage":10.0,"enemies":"Centurion and Healer","floor":31.0,"turns":4.0},{"damage":81,"enemies":"Automaton","floor":33,"turns":10}],"event_choices":[{"event_name":"Liars Game","player_choice":"agreed","floor":3.0,"damage_taken":0.0},{"event_name":"Living Wall","player_choice":"Grow","floor":5.0,"damage_taken":0.0},{"event_name":"Scrap Ooze","player_choice":"success","floor":10.0,"damage_taken":7.0},{"event_name":"Beggar","player_choice":"Gave Gold","floor":19.0,"damage_taken":0.0},{"event_name":"Vampires","player_choice":"Became a vampire","floor":20.0,"damage_taken":0.0},{"event_name":"Bonfire Elementals","player_choice":"RARE","floor":21.0,"damage_taken":0.0},{"event_name":"Back to Basics","player_choice":"Simplicity","floor":27.0,"damage_taken":0.0}],"boss_relics":[],"potions_floor_spawned":[1,11,12,16,22,25,28,31],"seed_played":"4188649316487381701","killed_by":"Automaton","ascension_level":0,"is_trial":false}