{"path_per_floor":["M","?","$","M","$","R","M","M","T","E","?","E","M","$","R"],"character_chosen":"THE_SILENT","items_purchased":["Poisoned Stab"],"gold_per_floor":[118,118,43,58,6,6,26,37,37,63,63,96,106,6,6,6],"floor_reached":16,"campfire_rested":1,"playtime":1201,"current_hp_per_floor":[70,70,70,70,70,70,70,48,48,14,14,9,1,1,22,0],"items_purged":["Strike_G","Strike_G"],"gold":6,"score":110,"play_id":"bcdc1bfc-2add-497a-bfee-5b2c756179fa","local_time":"20180401142720","is_prod":false,"is_daily":false,"is_ascension_mode":false,"campfire_upgraded":1,"timestamp":1522607240,"path_taken":["M","?","?","M","?","R","?","M","T","E","?","E","M","$","R","BOSS"],"build_version":"2018-03-29v2","purchased_purges":2,"victory":false,"master_deck":["Defend_G","Defend_G","Defend_G","Defend_G","Defend_G","Strike_G","Strike_G","Survivor","Neutralize","Infinite Blades+1","Bane","Poisoned Stab","Outmaneuver","Endless Agony","Endless Agony+1","Bouncing Flask","Slice+1"],"max_hp_per_floor":[70,70,70,70,70,70,70,70,70,70,70,70,70,70,70,70],"relics":["Ring of the Snake","Happy Flower","Du-Vu Doll","Molten Egg 2","Omamori"],"card_choices":[{"not_picked":["Dagger Throw","Well Laid Plans"],"picked":"Infinite Blades","floor":1},{"not_picked":["Predator","Dagger Spray"],"picked":"Bane","floor":4},{"not_picked":["Dodge and Roll","Deadly Poison"],"picked":"Outmaneuver","floor":7},{"not_picked":["Quick Slash","Outmaneuver"],"picked":"Endless Agony","floor":8},{"not_picked":["Leg Sweep","Masterful Stab"],"picked":"Endless Agony","floor":10},{"not_picked":["Catalyst","Backflip"],"picked":"Bouncing Flask","floor":12},{"not_picked":["Calculated Gamble","Dagger Throw"],"picked":"Slice","floor":13}],"player_experience":65839,"potions_floor_usage":[10,12,13],"damage_taken":[{"damage":0,"enemies":"2 Louse","floor":1,"turns":4},{"damage":0,"enemies":"Cultist","floor":4,"turns":4},{"damage":0,"enemies":"Small Slimes","floor":7,"turns":4},{"damage":22,"enemies":"Exordium Thugs","floor":8,"turns":7},{"damage":34,"enemies":"Gremlin Nob","floor":10,"turns":5},{"damage":5,"enemies":"Lagavulin","floor":12,"turns":6},{"damage":8,"enemies":"Exordium Wildlife","floor":13,"turns":5},{"damage":22,"enemies":"Slime Boss","floor":16,"turns":8}],"event_choices":[{"event_name":"Purifier","player_choice":"One Purge","floor":2,"damage_taken":0},{"event_name":"Shining Light","player_choice":"Ignored","floor":11,"damage_taken":0}],"boss_relics":[],"potions_floor_spawned":[4,10,12],"seed_played":"-6983827024968394456","killed_by":"Slime Boss","ascension_level":0,"is_trial":false}