{"path_per_floor":["M","$","M","?","?","R","M","M","T","E","?","T","M","$","R","B",null,"M","?","$","M","M","R","?","M","T","M","R","M","M","$","R"],"character_chosen":"THE_SILENT","items_purchased":["Slice","Adrenaline","Apotheosis","Regen Potion","Panacea"],"gold_per_floor":[119,17,31,31,31,31,46,70,94,135,310,310,326,77,77,208,208,223,223,36,59,82,82,82,96,96,111,111,134,149,7,7,7],"floor_reached":33,"campfire_rested":3,"playtime":3030,"current_hp_per_floor":[65,65,65,65,48,69,69,69,69,53,53,53,53,53,53,28,70,56,70,70,66,50,58,58,39,39,18,49,42,16,16,47,0],"items_purged":["Strike_G","Doubt"],"gold":7,"score":275,"play_id":"6cd00639-f100-4ad8-8f53-d05d5a2739ff","local_time":"20180331122039","is_prod":false,"is_daily":false,"is_ascension_mode":false,"campfire_upgraded":2,"timestamp":1522513239,"path_taken":["M","$","M","?","?","R","M","?","T","E","?","?","M","$","R","BOSS","M","?","$","?","M","R","?","M","T","M","R","M","M","?","R","BOSS"],"build_version":"2018-03-29v2","purchased_purges":2,"victory":false,"master_deck":["Defend_G+1","Defend_G","Defend_G","Defend_G","Defend_G+1","Strike_G","Strike_G","Strike_G","Strike_G","Survivor","Neutralize","Outmaneuver+1","Slice","Finisher","Footwork","Slice","Deadly Poison","Adrenaline+1","Adrenaline","Outmaneuver","Apotheosis+1","Slice+1","Slice","Deep Breath","Acrobatics+1","Slice","Calculated Gamble","Deadly Poison","Panacea"],"max_hp_per_floor":[70,70,70,70,70,70,70,70,70,70,70,70,70,70,70,70,70,70,70,70,70,70,70,70,70,70,70,70,70,70,70,70,70],"relics":["Ring of the Snake","Golden Idol","War Paint","Bird Faced Urn","Ginger","Eternal Feather","Peace Pipe"],"card_choices":[{"not_picked":["Footwork","Dagger Spray"],"picked":"Outmaneuver","floor":1},{"not_picked":["Dagger Spray","Backflip"],"picked":"Finisher","floor":3},{"not_picked":["PiercingWail","Dagger Throw"],"picked":"Footwork","floor":7},{"not_picked":["Flying Knee","Heel Hook"],"picked":"Slice","floor":10},{"not_picked":["Sucker Punch","Prepared"],"picked":"Deadly Poison","floor":13},{"not_picked":["After Image","Tools of the Trade"],"picked":"Adrenaline","floor":16},{"not_picked":["Backflip","Malaise"],"picked":"Outmaneuver","floor":18},{"not_picked":["Sucker Punch","Quick Slash"],"picked":"Slice","floor":21},{"not_picked":["Dagger Throw","Infinite Blades"],"picked":"Slice","floor":22},{"not_picked":["Crippling Poison","Underhanded Strike"],"picked":"Acrobatics","floor":25},{"not_picked":["Footwork","Deflect"],"picked":"Slice","floor":27},{"not_picked":["Bane","Quick Slash"],"picked":"Calculated Gamble","floor":29},{"not_picked":["Dagger Spray","Underhanded Strike"],"picked":"Deadly Poison","floor":30}],"player_experience":47697,"potions_floor_usage":[10,10,10,30,30,33],"damage_taken":[{"damage":5,"enemies":"Small Slimes","floor":1,"turns":4},{"damage":0,"enemies":"2 Louse","floor":3,"turns":3},{"damage":0,"enemies":"Jaw Worm","floor":7,"turns":5},{"damage":0,"enemies":"Blue Slaver","floor":8,"turns":7},{"damage":16,"enemies":"Lagavulin","floor":10,"turns":7},{"damage":2,"enemies":"Red Slaver","floor":13,"turns":5},{"damage":27,"enemies":"The Guardian","floor":16,"turns":19},{"damage":14,"enemies":"2 Thieves","floor":18,"turns":4},{"damage":4,"enemies":"Spheric Guardian","floor":21,"turns":7},{"damage":18,"enemies":"Snecko","floor":22,"turns":7},{"damage":21,"enemies":"Snake Plant","floor":25,"turns":3},{"damage":23,"enemies":"Cultist and Chosen","floor":27,"turns":8},{"damage":9,"enemies":"3 Cultists","floor":29,"turns":7},{"damage":28,"enemies":"Snecko","floor":30,"turns":7},{"damage":66,"enemies":"Champ","floor":33,"turns":14}],"event_choices":[{"event_name":"Living Wall","player_choice":"Grow","floor":4,"damage_taken":0},{"event_name":"Golden Idol","player_choice":"Take Damage","floor":5,"damage_taken":0},{"event_name":"Liars Game","player_choice":"agreed","floor":11,"damage_taken":0},{"event_name":"Wheel of Change","player_choice":"Full Heal","floor":19,"damage_taken":0},{"event_name":"Match and Keep!","player_choice":"1 cards matched","floor":24,"damage_taken":0}],"boss_relics":[{"not_picked":["Cursed Key","Velvet Choker"],"picked":"Eternal Feather"}],"potions_floor_spawned":[1,7,8,18,25],"seed_played":"2035431815197614057","killed_by":"Champ","ascension_level":0,"is_trial":false}