{"path_per_floor":["M","M","M","?","T","R","M","M","T","?","M","$","?","E","R","B",null,"M","$","?","?","M"],"character_chosen":"THE_SILENT","items_purchased":["Footwork","Blade Dance","Vajra"],"gold_per_floor":[20,36,46,46,46,46,66,76,121,121,139,0,0,44,44,164,164,182,25,25,25,46,46],"floor_reached":23,"campfire_rested":1,"playtime":2546,"current_hp_per_floor":[71,71,70,58,58,58,58,58,58,58,58,58,58,38,61,8,78,66,66,66,66,41,0],"items_purged":[],"gold":46,"score":191,"play_id":"ec49d8a0-b799-46dc-b047-500621ca9efc","local_time":"20180330120224","is_prod":false,"is_daily":false,"is_ascension_mode":false,"campfire_upgraded":1,"timestamp":1522425744,"path_taken":["M","M","M","?","?","R","?","M","T","?","M","$","?","E","R","BOSS","M","?","?","?","M","E"],"build_version":"2018-03-29v2","purchased_purges":0,"victory":false,"master_deck":["Defend_G","Defend_G","Defend_G","Defend_G","Defend_G","Strike_G","Strike_G","Strike_G","Strike_G+1","Strike_G","Survivor","Neutralize","Finisher+1","Slice","Backstab+1","Outmaneuver","Burst","Deadly Poison","Footwork","Blade Dance","Infinite Blades","Doppelganger","Underhanded Strike","Neutralize","Flash of Steel","Terror","Dagger Spray"],"max_hp_per_floor":[84,84,84,84,84,84,84,84,84,78,78,78,78,78,78,78,78,78,78,78,78,78,78],"relics":["Ring of the Snake","Mango","Bag of Preparation","Snake Skull","Whetstone","Golden Idol","Ancient Tea Set","Black Star","Vajra"],"card_choices":[{"not_picked":["Bane","PiercingWail"],"picked":"Finisher","floor":1},{"not_picked":["Acrobatics","Underhanded Strike"],"picked":"Slice","floor":2},{"not_picked":["Leg Sweep","Calculated Gamble"],"picked":"Backstab","floor":3},{"not_picked":["Underhanded Strike","Poisoned Stab"],"picked":"Outmaneuver","floor":7},{"not_picked":["Choke","Deflect"],"picked":"Burst","floor":8},{"not_picked":["Calculated Gamble","Prepared"],"picked":"Deadly Poison","floor":11},{"not_picked":["Dagger Throw","Leg Sweep"],"picked":"Infinite Blades","floor":14},{"not_picked":["Tools of the Trade","Envenom"],"picked":"Doppelganger","floor":16},{"not_picked":["Predator","Sucker Punch"],"picked":"Underhanded Strike","floor":18},{"not_picked":["Choke","Riddle With Holes"],"picked":"Dagger Spray","floor":22}],"player_experience":30668,"potions_floor_usage":[16,16,16,23],"damage_taken":[{"damage":13,"enemies":"Jaw Worm","floor":1,"turns":10},{"damage":0,"enemies":"Small Slimes","floor":2,"turns":5},{"damage":1,"enemies":"Cultist","floor":3,"turns":4},{"damage":0,"enemies":"Exordium Thugs","floor":7,"turns":2},{"damage":0,"enemies":"Blue Slaver","floor":8,"turns":1},{"damage":0,"enemies":"2 Fungi Beasts","floor":11,"turns":4},{"damage":20,"enemies":"Gremlin Nob","floor":14,"turns":4},{"damage":53,"enemies":"Hexaghost","floor":16,"turns":11},{"damage":12,"enemies":"Shell Parasite","floor":18,"turns":4},{"damage":25,"enemies":"Spheric Guardian","floor":22,"turns":6},{"damage":41,"enemies":"Slavers","floor":23,"turns":5}],"event_choices":[{"event_name":"Scrap Ooze","player_choice":"success","floor":4,"damage_taken":12},{"event_name":"Golden Idol","player_choice":"Lose Max HP","floor":10,"damage_taken":0},{"event_name":"Match and Keep!","player_choice":"0 cards matched","floor":13,"damage_taken":0},{"event_name":"Match and Keep!","player_choice":"2 cards matched","floor":20,"damage_taken":0},{"event_name":"The Library","player_choice":"Read","floor":21,"damage_taken":0}],"boss_relics":[{"not_picked":["White Beast Statue","Ectoplasm"],"picked":"Black Star"}],"potions_floor_spawned":[7,8,11,18],"seed_played":"-2850109086809939658","killed_by":"Slavers","ascension_level":0,"is_trial":false}