{"path_per_floor":["M","?","$","?","?","E","M","E","T","$","M","M","R","M","R","B",null,"M","M","?","?","?","R","E","R","T","$","M","R","M"],"character_chosen":"THE_SILENT","items_purchased":["Noxious Fumes","Bane","Finisher","Bottled Tornado","Regal Pillow","Cloak And Dagger","Noxious Fumes"],"gold_per_floor":[110,185,68,68,243,273,283,316,339,7,25,45,45,55,55,150,150,168,186,186,286,286,286,318,318,318,57,67,67,84,84],"floor_reached":31,"campfire_rested":1,"playtime":2600,"current_hp_per_floor":[77,66,66,66,66,47,46,32,32,32,36,39,62,62,62,38,77,56,43,43,43,43,53,24,34,34,34,31,43,25,0],"items_purged":[],"gold":84,"score":289,"play_id":"719f9ee9-c483-41c9-84cd-00887b20d902","local_time":"20180407165056","is_prod":false,"is_daily":false,"is_ascension_mode":false,"campfire_upgraded":4,"timestamp":1523134256,"path_taken":["M","?","$","?","?","E","M","E","T","$","M","?","R","M","R","BOSS","M","M","?","?","?","R","E","R","T","$","?","R","M","M"],"build_version":"2018-04-05v2","purchased_purges":1,"victory":false,"master_deck":["Defend_G+1","Defend_G+1","Defend_G+1","Defend_G+1","Defend_G+1","Survivor","Neutralize","Deadly Poison","Noxious Fumes+1","Bane","Swift Strike","Neutralize+1","Well Laid Plans","Doubt","Accuracy","Poisoned Stab","Finisher+1","Quick Slash","Infinite Blades+1","Slice+1","Accuracy+1","Bane","Bite","Bite","Bite","Bite","Bite","Catalyst+1","Backstab","Cloak And Dagger","Noxious Fumes","Catalyst+1"],"max_hp_per_floor":[77,77,77,77,77,77,77,77,77,77,77,77,77,77,77,77,77,77,77,77,77,53,53,53,53,53,53,53,53,53,53],"relics":["Ring of the Snake","Meat on the Bone","Pen Nib","Prayer Wheel","Bottled Tornado","Eternal Feather","Calipers","Whetstone","Regal Pillow"],"card_choices":[{"not_picked":["Flechettes","Dodge and Roll"],"picked":"Deadly Poison","floor":1},{"not_picked":["Poisoned Stab","Well Laid Plans"],"picked":"Accuracy","floor":7},{"not_picked":["Bane","Backflip"],"picked":"Poisoned Stab","floor":8},{"not_picked":["Terror","Flying Knee"],"picked":"Quick Slash","floor":11},{"not_picked":["Deflect","Glass Knife"],"picked":"Infinite Blades","floor":12},{"not_picked":["Flying Knee","Quick Slash"],"picked":"Slice","floor":14},{"not_picked":["Dodge and Roll","All Out Attack"],"picked":"Accuracy","floor":18},{"not_picked":["Crippling Poison","Dodge and Roll"],"picked":"Bane","floor":19},{"not_picked":["Crippling Poison","Reflex"],"picked":"Catalyst","floor":24},{"not_picked":["Malaise","Acrobatics"],"picked":"Backstab","floor":26},{"not_picked":["Concentrate","All Out Attack"],"picked":"Catalyst","floor":30}],"player_experience":147005,"potions_floor_usage":[14,18,31,31],"damage_taken":[{"damage":0,"enemies":"Jaw Worm","floor":1,"turns":5},{"damage":19,"enemies":"3 Sentries","floor":6,"turns":7},{"damage":1,"enemies":"2 Louse","floor":7,"turns":2},{"damage":26,"enemies":"Lagavulin","floor":8,"turns":7},{"damage":8,"enemies":"Small Slimes","floor":11,"turns":2},{"damage":9,"enemies":"2 Fungi Beasts","floor":12,"turns":3},{"damage":0,"enemies":"Lots of Slimes","floor":14,"turns":2},{"damage":36,"enemies":"The Guardian","floor":16,"turns":8},{"damage":21,"enemies":"Chosen","floor":18,"turns":5},{"damage":25,"enemies":"3 Byrds","floor":19,"turns":4},{"damage":51,"enemies":"Gremlin Leader","floor":24,"turns":6},{"damage":19,"enemies":"Cultist and Chosen","floor":28,"turns":4},{"damage":36,"enemies":"Centurion and Healer","floor":30,"turns":5},{"damage":31,"enemies":"Chosen and Byrds","floor":31,"turns":5}],"event_choices":[{"event_name":"World of Goop","player_choice":"Gather Gold","floor":2,"damage_taken":0},{"event_name":"Match and Keep!","player_choice":"3 cards matched","floor":4,"damage_taken":0},{"event_name":"Liars Game","player_choice":"agreed","floor":5,"damage_taken":0},{"event_name":"Back to Basics","player_choice":"Simplicity","floor":20,"damage_taken":0},{"event_name":"Golden Shrine","player_choice":"Pray","floor":21,"damage_taken":0},{"event_name":"Vampires","player_choice":"Became a vampire","floor":22,"damage_taken":0}],"boss_relics":[{"not_picked":["Cursed Key","Snecko Eye"],"picked":"Eternal Feather"}],"potions_floor_spawned":[8,11,14,16,18,28,30],"seed_played":"-1487818273795500696","killed_by":"Chosen and Byrds","ascension_level":0,"is_trial":false}