{"path_per_floor":["M","?","M","M","M","R","?","R","T","M","R","M","E","M","R","B",null,"M","M","M","M","$"],"character_chosen":"IRONCLAD","items_purchased":["Heavy Blade"],"gold_per_floor":[119,119,136,156,176,176,176,176,201,212,212,232,266,284,284,383,383,394,408,424,435,314],"floor_reached":23,"campfire_rested":1,"playtime":2340,"current_hp_per_floor":[72,72,72,72,45,66,71,71,71,73,73,77,77,61,61,55,77,60,46,41,23,23],"items_purged":["Injury"],"gold":314,"play_id":"60e97999-3159-40f2-a8b1-3effd79587a3","is_prod":false,"is_daily":false,"campfire_rituals":0,"campfire_upgraded":3,"is_hardmode":false,"path_taken":["M","?","M","M","?","R","?","R","T","M","R","?","E","M","R","BOSS","M","M","?","M","$","E"],"build_version":"2018-01-18-PROD3","purchased_purges":1,"victory":false,"master_deck":["Strike_R","Strike_R","Strike_R","Defend_R","Defend_R","Defend_R","Defend_R","Bash","Demon Form","Uppercut","Metallicize","Flex","Thunderclap","Armaments","Anger","Pommel Strike","Feed","Clothesline","Power Through","Shrug It Off","Heavy Blade"],"max_hp_per_floor":[72,72,72,72,72,72,77,77,77,77,77,77,77,77,77,77,77,80,80,83,83,83],"relics":["Black Blood","War Paint","Oddly Smooth Stone"],"campfire_meditates":0,"card_choices":[{"not_picked":["Iron Wave","Dropkick"],"picked":"Metallicize"},{"not_picked":["Berserk","Metallicize"],"picked":"Flex"},{"not_picked":["Body Slam","Uppercut"],"picked":"Thunderclap"},{"not_picked":["Iron Wave","Clash"],"picked":"Armaments"},{"not_picked":["Whirlwind","Sword Boomerang"],"picked":"Anger"},{"not_picked":["True Grit","Perfected Strike"],"picked":"Pommel Strike"},{"not_picked":["Impervious","Juggernaut"],"picked":"Feed"},{"not_picked":["Armaments","Shockwave"],"picked":"Clothesline"},{"not_picked":["Shockwave","Clash"],"picked":"Power Through"},{"not_picked":["Fire Breathing","Anger"],"picked":"Shrug It Off"}],"player_experience":28009,"potions_floor_usage":[5,13,16,16,20,23],"damage_taken":[{"damage":0,"enemies":"2 Louse","floor":1,"turns":3},{"damage":5,"enemies":"Blue Slaver","floor":3,"turns":6},{"damage":5,"enemies":"Jaw Worm","floor":4,"turns":5},{"damage":33,"enemies":"Gremlin Gang","floor":5,"turns":8},{"damage":4,"enemies":"Looter","floor":10,"turns":4},{"damage":0,"enemies":"Exordium Wildlife","floor":12,"turns":4},{"damage":2,"enemies":"Lagavulin","floor":13,"turns":5},{"damage":22,"enemies":"Gremlin Gang","floor":14,"turns":4},{"damage":27,"enemies":"Hexaghost","floor":16,"turns":8},{"damage":30,"enemies":"Shell Parasite","floor":18,"turns":5},{"damage":24,"enemies":"Spheric Guardian","floor":19,"turns":7},{"damage":18,"enemies":"Centurion and Healer","floor":20,"turns":6},{"damage":28,"enemies":"3 Cultists","floor":21,"turns":5},{"damage":28,"enemies":"Slavers","floor":23,"turns":2}],"event_choices":[{"event_name":"Accursed Blacksmith","player_choice":"Forge","floor":2,"damage_taken":0},{"event_name":"Big Fish","player_choice":"Donut","floor":7,"damage_taken":0}],"boss_relics":[{"not_picked":["Black Star","Question Card"],"picked":"Black Blood"}],"potions_floor_spawned":[1,5,10,13,19,21],"seed_played":"-5656184768612393173","killed_by":"Slavers","is_trial":false}