{"path_per_floor":["M","?","M","M","M","R","E","R","T","?","R","M","R","$","R","B",null,"M","$","M","?","$","R","E","?","T","M","$","E","R","E","R","B",null,"M","$","?","M","T","E","R","M","T","?","R","$","R","$","R","B"],"character_chosen":"IRONCLAD","items_purchased":["Apotheosis","Flex","Regen Potion","Strength Potion"],"gold_per_floor":[111,286,299,316,328,328,362,362,408,408,408,424,424,129,129,230,230,242,142,156,156,31,31,87,2,2,12,12,44,44,71,71,172,172,183,33,87,97,97,127,127,140,140,140,140,90,90,39,39,39],"floor_reached":51,"campfire_rested":6,"playtime":4385,"current_hp_per_floor":[80,80,80,80,55,55,14,38,38,5,44,43,43,43,80,54,80,78,78,63,48,48,48,18,18,18,12,12,10,50,36,76,65,85,85,85,71,75,81,72,72,56,62,92,92,92,92,92,103,68],"items_purged":["Doubt","Doubt","Normality","Clumsy"],"gold":39,"play_id":"1082185d-3ac3-4905-b65b-bae028c197f5","is_prod":false,"is_daily":false,"campfire_rituals":0,"campfire_upgraded":3,"is_hardmode":false,"path_taken":["M","?","?","M","M","R","E","R","T","?","R","M","R","$","R","BOSS","M","$","M","?","$","R","E","?","T","M","?","E","R","E","R","BOSS","M","$","?","M","?","E","R","M","T","?","R","$","R","$","R","BOSS"],"build_version":"2018-01-18-PROD4","purchased_purges":5,"victory":true,"master_deck":["Strike_R","Strike_R","Strike_R","Strike_R","Strike_R","Defend_R","Defend_R","Defend_R","Defend_R","Bash","Thunderclap","Fire Breathing","Brutality","Headbutt","Blood for Blood","Iron Wave","Apotheosis","Flex","Limit Break","Clothesline","Rampage","Heavy Blade","Clothesline","Demon Form","Blood for Blood","Berserk","Berserk","Shrug It Off","Burning Pact","Decay","Warcry","Parasite","Writhe","Inflame"],"max_hp_per_floor":[80,80,80,80,80,80,80,80,80,80,80,80,80,80,80,80,80,80,80,80,85,85,85,85,85,85,85,85,85,85,85,85,85,85,85,85,85,85,91,91,91,91,97,103,103,103,103,103,103,103],"relics":["Burning Blood","NeowsBlessing","Thread and Needle","Regal Pillow","Girya","Calling Bell","Mummified Hand","Dream Catcher","Darkstone Periapt","Tiny Chest","Pen Nib","Ice Cream","Orichalcum","Lantern","Cursed Key","Magic Flower","Charon\u0027s Ashes","Ancient Tea Set","Paper Frog"],"campfire_meditates":0,"card_choices":[{"not_picked":["Sword Boomerang","Blood for Blood"],"picked":"Thunderclap"},{"not_picked":["Body Slam","Thunderclap"],"picked":"Fire Breathing"},{"not_picked":["Flex","Combust"],"picked":"Brutality"},{"not_picked":["True Grit","Seeing Red"],"picked":"Headbutt"},{"not_picked":["Shrug It Off","Hemokinesis"],"picked":"Blood for Blood"},{"not_picked":["Pommel Strike","Shrug It Off"],"picked":"Iron Wave"},{"not_picked":["Reaper","Offering"],"picked":"Limit Break"},{"not_picked":["Twin Strike","Rampage"],"picked":"Clothesline"},{"not_picked":["Armaments","Twin Strike"],"picked":"Rampage"},{"not_picked":["Twin Strike","Headbutt"],"picked":"Heavy Blade"},{"not_picked":["Uppercut","Spot Weakness"],"picked":"Clothesline"},{"not_picked":["Dropkick","True Grit"],"picked":"Demon Form"},{"not_picked":["Headbutt","Armaments"],"picked":"Blood for Blood"},{"not_picked":["Twin Strike","True Grit"],"picked":"Berserk"},{"not_picked":["Brutality","Demon Form"],"picked":"Berserk"},{"not_picked":["Thunderclap","Flame Barrier"],"picked":"Shrug It Off"},{"not_picked":["Headbutt","Anger"],"picked":"Burning Pact"},{"not_picked":["Twin Strike","Thunderclap"],"picked":"Warcry"},{"not_picked":["Headbutt","Cleave"],"picked":"Inflame"}],"player_experience":39920,"potions_floor_usage":[7,7,24,27,29,37,50,50,50],"damage_taken":[{"damage":0,"enemies":"2 Louse","floor":1,"turns":1},{"damage":0,"enemies":"Jaw Worm","floor":3,"turns":1},{"damage":0,"enemies":"Cultist","floor":4,"turns":1},{"damage":31,"enemies":"Gremlin Gang","floor":5,"turns":6},{"damage":62,"enemies":"3 Sentries","floor":7,"turns":10},{"damage":7,"enemies":"Large Slime","floor":12,"turns":5},{"damage":32,"enemies":"Slime Boss","floor":16,"turns":8},{"damage":8,"enemies":"Chosen","floor":18,"turns":5},{"damage":21,"enemies":"3 Byrds","floor":20,"turns":5},{"damage":51,"enemies":"Slavers","floor":24,"turns":6},{"damage":12,"enemies":"3 Cultists","floor":27,"turns":5},{"damage":8,"enemies":"Gremlin Leader","floor":29,"turns":8},{"damage":20,"enemies":"Book of Stabbing","floor":31,"turns":5},{"damage":17,"enemies":"Champ","floor":33,"turns":8},{"damage":3,"enemies":"Orb Walker","floor":35,"turns":3},{"damage":20,"enemies":"Mysterious Sphere","floor":37,"turns":4},{"damage":5,"enemies":"3 Shapes","floor":38,"turns":4},{"damage":18,"enemies":"Giant Head","floor":40,"turns":7},{"damage":25,"enemies":"Maw","floor":42,"turns":6},{"damage":64,"enemies":"Donu and Deca","floor":50,"turns":6}],"event_choices":[{"event_name":"Liars Game","player_choice":"agreed","floor":2,"damage_taken":0},{"event_name":"Scrap Ooze","player_choice":"success","floor":10,"damage_taken":33},{"event_name":"Forgotten Altar","player_choice":"Shed Blood","floor":21,"damage_taken":0},{"event_name":"Addict","player_choice":"Obtained Relic","floor":25,"damage_taken":0},{"event_name":"Mysterious Sphere","player_choice":"Fight","floor":37,"damage_taken":0},{"event_name":"Winding Halls","player_choice":"Writhe","floor":44,"damage_taken":0}],"boss_relics":[{"not_picked":["Eternal Feather","Lizard Tail"],"picked":"Calling Bell"},{"not_picked":["Runic Cube","White Beast Statue"],"picked":"Cursed Key"}],"potions_floor_spawned":[3,5,16,18,24,31,37,40],"seed_played":"4791122867264552098","is_trial":false}