{"path_per_floor":["M","M","?","M","M","E","$","?","T","R","?","R","E","M","R","B",null],"character_chosen":"IRONCLAD","items_purchased":["Power Through"],"gold_per_floor":[109,121,196,212,226,252,102,102,128,128,128,128,160,170,170,270,270],"floor_reached":18,"campfire_rested":2,"playtime":2014,"current_hp_per_floor":[80,80,69,69,63,40,40,40,40,79,79,79,48,43,80,80,80],"items_purged":["Strike_R"],"gold":270,"play_id":"befb8eff-d2aa-4c47-87e3-acc248b79d4d","is_prod":false,"is_daily":false,"is_ascension_mode":false,"campfire_upgraded":1,"path_taken":["M","M","?","M","M","E","$","?","T","R","?","R","E","M","R","BOSS","M"],"build_version":"2018-01-24-BETA3","purchased_purges":1,"victory":false,"master_deck":["Strike_R","Strike_R","Strike_R","Strike_R","Defend_R","Defend_R","Defend_R","Defend_R","Bash","Flex","Disarm","Barricade+1","Power Through","Normality","Shrug It Off","Impervious","Pain","Doubt","Pain"],"max_hp_per_floor":[80,80,80,80,80,80,80,80,80,80,80,80,80,80,80,80,80],"relics":["Burning Blood","Orichalcum","Regal Pillow","Ornamental Fan","Happy Flower","Calling Bell","Meat on the Bone","Bag of Preparation","Pen Nib"],"card_choices":[{"not_picked":["Perfected Strike","Clothesline"],"picked":"Flex"},{"not_picked":["Battle Trance","Reckless Charge"],"picked":"Disarm"},{"not_picked":["Iron Wave","Twin Strike"],"picked":"Barricade"},{"not_picked":["Battle Trance","Armaments"],"picked":"Shrug It Off"},{"not_picked":["Offering","Berserk"],"picked":"Impervious"}],"player_experience":0,"potions_floor_usage":[13,16],"damage_taken":[{"damage":2,"enemies":"2 Louse","floor":1,"turns":3},{"damage":0,"enemies":"Small Slimes","floor":2,"turns":3},{"damage":6,"enemies":"Jaw Worm","floor":4,"turns":4},{"damage":12,"enemies":"Looter","floor":5,"turns":4},{"damage":29,"enemies":"Lagavulin","floor":6,"turns":8},{"damage":52,"enemies":"3 Sentries","floor":13,"turns":22},{"damage":11,"enemies":"Large Slime","floor":14,"turns":12},{"damage":1,"enemies":"The Guardian","floor":16,"turns":27},{"damage":81,"enemies":"3 Byrds","floor":18,"turns":10}],"event_choices":[{"event_name":"World of Goop","player_choice":"Gather Gold","floor":3,"damage_taken":0},{"event_name":"Liars Game","player_choice":"disagreed","floor":8,"damage_taken":0},{"event_name":"Accursed Blacksmith","player_choice":"Rummage","floor":11,"damage_taken":0}],"boss_relics":[{"not_picked":["Tiny House","Runic Cube"],"picked":"Calling Bell"}],"potions_floor_spawned":[2,6,13,16],"seed_played":"-2525527391731002576","killed_by":"3 Byrds","ascension_level":0,"is_trial":false}