{"path_per_floor":["M","M","M","?","?","R","E","R","T","?","M","M","E","M","R","B",null,"M","?","$","M","M","R"],"character_chosen":"IRONCLAD","items_purchased":[],"gold_per_floor":[109,119,138,138,88,88,113,113,113,113,123,139,170,183,183,285,285,298,298,248,267,281,281],"floor_reached":24,"campfire_rested":0,"playtime":2368,"current_hp_per_floor":[46,48,53,53,53,53,44,44,44,37,38,27,33,38,38,10,80,78,63,63,49,33,33],"items_purged":["Defend_R"],"gold":281,"play_id":"8236cee0-04bf-417d-9f8f-baffb2e7de86","is_prod":false,"is_daily":false,"campfire_rituals":0,"campfire_upgraded":4,"is_hardmode":false,"path_taken":["M","M","M","?","?","R","E","R","T","?","M","M","E","M","R","BOSS","M","?","$","M","M","R","E"],"build_version":"2018-01-18-PROD4","purchased_purges":1,"victory":false,"master_deck":["Strike_R","Strike_R","Strike_R","Strike_R","Strike_R","Defend_R","Defend_R","Defend_R","Bash","Shrug It Off","Searing Blow","Shrug It Off","Inflame","Infernal Blade","Berserk","Offering","Uppercut","Flex","Flex"],"max_hp_per_floor":[80,80,80,80,80,80,80,80,80,80,80,80,80,80,80,80,80,80,85,85,85,85,85],"relics":["Black Blood","Sundial","Smiling Mask","Paper Frog","Unceasing Top","Omamori","Torii"],"campfire_meditates":0,"card_choices":[{"not_picked":["Rupture","Iron Wave"],"picked":"Shrug It Off"},{"not_picked":["Anger","Thunderclap"],"picked":"Searing Blow"},{"not_picked":["Pommel Strike","Seeing Red"],"picked":"Shrug It Off"},{"not_picked":["Armaments","Fire Breathing"],"picked":"Inflame"},{"not_picked":["Anger","Searing Blow"],"picked":"Infernal Blade"},{"not_picked":["Clothesline","Rage"],"picked":"Berserk"},{"not_picked":["Bludgeon","Limit Break"],"picked":"Offering"},{"not_picked":["Sword Boomerang","Spot Weakness"],"picked":"Uppercut"},{"not_picked":["Flame Barrier","Body Slam"],"picked":"Flex"},{"not_picked":["Cleave","Twin Strike"],"picked":"Flex"}],"player_experience":85402,"potions_floor_usage":[12,13,16,16,22,24,24],"damage_taken":[{"damage":0,"enemies":"Small Slimes","floor":1,"turns":5},{"damage":4,"enemies":"2 Louse","floor":2,"turns":3},{"damage":1,"enemies":"Jaw Worm","floor":3,"turns":5},{"damage":15,"enemies":"3 Sentries","floor":7,"turns":11},{"damage":5,"enemies":"Large Slime","floor":11,"turns":12},{"damage":17,"enemies":"Exordium Wildlife","floor":12,"turns":4},{"damage":0,"enemies":"Lagavulin","floor":13,"turns":3},{"damage":1,"enemies":"2 Fungi Beasts","floor":14,"turns":4},{"damage":34,"enemies":"Hexaghost","floor":16,"turns":8},{"damage":12,"enemies":"2 Thieves","floor":18,"turns":5},{"damage":24,"enemies":"3 Byrds","floor":21,"turns":9},{"damage":26,"enemies":"Sentry and Sphere","floor":22,"turns":7},{"damage":37,"enemies":"Slavers","floor":24,"turns":4}],"event_choices":[{"event_name":"Big Fish","player_choice":"Box","floor":4,"damage_taken":0},{"event_name":"The Cleric","player_choice":"Card Removal","floor":5,"damage_taken":0},{"event_name":"Scrap Ooze","player_choice":"success","floor":10,"damage_taken":7},{"event_name":"Forgotten Altar","player_choice":"Shed Blood","floor":19,"damage_taken":0}],"boss_relics":[{"not_picked":["Snecko Eye","Question Card"],"picked":"Black Blood"}],"potions_floor_spawned":[1,11,12,14,16,18,21],"seed_played":"-8674416974822034368","killed_by":"Slavers","is_trial":false}