{"path_per_floor":["M","?","?","?","M","E","R","E","T","M","E","M","R","M","R","B",null,"M","?","?","M","M","E","R","M","T","?","R","?","R","?","R"],"character_chosen":"IRONCLAD","items_purchased":[],"gold_per_floor":[99,99,99,99,99,99,99,99,99,99,99,99,99,99,99,99,99,99,99,99,99,99,99,99,99,99,99,99,99,99,99,99],"floor_reached":33,"campfire_rested":5,"playtime":2655,"current_hp_per_floor":[79,72,56,56,54,32,32,24,24,24,13,12,36,31,55,35,80,78,78,78,78,59,10,34,24,24,24,48,33,33,33,58],"items_purged":[],"gold":99,"play_id":"797374df-7752-4fae-985f-aae98ec5087c","is_prod":false,"is_daily":false,"campfire_rituals":0,"campfire_upgraded":1,"is_hardmode":false,"path_taken":["M","?","?","?","M","E","R","E","T","M","E","M","R","M","R","BOSS","M","?","?","M","M","E","R","M","T","?","R","?","R","?","R","BOSS"],"build_version":"2018-01-18-PROD4","purchased_purges":0,"victory":false,"master_deck":["Strike_R","Strike_R","Defend_R","Defend_R","Defend_R","Bash","Searing Blow","Headbutt","Seeing Red","Disarm","Dual Wield","Clothesline","Uppercut","Bloodletting","Second Wind","Metallicize","Armaments"],"max_hp_per_floor":[80,80,80,80,80,80,80,80,80,80,80,80,80,80,80,80,80,80,80,80,80,80,80,80,80,80,80,80,85,85,85,85],"relics":["Ectoplasm","Frozen Eye","Paper Frog","Toolbox","Peace Pipe","Astrolabe","Self Forming Clay","Frozen Egg","Unceasing Top"],"campfire_meditates":0,"card_choices":[{"not_picked":["Sword Boomerang","Thunderclap"],"picked":"Searing Blow"},{"not_picked":["Sword Boomerang","Clash"],"picked":"Headbutt"},{"not_picked":["Battle Trance","Fire Breathing"],"picked":"Seeing Red"},{"not_picked":["Cleave","Twin Strike"],"picked":"Disarm"},{"not_picked":["Anger","Whirlwind"],"picked":"Dual Wield"},{"not_picked":["Dark Embrace","Feel No Pain"],"picked":"Clothesline"},{"not_picked":["Body Slam","Flex"],"picked":"Metallicize"},{"not_picked":["Dual Wield","Rampage"],"picked":"Armaments"}],"player_experience":98145,"potions_floor_usage":[],"damage_taken":[{"damage":1.0,"enemies":"Cultist","floor":1.0,"turns":3.0},{"damage":2.0,"enemies":"2 Louse","floor":5.0,"turns":2.0},{"damage":22.0,"enemies":"3 Sentries","floor":6.0,"turns":7.0},{"damage":8.0,"enemies":"Gremlin Nob","floor":8.0,"turns":3.0},{"damage":0.0,"enemies":"Jaw Worm","floor":10.0,"turns":2.0},{"damage":11.0,"enemies":"Lagavulin","floor":11.0,"turns":4.0},{"damage":1.0,"enemies":"2 Fungi Beasts","floor":12.0,"turns":4.0},{"damage":9.0,"enemies":"Exordium Wildlife","floor":14.0,"turns":3.0},{"damage":20.0,"enemies":"Slime Boss","floor":16.0,"turns":7.0},{"damage":2.0,"enemies":"Shell Parasite","floor":18.0,"turns":4.0},{"damage":0.0,"enemies":"Chosen","floor":21.0,"turns":4.0},{"damage":19.0,"enemies":"Snake Plant","floor":22.0,"turns":2.0},{"damage":49.0,"enemies":"Gremlin Leader","floor":23.0,"turns":9.0},{"damage":10.0,"enemies":"Slaver and Parasite","floor":25.0,"turns":7.0},{"damage":60,"enemies":"Champ","floor":33,"turns":12}],"event_choices":[{"event_name":"Golden Wing","player_choice":"Card Removal","floor":2.0,"damage_taken":0.0},{"event_name":"Shining Light","player_choice":"Entered Light","floor":3.0,"damage_taken":0.0},{"event_name":"Living Wall","player_choice":"Grow","floor":4.0,"damage_taken":0.0},{"event_name":"The Mausoleum","player_choice":"Yes","floor":19.0,"damage_taken":0.0},{"event_name":"N\u0027loth","player_choice":"Ignored","floor":20.0,"damage_taken":0.0},{"event_name":"Vampires","player_choice":"Ignored","floor":27,"damage_taken":0},{"event_name":"Forgotten Altar","player_choice":"Shed Blood","floor":29,"damage_taken":0},{"event_name":"Upgrade Shrine","player_choice":"Upgraded","floor":31,"damage_taken":0}],"boss_relics":[],"potions_floor_spawned":[5,8,14,18],"seed_played":"6146075837210152276","killed_by":"Champ","is_trial":false}