{"path_per_floor":["M","?","?","$","M","E","R","M","T","E","M","R","$","E","R","B",null,"M","?","?","T","$","R","M"],"character_chosen":"IRONCLAD","items_purchased":["Pommel Strike","Block Potion","Finesse"],"gold_per_floor":[116,116,116,17,27,55,55,74,74,102,112,112,14,45,45,143,143,161,161,191,238,83,83,93],"floor_reached":25,"campfire_rested":4,"playtime":1664,"current_hp_per_floor":[46,46,46,46,50,9,33,34,34,11,7,31,31,24,50,17,87,59,59,59,59,59,85,69],"items_purged":["Regret","Defend_R","Writhe"],"gold":93,"play_id":"25bc16b8-63a3-46c9-9a77-12073bfbe604","is_prod":false,"is_daily":false,"is_ascension_mode":true,"campfire_upgraded":0,"path_taken":["M","?","?","?","M","E","R","M","T","E","M","R","$","E","R","BOSS","M","?","?","?","$","R","M","E"],"build_version":"2018-01-26-BETA1","purchased_purges":4,"victory":false,"master_deck":["Strike_R","Strike_R","Defend_R","Defend_R","Defend_R","Bash","Infernal Blade","Brutality","Rupture","Dropkick","Pommel Strike","Thunderclap","Dual Wield","Infernal Blade+1","Finesse"],"max_hp_per_floor":[80,80,80,80,80,80,80,80,80,80,80,80,80,87,87,87,87,87,87,87,87,87,87,87],"relics":["Burning Blood","Prayer Wheel","Smiling Mask","Unceasing Top","Juzu Bracelet","Strawberry","Sozu","Tiny Chest","Dream Catcher"],"card_choices":[{"not_picked":["Flex","Shrug It Off"],"picked":"Rupture"},{"not_picked":["Pommel Strike","Twin Strike"],"picked":"Thunderclap"},{"not_picked":["Thunderclap","Battle Trance"],"picked":"Dual Wield"},{"not_picked":["Rage","Thunderclap"],"picked":"Infernal Blade"}],"player_experience":42511,"potions_floor_usage":[6,14],"damage_taken":[{"damage":0,"enemies":"Cultist","floor":1,"turns":2},{"damage":2,"enemies":"2 Louse","floor":5,"turns":3},{"damage":47,"enemies":"Lagavulin","floor":6,"turns":7},{"damage":5,"enemies":"Small Slimes","floor":8,"turns":3},{"damage":29,"enemies":"3 Sentries","floor":10,"turns":7},{"damage":10,"enemies":"Looter","floor":11,"turns":3},{"damage":20,"enemies":"Gremlin Nob","floor":14,"turns":4},{"damage":39,"enemies":"Hexaghost","floor":16,"turns":6},{"damage":34,"enemies":"2 Thieves","floor":18,"turns":4},{"damage":22,"enemies":"Spheric Guardian","floor":24,"turns":4},{"damage":69,"enemies":"Gremlin Leader","floor":25,"turns":4}],"event_choices":[{"event_name":"Living Wall","player_choice":"Change","floor":2,"damage_taken":0},{"event_name":"Big Fish","player_choice":"Box","floor":3,"damage_taken":0},{"event_name":"Cursed Tome","player_choice":"Ignored","floor":19,"damage_taken":0},{"event_name":"The Mausoleum","player_choice":"Yes","floor":20,"damage_taken":0}],"boss_relics":[{"not_picked":["Question Card","Velvet Choker"],"picked":"Sozu"}],"potions_floor_spawned":[5,8,14,18],"seed_played":"3458705223777189206","killed_by":"Gremlin Leader","ascension_level":1,"is_trial":false}