{"path_per_floor":["M","?","?","M","?","E","R","$","T","E","M","M","M","E","R","B",null,"M","M","M","M","M"],"character_chosen":"IRONCLAD","items_purchased":["Metallicize","Sadistic Nature","Letter Opener"],"gold_per_floor":[116,116,291,310,310,642,642,43,73,108,121,140,156,183,183,278,278,203,203,203,203,203],"floor_reached":23,"campfire_rested":2,"playtime":2599,"current_hp_per_floor":[80,64,64,70,70,41,65,65,65,38,44,47,53,16,55,22,80,57,54,43,24,12],"items_purged":["Regret"],"gold":203,"play_id":"61162eb2-2025-43fa-bd68-0f11c0337998","is_prod":false,"is_daily":false,"is_ascension_mode":true,"campfire_upgraded":0,"path_taken":["M","?","?","M","?","E","R","$","T","E","M","M","M","E","R","BOSS","M","M","M","?","M","E"],"build_version":"2018-02-01-BETA1","purchased_purges":1,"victory":false,"master_deck":["Strike_R","Strike_R+1","Strike_R","Strike_R+1","Strike_R","Defend_R+1","Defend_R+1","Defend_R","Defend_R","Bash","Uppercut","Doubt","Metallicize","Sadistic Nature","Pommel Strike","Intimidate","Offering","Dropkick","Metallicize+1","Clothesline+1"],"max_hp_per_floor":[80,80,80,80,80,80,80,80,80,80,80,80,80,80,80,80,80,80,80,80,80,80],"relics":["Burning Blood","Calipers","Old Coin","Letter Opener","Tiny Chest","War Paint","Regal Pillow","Ectoplasm"],"card_choices":[{"not_picked":["Shockwave","Sword Boomerang"],"picked":"Uppercut"},{"not_picked":["True Grit","Anger"],"picked":"Pommel Strike"},{"not_picked":["Second Wind","Wild Strike"],"picked":"Intimidate"},{"not_picked":["Fiend Fire","Demon Form"],"picked":"Offering"},{"not_picked":["Wild Strike","Blood for Blood"],"picked":"Dropkick"},{"not_picked":["Iron Wave","Shrug It Off"],"picked":"Metallicize"},{"not_picked":["Whirlwind","True Grit"],"picked":"Clothesline"}],"player_experience":82111,"potions_floor_usage":[6,6,13,22,23,23],"damage_taken":[{"damage":2,"enemies":"Jaw Worm","floor":1,"turns":5},{"damage":0,"enemies":"Small Slimes","floor":4,"turns":3},{"damage":50,"enemies":"Lagavulin","floor":6,"turns":7},{"damage":33,"enemies":"3 Sentries","floor":10,"turns":8},{"damage":0,"enemies":"Cultist","floor":11,"turns":3},{"damage":3,"enemies":"Looter","floor":12,"turns":3},{"damage":0,"enemies":"2 Fungi Beasts","floor":13,"turns":3},{"damage":43,"enemies":"Gremlin Nob","floor":14,"turns":5},{"damage":39,"enemies":"The Guardian","floor":16,"turns":16},{"damage":29,"enemies":"2 Thieves","floor":18,"turns":5},{"damage":9,"enemies":"3 Byrds","floor":19,"turns":5},{"damage":17,"enemies":"Centurion and Healer","floor":20,"turns":6},{"damage":25,"enemies":"Snake Plant","floor":21,"turns":4},{"damage":33,"enemies":"3 Cultists","floor":22,"turns":7},{"damage":13,"enemies":"Book of Stabbing","floor":23,"turns":5}],"event_choices":[{"event_name":"Shining Light","player_choice":"Entered Light","floor":2,"damage_taken":0},{"event_name":"Liars Game","player_choice":"agreed","floor":3,"damage_taken":0},{"event_name":"Big Fish","player_choice":"Box","floor":5,"damage_taken":0}],"boss_relics":[{"not_picked":["Runic Dome","White Beast Statue"],"picked":"Ectoplasm"}],"potions_floor_spawned":[1,4,10,16,20,21],"seed_played":"-5870170051136382560","killed_by":"Book of Stabbing","ascension_level":2,"is_trial":false}