{"path_per_floor":["M","$","?","?","?","R","M","E","T","$","E","$","M","?","R","B",null,"M","M","?","$","M","R","E","R","T","M","E","R","$","E","R","B",null,"M","?","?","?","M","T","R","E","T","R","M","M","?","E","R"],"character_chosen":"IRONCLAD","items_purchased":["Flex","Feel No Pain"],"gold_per_floor":[109,34,34,34,109,109,129,170,252,152,183,35,59,93,93,224,224,244,264,264,114,132,132,157,157,209,227,257,257,3,32,32,137,137,155,205,205,0,11,11,11,36,117,117,135,148,148,177,177],"floor_reached":50,"campfire_rested":5,"playtime":6002,"current_hp_per_floor":[70,70,50,47,36,60,60,41,41,41,26,26,26,6,30,31,80,80,73,73,73,51,51,37,64,69,41,43,70,70,79,79,58,90,90,69,69,69,74,74,74,40,52,52,14,25,87,7,33],"items_purged":["Regret","Writhe","Clumsy","Strike_R","Strike_R"],"gold":177,"play_id":"0798547f-1eb0-4521-ad22-6a768388a8da","is_prod":false,"is_daily":false,"is_ascension_mode":true,"campfire_upgraded":1,"path_taken":["M","$","?","?","?","R","M","E","T","$","E","?","M","?","R","BOSS","M","M","?","?","M","R","E","R","T","M","E","R","$","E","R","BOSS","M","?","?","?","M","?","R","E","T","R","?","M","?","E","R","BOSS"],"build_version":"2018-02-02-BETA1","purchased_purges":5,"victory":false,"master_deck":["Defend_R+1","Defend_R","Defend_R+1","Defend_R","Bash","Sword Boomerang","Anger","Warcry","True Grit","Flex+1","True Grit+1","Clothesline","Infernal Blade+1","Reaper","Infernal Blade+1","Evolve+1","Wild Strike","Burning Pact+1","Feel No Pain","Double Tap+1","Barricade+1","Disarm+1","Fire Breathing+1","Fire Breathing+1","Sentinel+1","Fire Breathing+1"],"max_hp_per_floor":[80,80,80,80,80,80,80,80,80,80,80,80,80,80,80,80,80,80,80,80,80,80,80,90,90,90,90,90,90,90,90,90,90,90,90,90,90,90,90,90,90,90,97,97,97,97,87,87,87],"relics":["Calling Bell","Kunai","Charon\u0027s Ashes","Dream Catcher","Bloody Idol","War Paint","Bag of Preparation","Toxic Egg 2","Pantograph","Odd Mushroom","Mark of Pain","Pear","Orichalcum","Matryoshka","Shovel","Mercury Hourglass","Astrolabe","Sundial","Red Mask","Ancient Tea Set","Girya","Du-Vu Doll","Smiling Mask","Strawberry","Bottled Lightning","Pen Nib","Oddly Smooth Stone"],"card_choices":[{"not_picked":["Heavy Blade","Body Slam"],"picked":"Sword Boomerang"},{"not_picked":["Warcry","Wild Strike"],"picked":"Anger"},{"not_picked":["Heavy Blade","Havoc"],"picked":"Warcry"},{"not_picked":["Evolve","Barricade"],"picked":"True Grit"},{"not_picked":["Iron Wave","Clash"],"picked":"True Grit"},{"not_picked":["Hemokinesis","Reckless Charge"],"picked":"Clothesline"},{"not_picked":["Sever Soul","True Grit"],"picked":"Infernal Blade"},{"not_picked":["Impervious","Limit Break"],"picked":"Reaper"},{"not_picked":["Clothesline","Iron Wave"],"picked":"Infernal Blade"},{"not_picked":["Burning Pact","Sentinel"],"picked":"Evolve"},{"not_picked":["Flex","Spot Weakness"],"picked":"Wild Strike"},{"not_picked":["Headbutt","Anger"],"picked":"Burning Pact"},{"not_picked":["Berserk","Feed"],"picked":"Double Tap"},{"not_picked":["Wild Strike","Sword Boomerang"],"picked":"Fire Breathing"},{"not_picked":["Anger","Armaments"],"picked":"Fire Breathing"},{"not_picked":["Clothesline","Offering"],"picked":"Sentinel"},{"not_picked":["Thunderclap","Searing Blow"],"picked":"Fire Breathing"}],"player_experience":86691,"potions_floor_usage":[42,48,48],"damage_taken":[{"damage":10.0,"enemies":"Small Slimes","floor":1.0,"turns":4.0},{"damage":0.0,"enemies":"Cultist","floor":7.0,"turns":2.0},{"damage":19.0,"enemies":"Lagavulin","floor":8.0,"turns":9.0},{"damage":15.0,"enemies":"Gremlin Nob","floor":11.0,"turns":4.0},{"damage":0.0,"enemies":"Jaw Worm","floor":13.0,"turns":2.0},{"damage":20.0,"enemies":"The Mushroom Lair","floor":14.0,"turns":5.0},{"damage":24.0,"enemies":"Slime Boss","floor":16.0,"turns":11.0},{"damage":0.0,"enemies":"Chosen","floor":18.0,"turns":2.0},{"damage":11.0,"enemies":"2 Thieves","floor":19.0,"turns":3.0},{"damage":27.0,"enemies":"Centurion and Healer","floor":22.0,"turns":4.0},{"damage":59.0,"enemies":"Slavers","floor":24.0,"turns":5.0},{"damage":43.0,"enemies":"Chosen and Byrds","floor":27.0,"turns":7.0},{"damage":19.0,"enemies":"Book of Stabbing","floor":28.0,"turns":5.0},{"damage":0.0,"enemies":"Gremlin Leader","floor":31.0,"turns":5.0},{"damage":37.0,"enemies":"Collector","floor":33.0,"turns":11.0},{"damage":0,"enemies":"3 Shapes","floor":35,"turns":4},{"damage":41,"enemies":"Mysterious Sphere","floor":36,"turns":5},{"damage":8,"enemies":"Flame Bruiser 1 Orb","floor":39,"turns":8},{"damage":51,"enemies":"Nemesis","floor":42,"turns":10},{"damage":51,"enemies":"Sphere and 2 Shapes","floor":45,"turns":4},{"damage":0,"enemies":"Maw","floor":46,"turns":10},{"damage":85,"enemies":"2 Orb Walkers","floor":48,"turns":6},{"damage":65,"enemies":"Time Eater","floor":50,"turns":18}],"event_choices":[{"event_name":"Golden Idol","player_choice":"Take Damage","floor":3.0,"damage_taken":0.0},{"event_name":"Scrap Ooze","player_choice":"success","floor":4.0,"damage_taken":3.0},{"event_name":"World of Goop","player_choice":"Gather Gold","floor":5.0,"damage_taken":0.0},{"event_name":"Mushrooms","player_choice":"Fought Mushrooms","floor":14.0,"damage_taken":0.0},{"event_name":"Forgotten Altar","player_choice":"Gave Idol","floor":20.0,"damage_taken":0.0},{"event_name":"Mysterious Sphere","player_choice":"Fight","floor":36,"damage_taken":0},{"event_name":"Tomb of Lord Red Mask","player_choice":"Paid","floor":38,"damage_taken":0},{"event_name":"The Moai Head","player_choice":"Heal","floor":47,"damage_taken":0}],"boss_relics":[],"potions_floor_spawned":[11,13,16,19,24,28,31,33,39,45],"seed_played":"-5766427663056148175","killed_by":"Time Eater","ascension_level":2,"is_trial":false}