{"path_per_floor":["M","?","?","?","M","R","?","$","T","$","R","M","E","M","R","B",null,"M","T","$","M","M","R"],"character_chosen":"IRONCLAD","items_purchased":["Dropkick"],"gold_per_floor":[140,140,140,140,156,156,106,31,31,31,31,46,80,92,92,188,188,200,224,84,104,123,123],"floor_reached":24,"campfire_rested":2,"playtime":1530,"current_hp_per_floor":[74,67,67,42,38,63,63,63,63,63,63,65,67,69,85,53,85,71,71,71,67,41,41],"items_purged":["Strike_R","Strike_R"],"gold":123,"score":241,"play_id":"1c67ca33-e24c-43a6-8ecc-a1a5a7dacf34","is_prod":false,"is_daily":false,"is_ascension_mode":true,"campfire_upgraded":2,"path_taken":["M","?","?","?","M","R","?","$","T","?","R","M","E","M","R","BOSS","M","?","?","M","M","R","E"],"build_version":"2018-02-05-BETA1","purchased_purges":2,"victory":false,"master_deck":["Strike_R","Defend_R","Defend_R","Defend_R","Defend_R","Bash+1","Dual Wield","Corruption","Iron Wave+1","Clash","Pommel Strike","Dropkick","Feel No Pain"],"max_hp_per_floor":[85,85,85,85,85,85,85,85,85,85,85,85,85,85,85,85,85,85,85,85,85,85,85],"relics":["Tiny House","Blood Vial","Toolbox","Letter Opener","Velvet Choker","Pen Nib"],"card_choices":[{"not_picked":["Anger","Clash"],"picked":"Dual Wield"},{"not_picked":["Seeing Red","Dual Wield"],"picked":"Corruption"},{"not_picked":["Sword Boomerang","Cleave"],"picked":"Iron Wave"},{"not_picked":["Headbutt","True Grit"],"picked":"Clash"},{"not_picked":["Evolve","Wild Strike"],"picked":"Pommel Strike"},{"not_picked":["Clash","Warcry"],"picked":"Feel No Pain"}],"player_experience":110807,"potions_floor_usage":[13,14,14,16,24],"damage_taken":[{"damage":11,"enemies":"Jaw Worm","floor":1,"turns":5},{"damage":6,"enemies":"Cultist","floor":5,"turns":4},{"damage":0,"enemies":"2 Louse","floor":12,"turns":3},{"damage":0,"enemies":"Gremlin Nob","floor":13,"turns":4},{"damage":0,"enemies":"Red Slaver","floor":14,"turns":2},{"damage":32,"enemies":"Slime Boss","floor":16,"turns":14},{"damage":14,"enemies":"Spheric Guardian","floor":18,"turns":4},{"damage":6,"enemies":"Shell Parasite","floor":21,"turns":4},{"damage":28,"enemies":"Centurion and Healer","floor":22,"turns":5},{"damage":45,"enemies":"Book of Stabbing","floor":24,"turns":5}],"event_choices":[{"event_name":"Golden Wing","player_choice":"Card Removal","floor":2,"damage_taken":0},{"event_name":"Match and Keep!","player_choice":"0 cards matched","floor":3,"damage_taken":0},{"event_name":"Scrap Ooze","player_choice":"success","floor":4,"damage_taken":25},{"event_name":"The Cleric","player_choice":"Card Removal","floor":7,"damage_taken":0}],"boss_relics":[{"not_picked":["Lizard Tail","Mark of Pain"],"picked":"Velvet Choker"}],"potions_floor_spawned":[5,12,13,18,22],"seed_played":"7996747838588220070","killed_by":"Book of Stabbing","ascension_level":2,"is_trial":false}