{"path_per_floor":["M","?","?","M","M","E","R","E","T","M","?","?","?","E","R","B",null,"M","T","$","M","$","R"],"character_chosen":"IRONCLAD","items_purchased":["Ginger"],"gold_per_floor":[18,18,18,43,61,104,104,145,145,168,202,202,202,241,241,360,360,375,375,67,83,8,8],"floor_reached":24,"campfire_rested":2,"playtime":1942,"current_hp_per_floor":[95,76,52,53,59,35,63,43,43,45,26,58,51,47,75,46,96,90,90,90,75,75,75],"items_purged":["Strike_R"],"gold":8,"play_id":"5edb59e9-3c90-43c8-b87d-11559e293505","is_prod":false,"is_daily":false,"is_ascension_mode":true,"campfire_upgraded":1,"path_taken":["M","?","?","?","M","E","R","E","T","M","?","?","?","E","R","BOSS","M","?","$","M","?","R","E"],"build_version":"2018-02-02-BETA1","purchased_purges":2,"victory":false,"master_deck":["Strike_R+1","Strike_R+1","Strike_R+1","Defend_R","Defend_R+1","Defend_R+1","Defend_R","Bash","Clothesline+1","Flex","Shrug It Off","Rampage+1","Corruption","Double Tap","Dropkick"],"max_hp_per_floor":[96,96,96,96,96,96,96,96,96,96,96,96,96,96,96,96,96,96,96,96,96,96,96],"relics":["Black Blood","Golden Idol","Dream Catcher","War Paint","Whetstone","Odd Mushroom","Champion Belt","Red Skull","Ginger"],"card_choices":[{"not_picked":["Sword Boomerang","Second Wind"],"picked":"Clothesline"},{"not_picked":["Iron Wave","Whirlwind"],"picked":"Flex"},{"not_picked":["Disarm","Dual Wield"],"picked":"Shrug It Off"},{"not_picked":["Sentinel","Shrug It Off"],"picked":"Rampage"},{"not_picked":["Seeing Red","Sword Boomerang"],"picked":"Corruption"},{"not_picked":["Anger","Pommel Strike"],"picked":"Double Tap"},{"not_picked":["Infernal Blade","Rupture"],"picked":"Dropkick"}],"player_experience":101303,"potions_floor_usage":[8,16,16,18],"damage_taken":[{"damage":7,"enemies":"Jaw Worm","floor":1,"turns":3},{"damage":5,"enemies":"Small Slimes","floor":4,"turns":3},{"damage":0,"enemies":"2 Louse","floor":5,"turns":2},{"damage":30,"enemies":"3 Sentries","floor":6,"turns":8},{"damage":26,"enemies":"Lagavulin","floor":8,"turns":5},{"damage":4,"enemies":"Large Slime","floor":10,"turns":6},{"damage":25,"enemies":"The Mushroom Lair","floor":11,"turns":4},{"damage":10,"enemies":"Gremlin Nob","floor":14,"turns":3},{"damage":35,"enemies":"Slime Boss","floor":16,"turns":10},{"damage":16,"enemies":"3 Byrds","floor":18,"turns":7},{"damage":25,"enemies":"2 Thieves","floor":21,"turns":5},{"damage":78,"enemies":"Book of Stabbing","floor":24,"turns":7}],"event_choices":[{"event_name":"Shining Light","player_choice":"Entered Light","floor":2,"damage_taken":0},{"event_name":"Golden Idol","player_choice":"Take Damage","floor":3,"damage_taken":0},{"event_name":"Mushrooms","player_choice":"Fought Mushrooms","floor":11,"damage_taken":0},{"event_name":"Big Fish","player_choice":"Banana","floor":12,"damage_taken":0},{"event_name":"Golden Wing","player_choice":"Card Removal","floor":13,"damage_taken":0}],"boss_relics":[{"not_picked":["Calling Bell","Eternal Feather"],"picked":"Black Blood"}],"potions_floor_spawned":[6,8,11,16],"seed_played":"480358810984737803","killed_by":"Book of Stabbing","ascension_level":2,"is_trial":false}