{"path_per_floor":["M","M","?","M","?","E","R","E","T","E","M","E","$","M","R","B",null,"M","M","M","?"],"character_chosen":"IRONCLAD","items_purchased":["Offering","Inflame","Mummified Hand"],"gold_per_floor":[359,374,374,391,391,416,416,449,475,501,520,546,29,44,44,141,141,156,168,179,179],"floor_reached":22,"campfire_rested":1,"playtime":2115,"current_hp_per_floor":[72,72,72,72,72,72,72,69,76,62,27,17,17,23,46,37,79,79,50,7,7],"items_purged":["Defend_R"],"gold":179,"play_id":"51bd2e9e-37b1-4527-943f-2e9ceaef882e","is_prod":false,"is_daily":false,"is_ascension_mode":true,"campfire_upgraded":1,"path_taken":["M","M","?","M","?","E","R","E","T","E","M","E","$","?","R","BOSS","M","M","M","?","M"],"build_version":"2018-02-01-BETA1","purchased_purges":1,"victory":false,"master_deck":["Strike_R","Strike_R","Strike_R","Defend_R","Defend_R","Defend_R","Bash","Rampage+1","Disarm","Demon Form","Shrug It Off","Clash","Double Tap","Warcry","Limit Break","Battle Trance","Offering","Inflame","Flex","Offering","Pommel Strike+1","Inflame","Writhe"],"max_hp_per_floor":[72,72,72,72,72,72,72,72,79,79,79,79,79,79,79,79,79,79,79,79,79],"relics":["Burning Blood","Omamori","Bottled Lightning","Strawberry","Orichalcum","Bag of Marbles","Mummified Hand","Calling Bell","Smiling Mask","Blood Vial","Juzu Bracelet"],"card_choices":[{"not_picked":["Bloodletting","Anger"],"picked":"Rampage"},{"not_picked":["Whirlwind","Warcry"],"picked":"Disarm"},{"not_picked":["Reckless Charge","Perfected Strike"],"picked":"Shrug It Off"},{"not_picked":["Flex","Clothesline"],"picked":"Double Tap"},{"not_picked":["Infernal Blade","Whirlwind"],"picked":"Warcry"},{"not_picked":["Sever Soul","Wild Strike"],"picked":"Limit Break"},{"not_picked":["Dual Wield","Sword Boomerang"],"picked":"Battle Trance"},{"not_picked":["Armaments","Anger"],"picked":"Flex"},{"not_picked":["Limit Break","Dark Embrace"],"picked":"Offering"},{"not_picked":["Power Through","Clothesline"],"picked":"Pommel Strike"},{"not_picked":["Sentinel","Armaments"],"picked":"Inflame"}],"player_experience":79878,"potions_floor_usage":[6,8,10,10,18,20,22],"damage_taken":[{"damage":1,"enemies":"Cultist","floor":1,"turns":4},{"damage":1,"enemies":"2 Louse","floor":2,"turns":3},{"damage":6,"enemies":"Small Slimes","floor":4,"turns":5},{"damage":4,"enemies":"Gremlin Nob","floor":6,"turns":3},{"damage":9,"enemies":"Lagavulin","floor":8,"turns":7},{"damage":20,"enemies":"3 Sentries","floor":10,"turns":7},{"damage":41,"enemies":"Exordium Thugs","floor":11,"turns":6},{"damage":16,"enemies":"Gremlin Nob","floor":12,"turns":5},{"damage":0,"enemies":"2 Fungi Beasts","floor":14,"turns":3},{"damage":15,"enemies":"Hexaghost","floor":16,"turns":7},{"damage":4,"enemies":"Chosen","floor":18,"turns":3},{"damage":35,"enemies":"Spheric Guardian","floor":19,"turns":4},{"damage":51,"enemies":"Centurion and Healer","floor":20,"turns":5},{"damage":30,"enemies":"Cultist and Chosen","floor":22,"turns":3}],"event_choices":[{"event_name":"Transmorgrifier","player_choice":"Transform","floor":3,"damage_taken":0},{"event_name":"Living Wall","player_choice":"Change","floor":5,"damage_taken":0},{"event_name":"Transmorgrifier","player_choice":"Transform","floor":21,"damage_taken":0}],"boss_relics":[{"not_picked":["Velvet Choker","Orrery"],"picked":"Calling Bell"}],"potions_floor_spawned":[1,2,6,8,14,16,19],"seed_played":"3052690084955956317","killed_by":"Cultist and Chosen","ascension_level":2,"is_trial":false}