{"path_per_floor":["M","M","?","?","M","R","E","M","T","?","R","?","R","M","R","B",null,"M","?","?","M","M","R","E","M","T","R","E","R","$","M","R","B",null,"M","?","?","M","M","R","?","R","T","R","M","?","M","M","R","B"],"character_chosen":"IRONCLAD","items_purchased":["Dexterity Potion"],"gold_per_floor":[117,128,203,203,220,220,248,263,336,336,336,336,336,352,352,451,451,451,451,451,406,406,406,406,406,406,406,406,406,280,280,280,280,280,280,280,280,280,280,280,280,280,280,280,280,260,260,260,260,260],"floor_reached":51,"campfire_rested":7,"playtime":2509,"current_hp_per_floor":[75,79,68,43,49,73,48,22,22,22,46,80,80,68,68,47,72,57,57,57,38,27,51,36,36,43,69,75,75,75,65,87,42,76,82,82,71,75,29,55,55,55,55,55,47,47,45,29,55,11],"items_purged":["Strike_R"],"gold":260,"score":716,"play_id":"03299818-c747-4d1a-a006-f7cd7e284fbc","is_prod":false,"is_daily":false,"is_ascension_mode":true,"campfire_upgraded":5,"path_taken":["M","M","?","?","M","R","E","M","T","?","R","?","R","M","R","BOSS","M","?","?","?","M","R","E","M","T","R","E","R","$","M","R","BOSS","M","?","?","M","M","R","?","R","T","R","M","?","?","M","R","BOSS"],"build_version":"2018-02-13-BETA1","purchased_purges":1,"victory":true,"master_deck":["Strike_R+1","Strike_R+1","Defend_R+1","Defend_R+1","Defend_R+1","Defend_R+1","Bash+1","Headbutt+1","Flex+1","Cleave+1","Limit Break+1","Rampage+1","Shrug It Off+1","Double Tap+1","Madness+1","Madness+1","Combust+1","Inflame","Metallicize+1"],"max_hp_per_floor":[80,80,80,80,80,80,80,80,80,80,80,80,80,80,80,80,80,80,80,80,80,80,80,80,80,87,87,87,87,87,87,87,87,87,87,87,87,87,87,87,87,87,87,87,87,87,87,87,87,87],"relics":["Burning Blood","Bronze Scales","Toxic Egg 2","Ectoplasm","Nloth\u0027s Gift","Toolbox","Strawberry","Molten Egg 2","Runic Cube","Centennial Puzzle"],"card_choices":[{"not_picked":["Flex","Cleave"],"picked":"Headbutt"},{"not_picked":["Havoc","Cleave"],"picked":"Flex"},{"not_picked":["Anger","Wild Strike"],"picked":"Cleave"},{"not_picked":["Body Slam","Clash"],"picked":"Limit Break"},{"not_picked":["Rage","Clothesline"],"picked":"Rampage"},{"not_picked":["Armaments","Sword Boomerang"],"picked":"Shrug It Off"},{"not_picked":["Disarm","Searing Blow"],"picked":"Double Tap"},{"not_picked":["Barricade","Spot Weakness"],"picked":"Inflame"},{"not_picked":["Dual Wield","Iron Wave"],"picked":"Metallicize"}],"player_experience":170950,"potions_floor_usage":[16,16,24,24,28,33,35,39,39,47,50,50],"damage_taken":[{"damage":3,"enemies":"2 Louse","floor":1,"turns":4},{"damage":2,"enemies":"Jaw Worm","floor":2,"turns":3},{"damage":0,"enemies":"Cultist","floor":5,"turns":3},{"damage":31,"enemies":"Gremlin Nob","floor":7,"turns":4},{"damage":32,"enemies":"Large Slime","floor":8,"turns":5},{"damage":18,"enemies":"Red Slaver","floor":14,"turns":4},{"damage":39,"enemies":"Slime Boss","floor":16,"turns":11},{"damage":21,"enemies":"Shell Parasite","floor":18,"turns":4},{"damage":25,"enemies":"2 Thieves","floor":21,"turns":3},{"damage":17,"enemies":"Chosen and Byrds","floor":22,"turns":5},{"damage":21,"enemies":"Book of Stabbing","floor":24,"turns":4},{"damage":6,"enemies":"Centurion and Healer","floor":25,"turns":4},{"damage":0,"enemies":"Gremlin Leader","floor":28,"turns":4},{"damage":16,"enemies":"Sentry and Sphere","floor":31,"turns":4},{"damage":55,"enemies":"Automaton","floor":33,"turns":8},{"damage":0,"enemies":"3 Shapes","floor":35,"turns":5},{"damage":2,"enemies":"3 Darklings","floor":38,"turns":6},{"damage":67,"enemies":"Maw","floor":39,"turns":7},{"damage":14,"enemies":"Spire Growth","floor":45,"turns":3},{"damage":8,"enemies":"Flame Bruiser 2 Orb","floor":47,"turns":6},{"damage":22,"enemies":"3 Darklings","floor":48,"turns":4},{"damage":50,"enemies":"Time Eater","floor":50,"turns":6}],"event_choices":[{"event_name":"World of Goop","player_choice":"Gather Gold","floor":3,"damage_taken":0},{"event_name":"Scrap Ooze","player_choice":"success","floor":4,"damage_taken":25},{"event_name":"Bonfire Elementals","player_choice":"BASIC","floor":10,"damage_taken":0},{"event_name":"Wheel of Change","player_choice":"Full Heal","floor":12,"damage_taken":0},{"event_name":"N\u0027loth","player_choice":"Traded a Darkstone Periapt","floor":19,"damage_taken":0},{"event_name":"Back to Basics","player_choice":"Simplicity","floor":20,"damage_taken":0},{"event_name":"Accursed Blacksmith","player_choice":"Ignore","floor":36,"damage_taken":0},{"event_name":"Winding Halls","player_choice":"Embrace Madness","floor":37,"damage_taken":0},{"event_name":"Transmorgrifier","player_choice":"Transform","floor":41,"damage_taken":0},{"event_name":"The Woman in Blue","player_choice":"Bought 1 Potion","floor":46,"damage_taken":0}],"boss_relics":[{"not_picked":["Eternal Feather","Snecko Eye"],"picked":"Ectoplasm"},{"not_picked":["Runic Dome","Question Card"],"picked":"Runic Cube"}],"potions_floor_spawned":[2,5,16,21,24,28,31,33,38,39],"seed_played":"8823152564434480516","ascension_level":6,"is_trial":false}