{"path_per_floor":["M","?","?","M","?","R","E","R","T","?","M","R","$","M","R","B",null,"M","?","M","?","?","E","R","M","T","?","M","M","?","M","R","B",null,"M","?","M","T","$","R","E","R","T","M","M","R","M","M","R","B"],"character_chosen":"IRONCLAD","items_purchased":["Mercury Hourglass"],"gold_per_floor":[114,114,64,79,79,79,112,112,112,362,376,376,45,63,63,162,162,181,81,97,97,0,26,26,45,119,119,134,149,149,161,161,258,258,276,276,295,295,195,195,227,227,227,238,251,251,264,283,283,283],"floor_reached":51,"campfire_rested":6,"playtime":3420,"current_hp_per_floor":[31,31,31,36,36,36,11,35,35,35,33,33,33,39,63,23,80,79,79,68,80,80,51,51,53,53,90,70,47,47,41,68,10,90,90,90,83,83,83,83,50,77,77,58,42,69,59,43,70,13],"items_purged":["Regret","Perfected Strike"],"gold":283,"score":700,"play_id":"9d23c6bd-2644-438b-9a1e-5ace13f57656","is_prod":false,"is_daily":false,"is_ascension_mode":true,"campfire_upgraded":4,"path_taken":["M","?","?","M","?","R","E","R","T","?","M","R","?","?","R","BOSS","M","?","M","?","?","E","R","M","T","?","M","?","?","M","R","BOSS","M","?","?","?","$","R","E","R","T","M","M","R","M","M","R","BOSS"],"build_version":"2018-02-08-BETA1","purchased_purges":2,"victory":true,"master_deck":["Bash","Searing Blow+5","Headbutt","Spot Weakness","Thunderclap","Flex","Armaments","J.A.X.","Disarm","Shockwave+1","Warcry+1","Heavy Blade","Combust","Anger","Armaments","Armaments","True Grit+1","Feel No Pain+1","Dropkick","Shrug It Off+1"],"max_hp_per_floor":[80,80,80,80,80,80,80,80,80,80,80,80,80,80,80,80,80,80,80,80,80,80,80,80,80,80,90,90,90,90,90,90,90,90,90,90,90,90,90,90,90,90,90,90,90,90,90,90,90,90],"relics":["Burning Blood","Dodecahedron","Oddly Smooth Stone","Mercury Hourglass","Velvet Choker","Blue Candle","Pantograph","Pandora\u0027s Box","Calipers","Gambling Chip","Charon\u0027s Ashes"],"card_choices":[{"not_picked":["Juggernaut","Clash"],"picked":"Headbutt"},{"not_picked":["Clash","Cleave"],"picked":"Spot Weakness"},{"not_picked":["Havoc","Clash"],"picked":"Thunderclap"},{"not_picked":["Heavy Blade","True Grit"],"picked":"Flex"},{"not_picked":["Barricade","Immolate"],"picked":"Offering"},{"not_picked":["Body Slam","Headbutt"],"picked":"Armaments"},{"not_picked":["Iron Wave","Combust"],"picked":"Disarm"},{"not_picked":["Pommel Strike","Wild Strike"],"picked":"Shockwave"},{"not_picked":["Flex","Headbutt"],"picked":"Warcry"},{"not_picked":["Flame Barrier","Headbutt"],"picked":"True Grit"},{"not_picked":["Sentinel","Juggernaut"],"picked":"Feel No Pain"},{"not_picked":["Body Slam","Havoc"],"picked":"Dropkick"},{"not_picked":["Perfected Strike","Corruption"],"picked":"Shrug It Off"}],"player_experience":123507,"potions_floor_usage":[7,16,20,29,33,33,41,50],"damage_taken":[{"damage":15,"enemies":"Blue Slaver","floor":1,"turns":8},{"damage":1,"enemies":"2 Louse","floor":4,"turns":3},{"damage":31,"enemies":"3 Sentries","floor":7,"turns":10},{"damage":8,"enemies":"Jaw Worm","floor":11,"turns":5},{"damage":0,"enemies":"Looter","floor":14,"turns":3},{"damage":46,"enemies":"Hexaghost","floor":16,"turns":9},{"damage":7,"enemies":"Chosen","floor":18,"turns":4},{"damage":17,"enemies":"3 Byrds","floor":20,"turns":4},{"damage":35,"enemies":"Slavers","floor":23,"turns":5},{"damage":4,"enemies":"Snecko","floor":25,"turns":2},{"damage":26,"enemies":"Slaver and Parasite","floor":28,"turns":6},{"damage":29,"enemies":"Sentry and Sphere","floor":29,"turns":5},{"damage":12,"enemies":"Snecko","floor":31,"turns":3},{"damage":86,"enemies":"Automaton","floor":33,"turns":9},{"damage":5,"enemies":"Orb Walker","floor":35,"turns":2},{"damage":13,"enemies":"3 Darklings","floor":37,"turns":4},{"damage":39,"enemies":"2 Orb Walkers","floor":41,"turns":4},{"damage":25,"enemies":"4 Shapes","floor":44,"turns":6},{"damage":22,"enemies":"Maw","floor":45,"turns":6},{"damage":16,"enemies":"Sphere and 2 Shapes","floor":47,"turns":4},{"damage":22,"enemies":"4 Shapes","floor":48,"turns":5},{"damage":83,"enemies":"Donu and Deca","floor":50,"turns":10}],"event_choices":[{"event_name":"Living Wall","player_choice":"Grow","floor":2,"damage_taken":0},{"event_name":"The Cleric","player_choice":"Card Removal","floor":3,"damage_taken":0},{"event_name":"Purifier","player_choice":"One Purge","floor":5,"damage_taken":0},{"event_name":"Golden Shrine","player_choice":"Desecrate","floor":10,"damage_taken":0},{"event_name":"Drug Dealer","player_choice":"Got JAXXED","floor":19,"damage_taken":0},{"event_name":"Wheel of Change","player_choice":"Full Heal","floor":21,"damage_taken":0},{"event_name":"Masked Bandits","player_choice":"Paid Bandits 97 gold","floor":22,"damage_taken":0},{"event_name":"Bonfire Elementals","player_choice":"RARE","floor":27,"damage_taken":0},{"event_name":"Cursed Tome","player_choice":"Ignored","floor":30,"damage_taken":0},{"event_name":"Upgrade Shrine","player_choice":"Upgraded","floor":36,"damage_taken":0}],"boss_relics":[{"not_picked":["White Beast Statue","Runic Cube"],"picked":"Velvet Choker"},{"not_picked":["Black Star","Runic Pyramid"],"picked":"Pandora\u0027s Box"}],"potions_floor_spawned":[1,7,16,23,25,29,37,48],"seed_played":"2749954590457373863","ascension_level":3,"is_trial":false}