{"path_per_floor":["M","M","$","?","?","E","R","$","T","?","?","R","?","M","R","B",null,"M","$","?","?","?"],"character_chosen":"IRONCLAD","items_purchased":["Flex","Matryoshka","Shrug It Off"],"gold_per_floor":[118,131,56,56,56,85,85,59,84,84,159,159,219,233,233,334,334,350,82,82,82,82],"floor_reached":23,"campfire_rested":1,"playtime":1025,"current_hp_per_floor":[66,66,66,66,66,50,74,74,74,79,68,68,73,81,81,60,83,67,67,67,49,49],"items_purged":["Pain"],"gold":82,"score":254,"play_id":"185e6ba5-1cd8-43cd-8b89-187f353499b9","is_prod":false,"is_daily":false,"is_ascension_mode":true,"campfire_upgraded":2,"path_taken":["M","?","$","?","?","E","R","?","T","?","?","R","?","M","R","BOSS","M","$","?","?","?","E"],"build_version":"2018-02-08-BETA1","purchased_purges":2,"victory":false,"master_deck":["Strike_R","Strike_R","Strike_R","Strike_R","Defend_R","Defend_R","Defend_R","Defend_R","Bash+1","Pommel Strike","Bludgeon+1","Shockwave","Ghostly Armor","Flex","Evolve","Shrug It Off"],"max_hp_per_floor":[80,80,80,80,80,80,80,80,80,85,85,85,87,89,89,91,91,91,91,91,96,96],"relics":["Burning Blood","Ginger","Orichalcum","Juzu Bracelet","Singing Bowl","Mark of Pain","Matryoshka"],"card_choices":[{"not_picked":["Anger","Headbutt"],"picked":"Pommel Strike"},{"not_picked":["Twin Strike","Sword Boomerang"],"picked":"Bludgeon"},{"not_picked":["Body Slam","Dual Wield"],"picked":"Ghostly Armor"},{"not_picked":["Searing Blow","True Grit"],"picked":"Evolve"}],"player_experience":140311,"potions_floor_usage":[16,16,23],"damage_taken":[{"damage":20,"enemies":"Blue Slaver","floor":1,"turns":3},{"damage":6,"enemies":"Small Slimes","floor":2,"turns":3},{"damage":22,"enemies":"3 Sentries","floor":6,"turns":6},{"damage":3,"enemies":"Gremlin Nob","floor":13,"turns":3},{"damage":0,"enemies":"Cultist","floor":14,"turns":3},{"damage":29,"enemies":"Hexaghost","floor":16,"turns":8},{"damage":22,"enemies":"3 Byrds","floor":18,"turns":8},{"damage":54,"enemies":"Gremlin Leader","floor":23,"turns":6}],"event_choices":[{"event_name":"Match and Keep!","player_choice":"1 cards matched","floor":4,"damage_taken":0},{"event_name":"Wheel of Change","player_choice":"Card Removal","floor":5,"damage_taken":0},{"event_name":"Big Fish","player_choice":"Donut","floor":10,"damage_taken":0},{"event_name":"World of Goop","player_choice":"Gather Gold","floor":11,"damage_taken":0},{"event_name":"Dead Adventurer","player_choice":"Searched \u00271\u0027 times","floor":13,"damage_taken":0},{"event_name":"Vampires","player_choice":"Ignored","floor":20,"damage_taken":0},{"event_name":"Forgotten Altar","player_choice":"Shed Blood","floor":21,"damage_taken":0},{"event_name":"Addict","player_choice":"Ignored","floor":22,"damage_taken":0}],"boss_relics":[{"not_picked":["Cursed Key","Runic Pyramid"],"picked":"Mark of Pain"}],"potions_floor_spawned":[2,6,13],"seed_played":"-3525284934880390710","killed_by":"Gremlin Leader","ascension_level":5,"is_trial":false}