{"path_per_floor":["M","?","M","M","M","R","?","M","T","$","E","R","M","M","R","B",null,"M","M","?","?","T","R"],"character_chosen":"IRONCLAD","items_purchased":["Finesse","Inflame"],"gold_per_floor":[111,111,130,145,165,165,165,179,203,38,65,65,80,91,91,189,189,205,220,220,145,145,145],"floor_reached":24,"campfire_rested":3,"playtime":1344,"current_hp_per_floor":[33,33,37,40,45,69,69,63,63,63,56,56,56,52,76,67,77,43,36,21,21,21,46],"items_purged":[],"gold":145,"score":248,"play_id":"066fd5db-45c5-4935-8f5f-c1ff61e8147d","is_prod":false,"is_daily":false,"is_ascension_mode":true,"campfire_upgraded":1,"path_taken":["M","?","?","M","M","R","?","M","T","?","E","R","M","M","R","BOSS","M","?","?","?","?","R","E"],"build_version":"2018-02-08-BETA1","purchased_purges":1,"victory":false,"master_deck":["Strike_R","Strike_R","Defend_R","Defend_R","Defend_R","Defend_R","Bash","Anger","Metallicize","Warcry","Pommel Strike","Finesse","Inflame","Demon Form+1","Thunderclap","Berserk","Pummel","Flex"],"max_hp_per_floor":[80,80,80,80,80,80,80,80,80,80,80,80,80,80,80,80,80,80,80,85,85,85,85],"relics":["Burning Blood","Ancient Tea Set","Du-Vu Doll","Lizard Tail","Peace Pipe"],"card_choices":[{"not_picked":["Hemokinesis","Twin Strike"],"picked":"Anger"},{"not_picked":["Power Through","Warcry"],"picked":"Metallicize"},{"not_picked":["Twin Strike","Impervious"],"picked":"Warcry"},{"not_picked":["Sever Soul","Thunderclap"],"picked":"Pommel Strike"},{"not_picked":["Reckless Charge","Shockwave"],"picked":"Demon Form"},{"not_picked":["Iron Wave","Reckless Charge"],"picked":"Thunderclap"},{"not_picked":["Exhume","Brutality"],"picked":"Berserk"},{"not_picked":["Searing Blow","Cleave"],"picked":"Pummel"},{"not_picked":["Evolve","Battle Trance"],"picked":"Flex"}],"player_experience":147759,"potions_floor_usage":[18,19,19],"damage_taken":[{"damage":13.0,"enemies":"Small Slimes","floor":1.0,"turns":4.0},{"damage":2.0,"enemies":"2 Louse","floor":3.0,"turns":2.0},{"damage":3.0,"enemies":"Blue Slaver","floor":4.0,"turns":5.0},{"damage":1.0,"enemies":"Looter","floor":5.0,"turns":4.0},{"damage":12.0,"enemies":"Red Slaver","floor":8.0,"turns":5.0},{"damage":13.0,"enemies":"3 Sentries","floor":11.0,"turns":9.0},{"damage":6.0,"enemies":"Exordium Thugs","floor":13.0,"turns":3.0},{"damage":10.0,"enemies":"Lots of Slimes","floor":14.0,"turns":6.0},{"damage":15.0,"enemies":"The Guardian","floor":16.0,"turns":9.0},{"damage":40,"enemies":"2 Thieves","floor":18,"turns":5},{"damage":13,"enemies":"Chosen","floor":19,"turns":4},{"damage":97,"enemies":"Gremlin Leader","floor":24,"turns":5}],"event_choices":[{"event_name":"Liars Game","player_choice":"disagreed","floor":2.0,"damage_taken":0.0},{"event_name":"The Woman in Blue","player_choice":"Bought 0 Potions","floor":7.0,"damage_taken":0.0},{"event_name":"Forgotten Altar","player_choice":"Shed Blood","floor":20,"damage_taken":0},{"event_name":"Beggar","player_choice":"Gave Gold","floor":21,"damage_taken":0}],"boss_relics":[],"potions_floor_spawned":[1,11,13,14,16,18],"seed_played":"5199060043674520456","killed_by":"Gremlin Leader","ascension_level":5,"is_trial":false}