{"path_per_floor":["M","?","?","?","M","R","M","R","T","?","M","M","R","M","R","B",null,"M","?","$","?","?","R","M","R","T","E","$","R"],"character_chosen":"IRONCLAD","items_purchased":["Kunai"],"gold_per_floor":[115,65,65,65,83,83,98,98,98,98,114,129,129,149,149,280,280,303,303,46,46,46,46,67,67,67,100,25,25],"floor_reached":30,"campfire_rested":3,"playtime":1711,"current_hp_per_floor":[80,80,80,80,80,80,80,80,80,60,58,36,60,61,61,30,70,53,53,53,53,53,78,72,72,72,8,8,33],"items_purged":["Battle Trance"],"gold":25,"score":295,"play_id":"662b0940-7fb1-4a88-9e5d-fef1e254ca71","is_prod":false,"is_daily":false,"is_ascension_mode":true,"campfire_upgraded":4,"path_taken":["M","?","?","?","M","R","M","R","T","?","M","?","R","M","R","BOSS","M","?","$","?","?","R","?","R","T","E","$","R","M"],"build_version":"2018-02-08-BETA1","purchased_purges":2,"victory":false,"master_deck":["Bash+1","True Grit+1","Metallicize+1","Pommel Strike","Thunderclap","Warcry","Feed","Dark Embrace+1","Infernal Blade","True Grit","Bloodletting","Pommel Strike","Sword Boomerang","Armaments","True Grit","Havoc","Flex","Intimidate+1"],"max_hp_per_floor":[80,80,80,80,80,80,80,80,80,80,80,80,80,83,83,83,83,86,86,86,86,86,86,86,86,86,86,86,86],"relics":["Burning Blood","Prayer Wheel","Ancient Tea Set","Oddly Smooth Stone","Golden Idol","Pandora\u0027s Box","Kunai","Torii","Peace Pipe"],"card_choices":[{"not_picked":["Clothesline","Burning Pact"],"picked":"True Grit"},{"not_picked":["Reckless Charge","Clash"],"picked":"Metallicize"},{"not_picked":["Cleave","Combust"],"picked":"Pommel Strike"},{"not_picked":["Sword Boomerang","Corruption"],"picked":"Thunderclap"},{"not_picked":["Twin Strike","Perfected Strike"],"picked":"Warcry"},{"not_picked":["Clothesline","Warcry"],"picked":"Feed"},{"not_picked":["Armaments","Havoc"],"picked":"Battle Trance"},{"not_picked":["Feed","Fiend Fire"],"picked":"Dark Embrace"},{"not_picked":["Iron Wave","Thunderclap"],"picked":"Havoc"},{"not_picked":["Warcry","Cleave"],"picked":"Intimidate"}],"player_experience":141336,"potions_floor_usage":[16,18,27],"damage_taken":[{"damage":0,"enemies":"Small Slimes","floor":1,"turns":3},{"damage":1,"enemies":"Jaw Worm","floor":5,"turns":6},{"damage":0,"enemies":"Cultist","floor":7,"turns":4},{"damage":8,"enemies":"Lots of Slimes","floor":11,"turns":5},{"damage":28,"enemies":"Exordium Wildlife","floor":12,"turns":8},{"damage":8,"enemies":"Large Slime","floor":14,"turns":9},{"damage":37,"enemies":"The Guardian","floor":16,"turns":16},{"damage":26,"enemies":"2 Thieves","floor":18,"turns":5},{"damage":12,"enemies":"Spheric Guardian","floor":24,"turns":4},{"damage":70,"enemies":"Book of Stabbing","floor":27,"turns":10},{"damage":47,"enemies":"Snecko","floor":30,"turns":4}],"event_choices":[{"event_name":"The Cleric","player_choice":"Card Removal","floor":2,"damage_taken":0},{"event_name":"Accursed Blacksmith","player_choice":"Rummage","floor":3,"damage_taken":0},{"event_name":"Living Wall","player_choice":"Forget","floor":4,"damage_taken":0},{"event_name":"Golden Idol","player_choice":"Take Damage","floor":10,"damage_taken":0},{"event_name":"Transmorgrifier","player_choice":"Transform","floor":19,"damage_taken":0},{"event_name":"Drug Dealer","player_choice":"Ignored","floor":21,"damage_taken":0},{"event_name":"Vampires","player_choice":"Ignored","floor":22,"damage_taken":0}],"boss_relics":[{"not_picked":["White Beast Statue","Eternal Feather"],"picked":"Pandora\u0027s Box"}],"potions_floor_spawned":[12,16,18],"seed_played":"3305558191873648449","killed_by":"Snecko","ascension_level":5,"is_trial":false}