{"path_per_floor":["M","?","M","?","M","R","$","E","T","R","$","M","R","?","R","B",null,"M","M","?"],"character_chosen":"IRONCLAD","items_purchased":["Dropkick","Flex"],"gold_per_floor":[14,189,209,159,169,169,24,51,98,98,73,83,83,83,83,184,184,201,216,166],"floor_reached":21,"campfire_rested":2,"playtime":857,"current_hp_per_floor":[80,80,80,80,80,80,80,52,52,76,76,75,75,33,57,16,64,48,32,32],"items_purged":["Strike_R"],"gold":166,"score":221,"play_id":"a95e058f-48e8-4ddc-842b-2ed6e5e2cc53","is_prod":false,"is_daily":false,"is_ascension_mode":true,"campfire_upgraded":1,"path_taken":["M","?","M","?","?","R","$","E","T","R","?","M","R","?","R","BOSS","M","M","?","M"],"build_version":"2018-02-08-BETA1","purchased_purges":2,"victory":false,"master_deck":["Strike_R","Defend_R","Defend_R","Defend_R","Defend_R","Bash","Body Slam","Hemokinesis+1","Dropkick","Battle Trance","Dropkick","Headbutt","Flex","Double Tap","Iron Wave+1"],"max_hp_per_floor":[80,80,80,80,80,80,80,80,80,80,80,80,80,80,80,80,80,80,80,80],"relics":["Burning Blood","Peace Pipe","Orichalcum","Blood Vial","Cursed Key"],"card_choices":[{"not_picked":["Cleave","Heavy Blade"],"picked":"Dropkick"},{"not_picked":["Feel No Pain","Burning Pact"],"picked":"Battle Trance"},{"not_picked":["Blood for Blood","Whirlwind"],"picked":"Headbutt"},{"not_picked":["Juggernaut","Exhume"],"picked":"Double Tap"},{"not_picked":["Perfected Strike","Anger"],"picked":"Iron Wave"}],"player_experience":143047,"potions_floor_usage":[8,16],"damage_taken":[{"damage":3,"enemies":"Cultist","floor":1,"turns":2},{"damage":3,"enemies":"Small Slimes","floor":3,"turns":3},{"damage":5,"enemies":"2 Louse","floor":5,"turns":3},{"damage":34,"enemies":"Lagavulin","floor":8,"turns":4},{"damage":7,"enemies":"Looter","floor":12,"turns":2},{"damage":49,"enemies":"Hexaghost","floor":16,"turns":7},{"damage":24,"enemies":"Spheric Guardian","floor":18,"turns":4},{"damage":24,"enemies":"3 Byrds","floor":19,"turns":5},{"damage":34,"enemies":"Centurion and Healer","floor":21,"turns":3}],"event_choices":[{"event_name":"Liars Game","player_choice":"agreed","floor":2,"damage_taken":0},{"event_name":"The Cleric","player_choice":"Card Removal","floor":4,"damage_taken":0},{"event_name":"Scrap Ooze","player_choice":"success","floor":14,"damage_taken":42},{"event_name":"The Joust","player_choice":"Bet on Owner","floor":20,"damage_taken":0}],"boss_relics":[{"not_picked":["Mark of Pain","Ectoplasm"],"picked":"Cursed Key"}],"potions_floor_spawned":[3,8,18],"seed_played":"6400993927155767602","killed_by":"Centurion and Healer","ascension_level":5,"is_trial":false}