{"path_per_floor":["M","?","?","M","?","R","E","M","T","$","M","R","?","M","R","B",null,"M","M","?","?","M","R","$","R","T","M","R","M","R"],"character_chosen":"IRONCLAD","items_purchased":["Happy Flower","Finesse"],"gold_per_floor":[119,119,119,131,131,131,156,168,193,36,56,56,56,74,74,205,205,218,233,233,233,249,249,74,74,127,147,147,159,159,159],"floor_reached":31,"campfire_rested":0,"playtime":1507,"current_hp_per_floor":[78,78,78,80,68,68,74,80,80,80,80,80,60,66,66,54,74,69,52,52,40,34,34,34,34,39,40,40,39,39,0],"items_purged":["Strike_R"],"gold":159,"score":442,"play_id":"43b0bd95-f8c7-4c22-a520-ec9add7ced33","local_time":"20180330234509","is_prod":false,"is_daily":false,"is_ascension_mode":true,"campfire_upgraded":7,"timestamp":1522467909,"path_taken":["M","?","?","M","?","R","E","M","T","?","M","R","?","?","R","BOSS","M","?","?","?","M","R","$","R","T","M","R","?","R","E"],"build_version":"2018-03-29","purchased_purges":1,"victory":false,"master_deck":["Strike_R","Strike_R","Strike_R","Defend_R","Defend_R+1","Defend_R","Defend_R+1","Bash+1","AscendersBane","Anger","Shrug It Off","Pommel Strike+1","Uppercut+1","True Grit+1","Barricade+1","Ghostly","Ghostly","Ghostly","Ghostly","Ghostly","Armaments+1","Finesse","Rage","Inflame+1"],"max_hp_per_floor":[80,80,80,80,80,80,80,80,80,80,80,80,80,80,80,80,80,80,80,80,40,40,40,40,40,40,40,40,40,40,40],"relics":["Burning Blood","NeowsBlessing","Meat on the Bone","Prayer Wheel","War Paint","Happy Flower","Bloody Idol","Runic Cube","Lantern"],"card_choices":[{"not_picked":["Seeing Red","Flex"],"picked":"Anger","floor":1},{"not_picked":["Dropkick","Pommel Strike"],"picked":"Shrug It Off","floor":7},{"not_picked":["Iron Wave","Heavy Blade"],"picked":"Pommel Strike","floor":8},{"not_picked":["Sword Boomerang","Clothesline"],"picked":"Uppercut","floor":9},{"not_picked":["Shrug It Off","Ghostly Armor"],"picked":"True Grit","floor":14},{"not_picked":["Reaper","Limit Break"],"picked":"Barricade","floor":16},{"not_picked":["Shockwave","Clothesline"],"picked":"Armaments","floor":22},{"not_picked":["Clash","Havoc"],"picked":"Rage","floor":26},{"not_picked":["Intimidate","Thunderclap"],"picked":"Inflame","floor":29}],"player_experience":292007,"potions_floor_usage":[16,16,19,29,31],"damage_taken":[{"damage":0,"enemies":"Small Slimes","floor":1,"turns":1},{"damage":0,"enemies":"2 Louse","floor":4,"turns":1},{"damage":0,"enemies":"3 Sentries","floor":7,"turns":2},{"damage":0,"enemies":"Jaw Worm","floor":8,"turns":4},{"damage":0,"enemies":"Red Slaver","floor":11,"turns":4},{"damage":0,"enemies":"3 Louse","floor":14,"turns":4},{"damage":18,"enemies":"The Guardian","floor":16,"turns":16},{"damage":11,"enemies":"Chosen","floor":18,"turns":5},{"damage":35,"enemies":"Spheric Guardian","floor":19,"turns":6},{"damage":17,"enemies":"Centurion and Healer","floor":22,"turns":9},{"damage":0,"enemies":"Snake Plant","floor":27,"turns":9},{"damage":24,"enemies":"3 Cultists","floor":29,"turns":10},{"damage":40,"enemies":"Book of Stabbing","floor":31,"turns":10}],"event_choices":[{"event_name":"Living Wall","player_choice":"Forget","floor":2,"damage_taken":0},{"event_name":"Liars Game","player_choice":"disagreed","floor":3,"damage_taken":0},{"event_name":"Scrap Ooze","player_choice":"success","floor":5,"damage_taken":12},{"event_name":"Golden Idol","player_choice":"Take Damage","floor":13,"damage_taken":0},{"event_name":"Forgotten Altar","player_choice":"Gave Idol","floor":20,"damage_taken":0},{"event_name":"Ghosts","player_choice":"Became a Ghost","floor":21,"damage_taken":0}],"boss_relics":[{"not_picked":["Lizard Tail","Eternal Feather"],"picked":"Runic Cube"}],"potions_floor_spawned":[1,7,16,19,29],"seed_played":"-3324905419604455446","killed_by":"Book of Stabbing","ascension_level":12,"is_trial":false}