{"path_per_floor":["M","M","M","?","M","E","R","M","T","M","R","E","R","?","R","B",null,"M","M","?","M","?","R","?","$","T","M","R","M","R","E","R","B",null,"M","M","M","M","M","R","M","R","T","M","E","R","?","M","R","B"],"character_chosen":"IRONCLAD","items_purchased":["Strange Spoon"],"gold_per_floor":[116,129,140,140,157,188,188,199,199,213,213,247,247,247,247,325,325,339,354,387,397,397,397,397,117,168,178,178,188,188,213,213,291,291,308,327,347,358,370,370,380,380,380,396,455,455,455,471,471,471],"floor_reached":51,"campfire_rested":3,"playtime":3859,"current_hp_per_floor":[68,68,68,68,63,38,38,38,38,31,31,28,28,5,27,27,63,63,62,59,59,59,59,74,74,74,75,75,75,75,60,60,62,72,74,64,66,68,40,40,15,37,37,27,29,51,66,68,68,70],"items_purged":["Strike_R"],"gold":471,"score":1598,"play_id":"976944fb-489f-4b84-bc87-6efbc113a594","local_time":"20180405215213","is_prod":false,"is_daily":false,"is_ascension_mode":true,"campfire_upgraded":8,"timestamp":1522979533,"path_taken":["M","?","M","?","M","E","R","M","T","?","R","E","R","?","R","BOSS","M","M","?","?","?","R","?","$","T","M","R","M","R","E","R","BOSS","M","M","M","M","M","R","?","R","T","M","E","R","?","M","R","BOSS"],"build_version":"2018-04-05","purchased_purges":1,"victory":true,"master_deck":["Strike_R+1","Strike_R+1","Defend_R+1","Bash+1","AscendersBane","Shrug It Off+1","Inflame+1","Body Slam+1","Impervious+1","Clothesline+1","Metallicize+1","Barricade+1","Impervious+1","Anger+1","Pommel Strike+1","Ghostly Armor+1","Power Through+1","Exhume+1","Armaments+1","Body Slam+1","Writhe"],"max_hp_per_floor":[75,75,75,75,75,75,75,75,75,75,75,75,75,75,75,75,75,75,75,75,75,75,75,75,75,75,75,75,75,75,75,75,75,75,75,75,75,75,75,75,75,75,75,75,75,75,75,75,75,75],"relics":["Philosopher\u0027s Stone","Gambling Chip","Red Skull","Kunai","Velvet Choker","Red Mask","Strange Spoon","Blood Vial","Whetstone","Astrolabe","Girya","Tiny Chest"],"card_choices":[{"not_picked":["Flex","Juggernaut"],"picked":"Shrug It Off","floor":1.0},{"not_picked":["Anger","Clash"],"picked":"Inflame","floor":2.0},{"not_picked":["Whirlwind","Bloodletting"],"picked":"Body Slam","floor":3.0},{"not_picked":["Clash","Thunderclap"],"picked":"Clothesline","floor":5.0},{"not_picked":["Heavy Blade","Intimidate"],"picked":"Metallicize","floor":6.0},{"not_picked":["Wild Strike","Rage"],"picked":"Barricade","floor":12.0},{"not_picked":["Limit Break","Reaper"],"picked":"Impervious","floor":16.0},{"not_picked":["Sword Boomerang","Flex"],"picked":"Anger","floor":18.0},{"not_picked":["Corruption","Shrug It Off"],"picked":"Pommel Strike","floor":29.0},{"not_picked":["Cleave","Flex"],"picked":"Armaments","floor":39},{"not_picked":["Blood for Blood","Searing Blow"],"picked":"Body Slam","floor":45}],"player_experience":379738,"potions_floor_usage":[41,44],"damage_taken":[{"damage":0.0,"enemies":"Cultist","floor":1.0,"turns":3.0},{"damage":0.0,"enemies":"Jaw Worm","floor":2.0,"turns":3.0},{"damage":0.0,"enemies":"2 Louse","floor":3.0,"turns":3.0},{"damage":5.0,"enemies":"2 Fungi Beasts","floor":5.0,"turns":5.0},{"damage":25.0,"enemies":"Lagavulin","floor":6.0,"turns":7.0},{"damage":0.0,"enemies":"Large Slime","floor":8.0,"turns":6.0},{"damage":7.0,"enemies":"Blue Slaver","floor":10.0,"turns":4.0},{"damage":3.0,"enemies":"3 Sentries","floor":12.0,"turns":6.0},{"damage":0.0,"enemies":"Hexaghost","floor":16.0,"turns":8.0},{"damage":0.0,"enemies":"Chosen","floor":18.0,"turns":5.0},{"damage":1.0,"enemies":"Shell Parasite","floor":19.0,"turns":6.0},{"damage":3.0,"enemies":"Masked Bandits","floor":20.0,"turns":5.0},{"damage":0.0,"enemies":"3 Cultists","floor":21.0,"turns":5.0},{"damage":0.0,"enemies":"Cultist and Chosen","floor":27.0,"turns":6.0},{"damage":0.0,"enemies":"Snecko","floor":29.0,"turns":5.0},{"damage":15.0,"enemies":"Gremlin Leader","floor":31.0,"turns":5.0},{"damage":0.0,"enemies":"Automaton","floor":33.0,"turns":9.0},{"damage":0.0,"enemies":"3 Shapes","floor":35.0,"turns":5.0},{"damage":11.0,"enemies":"3 Darklings","floor":36.0,"turns":7.0},{"damage":0.0,"enemies":"Maw","floor":37.0,"turns":5.0},{"damage":0,"enemies":"4 Shapes","floor":38,"turns":8},{"damage":30,"enemies":"3 Darklings","floor":39,"turns":10},{"damage":27,"enemies":"Sphere and 2 Shapes","floor":41,"turns":6},{"damage":12,"enemies":"Flame Bruiser 2 Orb","floor":44,"turns":7},{"damage":0,"enemies":"Nemesis","floor":45,"turns":9},{"damage":0,"enemies":"Spire Growth","floor":48,"turns":5},{"damage":0,"enemies":"Awakened One","floor":50,"turns":12}],"event_choices":[{"event_name":"Transmorgrifier","player_choice":"Transform","floor":4.0,"damage_taken":0.0},{"event_name":"Shining Light","player_choice":"Entered Light","floor":14.0,"damage_taken":0.0},{"event_name":"Masked Bandits","player_choice":"Fought over 354 gold","floor":20.0,"damage_taken":0.0},{"event_name":"Back to Basics","player_choice":"Elegance","floor":22.0,"damage_taken":0.0},{"event_name":"The Library","player_choice":"Heal","floor":24.0,"damage_taken":0.0},{"event_name":"Winding Halls","player_choice":"Writhe","floor":47,"damage_taken":0}],"boss_relics":[],"potions_floor_spawned":[3,5,8,16,20,21,39,41,45],"seed_played":"4537205809130843572","ascension_level":15,"is_trial":false}