{"path_per_floor":["M","M","?","T","M","R","$","R","T","E","M","?","R","M","R","B",null,"M","$","?","?","M","R","$","M","T","M","R","?","M","T","R","B",null,"M","?","M","M","?","R","E","R","T","?","M","$","M","M","R"],"character_chosen":"IRONCLAD","items_purchased":["Vajra","Flash of Steel","Flex","Dexterity Potion","Rupture"],"gold_per_floor":[218,229,229,255,266,266,2,2,49,77,94,94,94,113,113,208,208,163,163,163,163,163,163,163,163,163,163,163,163,163,163,163,163,163,163,163,163,163,163,163,163,163,163,163,163,34,34,34,34,34],"floor_reached":50,"campfire_rested":1,"playtime":2865,"current_hp_per_floor":[77,72,72,72,77,77,77,77,77,60,64,64,64,70,70,25,66,56,56,56,56,50,50,50,56,56,56,56,56,39,39,56,37,51,48,48,56,56,49,49,55,55,55,55,56,56,56,56,56,0],"items_purged":[],"gold":34,"score":783,"play_id":"37c93d46-fb9f-40e9-ab76-2009eff47e97","local_time":"20180328173822","is_prod":false,"is_daily":false,"is_ascension_mode":true,"campfire_upgraded":6,"timestamp":1522273102,"path_taken":["M","?","?","?","M","R","$","R","T","E","?","?","R","M","R","BOSS","M","$","?","?","M","R","?","M","T","?","R","?","M","?","R","BOSS","M","?","M","?","?","R","E","R","T","?","?","?","M","M","R","BOSS"],"build_version":"2018-03-27v2","purchased_purges":2,"victory":false,"master_deck":["Defend_R+1","Defend_R+1","Defend_R+1","Defend_R+1","Bash","AscendersBane","Clothesline+1","Rage","Body Slam+1","Flash of Steel+1","Flex+1","Seeing Red+1","Dramatic Entrance","Offering","Bite","Bite","Bite","Bite","Bite","Inflame+1","Metallicize+1","Clash","Armaments+1","Madness","Madness","Shrug It Off+1","Rupture+1"],"max_hp_per_floor":[80,80,80,80,80,80,80,80,80,80,80,80,80,80,80,80,80,80,80,80,56,56,56,56,56,56,56,56,56,56,56,56,56,56,56,56,56,56,56,56,56,56,56,56,56,56,56,56,56,56],"relics":["Black Blood","Regal Pillow","Vajra","Happy Flower","Bottled Flame","Ectoplasm","Unceasing Top","Girya","Frozen Egg 2","Orichalcum"],"card_choices":[{"not_picked":["Havoc","Wild Strike"],"picked":"Clothesline","floor":1},{"not_picked":["Bloodletting","Perfected Strike"],"picked":"Rage","floor":2},{"not_picked":["Headbutt","Carnage"],"picked":"Body Slam","floor":5},{"not_picked":["Armaments","Body Slam"],"picked":"Seeing Red","floor":11},{"not_picked":["Juggernaut","Limit Break"],"picked":"Offering","floor":16},{"not_picked":["Second Wind","Seeing Red"],"picked":"Inflame","floor":22},{"not_picked":["Sword Boomerang","Hemokinesis"],"picked":"Metallicize","floor":25},{"not_picked":["Armaments","Heavy Blade"],"picked":"Clash","floor":27},{"not_picked":["Bludgeon","Fiend Fire"],"picked":"Barricade","floor":33},{"not_picked":["Flex","Sword Boomerang"],"picked":"Armaments","floor":35},{"not_picked":["Second Wind","Rage"],"picked":"Shrug It Off","floor":41}],"player_experience":256384,"potions_floor_usage":[16,16,16,25,30,33,41,48,48,50,50],"damage_taken":[{"damage":1,"enemies":"Cultist","floor":1,"turns":4},{"damage":11,"enemies":"2 Louse","floor":2,"turns":3},{"damage":1,"enemies":"Small Slimes","floor":5,"turns":3},{"damage":23,"enemies":"Gremlin Nob","floor":10,"turns":4},{"damage":2,"enemies":"2 Fungi Beasts","floor":11,"turns":4},{"damage":0,"enemies":"Exordium Wildlife","floor":14,"turns":1},{"damage":51,"enemies":"Slime Boss","floor":16,"turns":11},{"damage":16,"enemies":"2 Thieves","floor":18,"turns":4},{"damage":14,"enemies":"Shell Parasite","floor":22,"turns":4},{"damage":11,"enemies":"Cultist and Chosen","floor":25,"turns":5},{"damage":8,"enemies":"3 Cultists","floor":27,"turns":4},{"damage":31,"enemies":"Snecko","floor":30,"turns":9},{"damage":47,"enemies":"Collector","floor":33,"turns":8},{"damage":24,"enemies":"3 Darklings","floor":35,"turns":4},{"damage":0,"enemies":"Orb Walker","floor":37,"turns":3},{"damage":10,"enemies":"4 Shapes","floor":38,"turns":9},{"damage":23,"enemies":"Nemesis","floor":41,"turns":7},{"damage":7,"enemies":"Sphere and 2 Shapes","floor":45,"turns":3},{"damage":4,"enemies":"Flame Bruiser 2 Orb","floor":47,"turns":5},{"damage":14,"enemies":"3 Darklings","floor":48,"turns":3},{"damage":71,"enemies":"Donu and Deca","floor":50,"turns":5}],"event_choices":[{"event_name":"Living Wall","player_choice":"Forget","floor":3,"damage_taken":0},{"event_name":"Match and Keep!","player_choice":"1 cards matched","floor":12,"damage_taken":0},{"event_name":"Back to Basics","player_choice":"Simplicity","floor":20,"damage_taken":0},{"event_name":"Vampires","player_choice":"Became a vampire","floor":21,"damage_taken":0},{"event_name":"Accursed Blacksmith","player_choice":"Ignore","floor":29,"damage_taken":0},{"event_name":"Mysterious Sphere","player_choice":"Ignore","floor":36,"damage_taken":0},{"event_name":"Winding Halls","player_choice":"Embrace Madness","floor":39,"damage_taken":0}],"boss_relics":[{"not_picked":["Eternal Feather","Runic Pyramid"],"picked":"Ectoplasm"},{"not_picked":["Mark of Pain","Black Star"],"picked":"Black Blood"}],"potions_floor_spawned":[1,5,11,18,25,30,33,38,45,48],"seed_played":"2056275089094855191","killed_by":"Donu and Deca","ascension_level":11,"is_trial":false}