{"path_per_floor":["M","?","?","?","M","R","M","E","T","T","M","R","$","M","R","B",null,"M","M","?","M","?","R","?","R","T","M","R","M","R","$","R","B",null,"M","?","?","$","M","R","E","R","T","R","?","T","R","T","R"],"character_chosen":"IRONCLAD","items_purchased":["Frozen Egg 2","Corruption","Blood Vial","Omamori","Flex"],"gold_per_floor":[117,117,117,117,137,137,148,180,249,325,336,336,91,109,109,207,207,220,238,238,256,256,256,256,256,256,267,267,284,284,52,52,151,151,162,162,162,0,14,14,45,45,71,71,71,101,101,126,126,126],"floor_reached":50,"campfire_rested":1,"playtime":3048,"current_hp_per_floor":[74,74,66,71,73,73,71,69,69,69,57,57,57,63,63,50,76,51,57,57,52,52,52,95,95,95,91,91,86,86,86,86,60,86,86,86,86,86,79,79,35,78,78,78,78,78,78,78,78,0],"items_purged":["Strike_R"],"gold":126,"score":897,"play_id":"0c2e4417-abc5-4d3f-84e4-e99be4b940e9","local_time":"20180328061825","is_prod":false,"is_daily":false,"is_ascension_mode":true,"campfire_upgraded":1,"timestamp":1522232305,"path_taken":["M","?","?","?","M","R","M","E","T","?","?","R","$","M","R","BOSS","M","M","?","M","?","R","?","R","T","M","R","M","R","?","R","BOSS","M","?","?","?","M","R","E","R","T","R","?","?","R","?","R","BOSS"],"build_version":"2018-03-27v2","purchased_purges":2,"victory":false,"master_deck":["Strike_R+1","Strike_R","Strike_R","Strike_R","Defend_R","Defend_R","Defend_R","Defend_R","Bash+1","AscendersBane","Offering+1","Ghostly Armor","Bludgeon+1","Exhume","Seeing Red","Flex","Warcry","Clash","Feel No Pain+1","Offering","Intimidate","Corruption+1","Exhume+1","Flex","Body Slam","Impervious","Rupture+1"],"max_hp_per_floor":[80,80,80,85,85,85,85,85,85,85,85,85,85,85,85,85,85,85,85,85,85,85,85,95,95,95,95,95,95,95,95,95,95,95,95,95,95,95,95,95,95,95,95,95,95,95,95,95,95,95],"relics":["Black Blood","Shovel","Toolbox","Meat on the Bone","Bronze Scales","Frozen Egg 2","Ancient Tea Set","Philosopher\u0027s Stone","Anchor","The Courier","Unceasing Top","Oddly Smooth Stone","Vajra","Blood Vial","Dream Catcher","Omamori","Matryoshka","Regal Pillow","Bag of Marbles","Whetstone","Pantograph","Tiny Chest","Pen Nib","Red Skull","War Paint","Dodecahedron"],"card_choices":[{"not_picked":["Anger","Flex"],"picked":"Ghostly Armor","floor":1},{"not_picked":["Metallicize","Cleave"],"picked":"Exhume","floor":5},{"not_picked":["Power Through","Combust"],"picked":"Seeing Red","floor":7},{"not_picked":["Iron Wave","Clash"],"picked":"Flex","floor":8},{"not_picked":["Flex","Anger"],"picked":"Warcry","floor":14},{"not_picked":["Limit Break","Feed"],"picked":"Offering","floor":16},{"not_picked":["Dual Wield","Iron Wave"],"picked":"Clash","floor":18},{"not_picked":["Flex","Pommel Strike"],"picked":"Feel No Pain","floor":19},{"not_picked":["Evolve","Dark Embrace"],"picked":"Intimidate","floor":27},{"not_picked":["Reaper","Demon Form"],"picked":"Exhume","floor":33},{"not_picked":["Twin Strike","Bloodletting"],"picked":"Body Slam","floor":39},{"not_picked":["Armaments","Entrench"],"picked":"Impervious","floor":41},{"not_picked":["Iron Wave","Shrug It Off"],"picked":"Rupture","floor":42}],"player_experience":253336,"potions_floor_usage":[16,16,16,21,29,33,39,41],"damage_taken":[{"damage":4,"enemies":"Small Slimes","floor":1,"turns":3},{"damage":4,"enemies":"Cultist","floor":5,"turns":3},{"damage":8,"enemies":"Jaw Worm","floor":7,"turns":2},{"damage":8,"enemies":"Gremlin Nob","floor":8,"turns":2},{"damage":30,"enemies":"Gremlin Gang","floor":11,"turns":9},{"damage":0,"enemies":"Looter","floor":14,"turns":1},{"damage":31,"enemies":"Slime Boss","floor":16,"turns":8},{"damage":43,"enemies":"3 Byrds","floor":18,"turns":4},{"damage":12,"enemies":"2 Thieves","floor":19,"turns":3},{"damage":23,"enemies":"Slaver and Parasite","floor":21,"turns":6},{"damage":10,"enemies":"Snake Plant","floor":27,"turns":2},{"damage":11,"enemies":"Centurion and Healer","floor":29,"turns":4},{"damage":46,"enemies":"Collector","floor":33,"turns":5},{"damage":12,"enemies":"Flame Bruiser 1 Orb","floor":35,"turns":3},{"damage":19,"enemies":"3 Shapes","floor":39,"turns":6},{"damage":80,"enemies":"Nemesis","floor":41,"turns":7},{"damage":125,"enemies":"Awakened One","floor":50,"turns":4}],"event_choices":[{"event_name":"Match and Keep!","player_choice":"1 cards matched","floor":2,"damage_taken":0},{"event_name":"Wheel of Change","player_choice":"Damage","floor":3,"damage_taken":0},{"event_name":"Big Fish","player_choice":"Donut","floor":4,"damage_taken":0},{"event_name":"The Mausoleum","player_choice":"No","floor":20,"damage_taken":0},{"event_name":"Match and Keep!","player_choice":"1 cards matched","floor":22,"damage_taken":0},{"event_name":"Bonfire Elementals","player_choice":"RARE","floor":24,"damage_taken":0},{"event_name":"SecretPortal","player_choice":"Rejected Portal.","floor":36,"damage_taken":0},{"event_name":"The Woman in Blue","player_choice":"Bought 0 Potions","floor":37,"damage_taken":0},{"event_name":"Mysterious Sphere","player_choice":"Ignore","floor":45,"damage_taken":0}],"boss_relics":[{"not_picked":["Velvet Choker","Pandora\u0027s Box"],"picked":"Philosopher\u0027s Stone"},{"not_picked":["Astrolabe","Lizard Tail"],"picked":"Black Blood"}],"potions_floor_spawned":[5,7,14,16,18,29,33,39],"seed_played":"3034458841605384265","killed_by":"Awakened One","ascension_level":11,"is_trial":false}