{"path_per_floor":["M","?","?","?","$","R","M","E","T","$","E","R","M","E","R","B",null,"M","M","T","M","M","R","M","R","T","E","M","M","R","?","R","B",null,"M","?","?"],"character_chosen":"IRONCLAD","items_purchased":["Clash","Armaments","Shockwave","Disarm"],"gold_per_floor":[116,266,266,296,66,66,80,114,138,57,88,88,99,133,133,211,211,151,151,151,151,151,151,151,151,151,151,151,151,151,151,151,151,151,151,151,151,151],"floor_reached":38,"campfire_rested":1,"playtime":2771,"current_hp_per_floor":[59,59,59,59,59,59,61,57,57,57,47,47,48,52,52,39,66,73,75,75,66,69,69,68,68,68,33,42,42,75,75,75,25,63,75,75,75,0],"items_purged":["Normality"],"gold":151,"score":721,"play_id":"78d5476b-e362-4bd2-a3ef-dc03ddff7d9f","local_time":"20180403215821","is_prod":false,"is_daily":false,"is_ascension_mode":true,"campfire_upgraded":3,"timestamp":1522807101,"path_taken":["M","?","?","?","$","R","?","E","T","$","E","R","M","E","R","BOSS","M","M","?","M","M","R","M","R","T","E","M","M","R","?","R","BOSS","M","?","?","?"],"build_version":"2018-04-02","purchased_purges":1,"victory":false,"master_deck":["Strike_R","Strike_R","Strike_R","Defend_R","Defend_R","Defend_R","Bash","AscendersBane","Berserk","Flame Barrier","Clash+1","Armaments+1","Shockwave","Body Slam+1","Metallicize+1","Disarm+1","Shrug It Off","Reaper","Inflame","Rage+1","Offering","Ghostly Armor+1","Inflame","Barricade","Armaments+1","Writhe"],"max_hp_per_floor":[75,75,75,75,75,75,75,75,75,75,75,75,75,75,75,75,75,75,75,75,75,75,75,75,75,75,75,75,75,75,75,75,75,75,75,75,75,75],"relics":["Burning Blood","Tiny Chest","Peace Pipe","Bag of Preparation","Whetstone","Happy Flower","Ectoplasm","Orichalcum","Regal Pillow","Bottled Flame","Velvet Choker"],"card_choices":[{"not_picked":["Burning Pact","Spot Weakness"],"picked":"Flame Barrier","floor":1},{"not_picked":["Clash","Twin Strike"],"picked":"Body Slam","floor":7},{"not_picked":["Anger","Seeing Red"],"picked":"Metallicize","floor":8},{"not_picked":["Power Through","Pommel Strike"],"picked":"Shrug It Off","floor":14},{"not_picked":["Fiend Fire","Berserk"],"picked":"Reaper","floor":16},{"not_picked":["Sentinel","Headbutt"],"picked":"Inflame","floor":19},{"not_picked":["Anger","Thunderclap"],"picked":"Rage","floor":24},{"not_picked":["Anger","Perfected Strike"],"picked":"Offering","floor":27},{"not_picked":["Clothesline","Dual Wield"],"picked":"Ghostly Armor","floor":29},{"not_picked":["Juggernaut","Dark Embrace"],"picked":"Barricade","floor":33},{"not_picked":["True Grit","Inflame"],"picked":"Armaments","floor":35}],"player_experience":360749,"potions_floor_usage":[8,8,13,18,19,22,27,38,38,38],"damage_taken":[{"damage":15,"enemies":"Jaw Worm","floor":1,"turns":9},{"damage":4,"enemies":"2 Louse","floor":7,"turns":3},{"damage":10,"enemies":"Gremlin Nob","floor":8,"turns":4},{"damage":16,"enemies":"3 Sentries","floor":11,"turns":10},{"damage":5,"enemies":"Small Slimes","floor":13,"turns":4},{"damage":2,"enemies":"Lagavulin","floor":14,"turns":8},{"damage":19,"enemies":"The Guardian","floor":16,"turns":14},{"damage":8,"enemies":"2 Thieves","floor":18,"turns":4},{"damage":4,"enemies":"Chosen","floor":19,"turns":6},{"damage":24,"enemies":"Slaver and Parasite","floor":21,"turns":8},{"damage":8,"enemies":"Snake Plant","floor":22,"turns":6},{"damage":14,"enemies":"Centurion and Healer","floor":24,"turns":8},{"damage":48,"enemies":"Gremlin Leader","floor":27,"turns":11},{"damage":4,"enemies":"Chosen and Byrds","floor":28,"turns":5},{"damage":10,"enemies":"Slaver and Parasite","floor":29,"turns":4},{"damage":69,"enemies":"Automaton","floor":33,"turns":15},{"damage":0,"enemies":"3 Shapes","floor":35,"turns":11},{"damage":95,"enemies":"Mysterious Sphere","floor":38,"turns":5}],"event_choices":[{"event_name":"Liars Game","player_choice":"agreed","floor":2,"damage_taken":0},{"event_name":"Living Wall","player_choice":"Forget","floor":3,"damage_taken":0},{"event_name":"Accursed Blacksmith","player_choice":"Rummage","floor":4,"damage_taken":0},{"event_name":"The Library","player_choice":"Read","floor":31,"damage_taken":0},{"event_name":"The Lab","player_choice":"Got Potions","floor":36,"damage_taken":0},{"event_name":"Winding Halls","player_choice":"Writhe","floor":37,"damage_taken":0},{"event_name":"Mysterious Sphere","player_choice":"Fight","floor":38,"damage_taken":0}],"boss_relics":[{"not_picked":["Runic Cube","Cursed Key"],"picked":"Ectoplasm"},{"not_picked":["Black Blood","Lizard Tail"],"picked":"Velvet Choker"}],"potions_floor_spawned":[1,7,8,16,18,21,22,33],"seed_played":"8986791565193704527","killed_by":"Mysterious Sphere","ascension_level":15,"is_trial":false}