{"path_per_floor":["M","?","M","$","M","R","M","R","T","R","M","E","R","M","R","B",null,"M","?","M","M","M","R","$","R","T","R"],"character_chosen":"IRONCLAD","items_purchased":[],"gold_per_floor":[114,114,124,49,63,63,83,83,109,109,129,160,160,174,174,270,270,256,156,169,189,200,200,100,100,100,100,100],"floor_reached":28,"campfire_rested":1,"playtime":1368,"current_hp_per_floor":[64,61,60,60,66,66,63,63,63,63,63,49,49,55,79,70,78,65,65,46,28,59,59,59,59,59,59,0],"items_purged":["Strike_R","Strike_R"],"gold":100,"score":352,"play_id":"9b9097e6-0624-4d46-936c-250dbb4d44d5","local_time":"20180330073435","is_prod":false,"is_daily":false,"is_ascension_mode":true,"campfire_upgraded":7,"timestamp":1522409675,"path_taken":["M","?","M","$","M","R","M","R","T","R","M","E","R","M","R","BOSS","M","?","M","M","?","R","$","R","T","R","E"],"build_version":"2018-03-29","purchased_purges":2,"victory":false,"master_deck":["Strike_R","Strike_R","Strike_R","Defend_R","Defend_R","Defend_R","Defend_R","Bash","AscendersBane","Limit Break+1","Flame Barrier+1","Uppercut+1","Pommel Strike+1","Headbutt","True Grit+1","Reaper","Spot Weakness","Evolve","Disarm+1","J.A.X.+1","Rampage+1","Inflame"],"max_hp_per_floor":[80,80,80,80,80,80,80,80,80,80,80,80,80,80,80,80,80,80,80,80,80,80,80,80,80,80,80,80],"relics":["Burning Blood","Pen Nib","Vajra","Shuriken","Orrery","Bag of Marbles"],"card_choices":[{"not_picked":["Clash","Combust"],"picked":"Flame Barrier","floor":1},{"not_picked":["Infernal Blade","Heavy Blade"],"picked":"Uppercut","floor":3},{"not_picked":["Exhume","Combust"],"picked":"Pommel Strike","floor":7},{"not_picked":["Anger","Heavy Blade"],"picked":"Headbutt","floor":11},{"not_picked":["Havoc","Sword Boomerang"],"picked":"True Grit","floor":14},{"not_picked":["Juggernaut","Immolate"],"picked":"Reaper","floor":16},{"not_picked":["Dual Wield","Cleave"],"picked":"Spot Weakness","floor":17},{"not_picked":["Body Slam","Sword Boomerang"],"picked":"Evolve","floor":17},{"not_picked":["Clash","Spot Weakness"],"picked":"Disarm","floor":17},{"not_picked":["Flex","Thunderclap"],"picked":"Rampage","floor":20},{"not_picked":["Dropkick","Clash"],"picked":"Inflame","floor":21}],"player_experience":283390,"potions_floor_usage":[7,16,16,18,20,28],"damage_taken":[{"damage":14,"enemies":"Jaw Worm","floor":1,"turns":6},{"damage":7,"enemies":"Small Slimes","floor":3,"turns":5},{"damage":0,"enemies":"Cultist","floor":5,"turns":4},{"damage":9,"enemies":"Exordium Thugs","floor":7,"turns":5},{"damage":6,"enemies":"3 Louse","floor":11,"turns":4},{"damage":20,"enemies":"3 Sentries","floor":12,"turns":8},{"damage":0,"enemies":"Blue Slaver","floor":14,"turns":4},{"damage":15,"enemies":"The Guardian","floor":16,"turns":13},{"damage":24,"enemies":"2 Thieves","floor":18,"turns":4},{"damage":29,"enemies":"3 Byrds","floor":20,"turns":7},{"damage":34,"enemies":"Snake Plant","floor":21,"turns":4},{"damage":8,"enemies":"Snecko","floor":22,"turns":3},{"damage":59,"enemies":"Slavers","floor":28,"turns":4}],"event_choices":[{"event_name":"Scrap Ooze","player_choice":"success","floor":2,"damage_taken":3},{"event_name":"Drug Dealer","player_choice":"Got JAXXED","floor":19,"damage_taken":0}],"boss_relics":[{"not_picked":["Snecko Eye","Pandora\u0027s Box"],"picked":"Orrery"}],"potions_floor_spawned":[3,11,12,14,18,21],"seed_played":"-4976154270292829492","killed_by":"Slavers","ascension_level":12,"is_trial":false}