{"path_per_floor":["M","M","?","?","M","R","M","R","T","M","?","?","R","E","R","B",null,"M","M","M","$","M","R","?"],"character_chosen":"IRONCLAD","items_purchased":["Warcry","Tiny Chest","Centennial Puzzle"],"gold_per_floor":[12,23,23,23,47,47,66,66,119,138,138,213,213,251,251,347,347,363,377,400,1,15,15,15,15],"floor_reached":25,"campfire_rested":3,"playtime":1371,"current_hp_per_floor":[46,40,14,14,24,46,30,52,59,58,51,40,40,30,30,20,67,49,39,25,25,19,43,43,0],"items_purged":[],"gold":15,"score":355,"play_id":"2bde35cf-c22e-46ff-90ac-0e4c883da22c","local_time":"20180405190220","is_prod":false,"is_daily":false,"is_ascension_mode":true,"campfire_upgraded":2,"timestamp":1522969340,"path_taken":["M","M","?","?","M","R","?","R","T","M","?","?","R","E","R","BOSS","M","M","?","$","?","R","?","M"],"build_version":"2018-04-04","purchased_purges":0,"victory":false,"master_deck":["Strike_R","Strike_R","Strike_R","Defend_R","Defend_R","Bash","AscendersBane","Clash","Thunderclap","Clothesline","Flex","Rage+1","Demon Form+1","True Grit","Pommel Strike+1","Warcry"],"max_hp_per_floor":[75,75,75,75,75,75,75,75,82,82,82,82,82,82,82,82,82,82,82,82,82,82,82,82,82],"relics":["Burning Blood","Golden Idol","Strawberry","Meat on the Bone","Sozu","Tiny Chest","Centennial Puzzle"],"card_choices":[{"not_picked":["Heavy Blade","Rupture"],"picked":"Clash","floor":1},{"not_picked":["Armaments","Bloodletting"],"picked":"Thunderclap","floor":2},{"not_picked":["Limit Break","Bloodletting"],"picked":"Clothesline","floor":5},{"not_picked":["Armaments","Clothesline"],"picked":"Flex","floor":7},{"not_picked":["Cleave","Body Slam"],"picked":"Rage","floor":10},{"not_picked":["Ghostly Armor","Perfected Strike"],"picked":"Demon Form","floor":14},{"not_picked":["Havoc","Clothesline"],"picked":"True Grit","floor":18},{"not_picked":["True Grit","Feel No Pain"],"picked":"Pommel Strike","floor":20}],"player_experience":378367,"potions_floor_usage":[5,16,16],"damage_taken":[{"damage":28,"enemies":"Jaw Worm","floor":1,"turns":7},{"damage":12,"enemies":"Small Slimes","floor":2,"turns":3},{"damage":5,"enemies":"Cultist","floor":5,"turns":4},{"damage":22,"enemies":"Exordium Thugs","floor":7,"turns":4},{"damage":7,"enemies":"Large Slime","floor":10,"turns":4},{"damage":16,"enemies":"Lagavulin","floor":14,"turns":7},{"damage":28,"enemies":"The Guardian","floor":16,"turns":8},{"damage":36,"enemies":"3 Byrds","floor":18,"turns":5},{"damage":28,"enemies":"2 Thieves","floor":19,"turns":4},{"damage":32,"enemies":"Snecko","floor":20,"turns":5},{"damage":24,"enemies":"Centurion and Healer","floor":22,"turns":6},{"damage":54,"enemies":"Chosen and Byrds","floor":25,"turns":4}],"event_choices":[{"event_name":"Golden Idol","player_choice":"Take Damage","floor":3,"damage_taken":0},{"event_name":"Living Wall","player_choice":"Forget","floor":4,"damage_taken":0},{"event_name":"Golden Wing","player_choice":"Card Removal","floor":11,"damage_taken":0},{"event_name":"World of Goop","player_choice":"Gather Gold","floor":12,"damage_taken":0},{"event_name":"Beggar","player_choice":"Ignored","floor":24,"damage_taken":0}],"boss_relics":[{"not_picked":["Snecko Eye","Mark of Pain"],"picked":"Sozu"}],"potions_floor_spawned":[2,5,14,18],"seed_played":"-640083978032357779","killed_by":"Chosen and Byrds","ascension_level":15,"is_trial":false}