{"path_per_floor":["M","$","?","M","M","E","R","E","T","R","M","?","R","$","R","B",null,"M","M","M"],"character_chosen":"IRONCLAD","items_purchased":["Flash of Steel"],"gold_per_floor":[110,7,7,18,28,61,61,96,96,96,108,108,108,33,33,122,160,178,197,210,210],"floor_reached":21,"campfire_rested":1,"playtime":1361,"current_hp_per_floor":[61,61,61,67,68,37,37,21,21,21,24,24,46,46,46,36,70,42,40,9,0],"items_purged":["Injury"],"gold":210,"score":331,"play_id":"13b01f5f-d73e-4ecb-9e57-73d3c67ffc9a","local_time":"20180405074748","is_prod":false,"is_daily":false,"is_ascension_mode":true,"campfire_upgraded":1,"timestamp":1522928868,"path_taken":["M","$","?","?","M","E","R","E","T","R","M","?","R","$","R","BOSS","M","M","M","M"],"build_version":"2018-04-04","purchased_purges":2,"victory":false,"master_deck":["Strike_R","Strike_R","Strike_R+1","Strike_R","Strike_R","Defend_R","Defend_R","Defend_R","Defend_R","Bash","AscendersBane","Juggernaut+1","Flex","Flash of Steel","Pommel Strike","Rage","Shrug It Off","True Grit","Demon Form","Armaments","Warcry+1"],"max_hp_per_floor":[75,75,75,75,75,75,75,75,75,75,75,75,75,75,75,75,80,80,80,80,80],"relics":["Burning Blood","Art of War","Girya","Centennial Puzzle","Golden Idol","Tiny House"],"card_choices":[{"not_picked":["Headbutt","Wild Strike"],"picked":"Flex","floor":1},{"not_picked":["Havoc","Clash"],"picked":"Pommel Strike","floor":4},{"not_picked":["Uppercut","Searing Blow"],"picked":"Rage","floor":6},{"not_picked":["Perfected Strike","Shockwave"],"picked":"Shrug It Off","floor":8},{"not_picked":["Wild Strike","Havoc"],"picked":"True Grit","floor":11},{"not_picked":["Immolate","Exhume"],"picked":"Demon Form","floor":16},{"not_picked":["Wild Strike","Blood for Blood"],"picked":"Armaments","floor":19},{"not_picked":["Headbutt","Clash"],"picked":"Warcry","floor":20}],"player_experience":375503,"potions_floor_usage":[16,19,19,21],"damage_taken":[{"damage":13,"enemies":"2 Louse","floor":1,"turns":6},{"damage":0,"enemies":"Small Slimes","floor":4,"turns":3},{"damage":5,"enemies":"Cultist","floor":5,"turns":5},{"damage":37,"enemies":"Lagavulin","floor":6,"turns":8},{"damage":22,"enemies":"3 Sentries","floor":8,"turns":7},{"damage":3,"enemies":"Blue Slaver","floor":11,"turns":3},{"damage":16,"enemies":"The Guardian","floor":16,"turns":11},{"damage":34,"enemies":"3 Byrds","floor":18,"turns":6},{"damage":17,"enemies":"Chosen","floor":19,"turns":4},{"damage":37,"enemies":"Snake Plant","floor":20,"turns":4},{"damage":13,"enemies":"Sentry and Sphere","floor":21,"turns":3}],"event_choices":[{"event_name":"Liars Game","player_choice":"disagreed","floor":3,"damage_taken":0},{"event_name":"Golden Idol","player_choice":"Take Wound","floor":12,"damage_taken":0}],"boss_relics":[{"not_picked":["Runic Pyramid","Runic Dome"],"picked":"Tiny House"}],"potions_floor_spawned":[4,8,11,16,18,20],"seed_played":"8585546555809517056","killed_by":"Sentry and Sphere","ascension_level":15,"is_trial":false}