{"path_per_floor":["M","?","M","M","M","R","M","R","T","R","E","?","E","?","R","B",null,"M","?","M","M","M","R"],"character_chosen":"IRONCLAD","items_purchased":[],"gold_per_floor":[112,112,124,137,154,154,169,169,169,169,202,152,181,181,181,277,277,277,277,277,277,277,277,277],"floor_reached":24,"campfire_rested":3,"playtime":1302,"current_hp_per_floor":[69,69,69,72,55,55,48,48,48,72,53,53,43,31,55,12,63,45,30,26,26,15,40,0],"items_purged":[],"gold":277,"score":333,"play_id":"2ad97d3b-0d21-4a70-9bea-4429dd9171e8","local_time":"20180330182750","is_prod":false,"is_daily":false,"is_ascension_mode":true,"campfire_upgraded":2,"timestamp":1522448870,"path_taken":["M","?","M","M","?","R","M","R","T","R","E","?","E","?","R","BOSS","M","?","?","M","M","R","E"],"build_version":"2018-03-29","purchased_purges":0,"victory":false,"master_deck":["Strike_R","Strike_R","Strike_R","Strike_R","Defend_R","Defend_R","Defend_R","Defend_R","Bash+1","AscendersBane","Berserk","Iron Wave+1","Rampage+1","Headbutt","Offering","Body Slam","Shrug It Off"],"max_hp_per_floor":[80,80,80,80,80,80,80,80,80,80,80,80,80,80,80,80,80,80,85,85,85,85,85,85],"relics":["Burning Blood","Red Skull","Ice Cream","Gremlin Horn","The Courier","Ectoplasm"],"card_choices":[{"not_picked":["Clothesline","Heavy Blade"],"picked":"Iron Wave","floor":1},{"not_picked":["True Grit","Carnage"],"picked":"Rampage","floor":3},{"not_picked":["Whirlwind","Clash"],"picked":"Headbutt","floor":5},{"not_picked":["Thunderclap","Heavy Blade"],"picked":"Offering","floor":7},{"not_picked":["Entrench","Headbutt"],"picked":"Body Slam","floor":11},{"not_picked":["Dropkick","Infernal Blade"],"picked":"Shrug It Off","floor":20}],"player_experience":288852,"potions_floor_usage":[7,16,22,24],"damage_taken":[{"damage":9,"enemies":"Jaw Worm","floor":1,"turns":5},{"damage":6,"enemies":"Cultist","floor":3,"turns":4},{"damage":3,"enemies":"2 Louse","floor":4,"turns":4},{"damage":23,"enemies":"Red Slaver","floor":5,"turns":6},{"damage":13,"enemies":"Large Slime","floor":7,"turns":4},{"damage":25,"enemies":"3 Sentries","floor":11,"turns":9},{"damage":16,"enemies":"Gremlin Nob","floor":13,"turns":3},{"damage":49,"enemies":"Slime Boss","floor":16,"turns":11},{"damage":24,"enemies":"Spheric Guardian","floor":18,"turns":4},{"damage":10,"enemies":"Shell Parasite","floor":20,"turns":3},{"damage":6,"enemies":"3 Cultists","floor":21,"turns":4},{"damage":17,"enemies":"Sentry and Sphere","floor":22,"turns":4},{"damage":42,"enemies":"Book of Stabbing","floor":24,"turns":5}],"event_choices":[{"event_name":"Upgrade Shrine","player_choice":"Upgraded","floor":2,"damage_taken":0},{"event_name":"The Cleric","player_choice":"Card Removal","floor":12,"damage_taken":0},{"event_name":"Scrap Ooze","player_choice":"success","floor":14,"damage_taken":12},{"event_name":"Forgotten Altar","player_choice":"Shed Blood","floor":19,"damage_taken":0}],"boss_relics":[{"not_picked":["Runic Pyramid","Eternal Feather"],"picked":"Ectoplasm"}],"potions_floor_spawned":[5,13,20,21],"seed_played":"-4528900582652391256","killed_by":"Book of Stabbing","ascension_level":12,"is_trial":false}