{"path_per_floor":["M","?","M","M","$","R","M","M","T","M","R","?","?","M","R","B",null,"M","?","?","M","$","R","M","M","T","M","E","M","R","M","R","B",null,"M","?","?","M","?"],"character_chosen":"IRONCLAD","items_purchased":["Happy Flower"],"gold_per_floor":[10,85,103,115,40,40,57,75,75,86,86,86,86,96,96,194,194,194,194,194,194,41,41,41,41,41,41,41,41,41,41,41,41,41,41,41,0,0,0,0],"floor_reached":40,"campfire_rested":1,"playtime":2375,"current_hp_per_floor":[72,61,65,61,61,61,62,61,75,49,49,49,42,48,76,23,76,54,45,45,43,43,43,44,47,47,46,44,41,41,46,46,47,47,47,47,47,47,47,0],"items_purged":["Strike_R"],"gold":0,"score":649,"play_id":"56fec4d4-92d0-4140-80f2-0a7985c70c70","local_time":"20180327163158","is_prod":false,"is_daily":false,"is_ascension_mode":true,"campfire_upgraded":5,"timestamp":1522182718,"path_taken":["M","?","?","M","?","R","M","M","T","M","R","?","?","M","R","BOSS","M","?","?","?","$","R","M","M","T","M","E","M","R","M","R","BOSS","M","?","?","M","?","BOSS"],"build_version":"2018-03-25","purchased_purges":2,"victory":false,"master_deck":["Strike_R","Defend_R","Defend_R","Defend_R","Bash+1","AscendersBane","Whirlwind+1","Thunderclap","Dropkick","Berserk+1","Shrug It Off","Bloodletting+1","Shrug It Off+1","Ghostly","Ghostly","Ghostly","Ghostly","Ghostly","Warcry+1","Demon Form+1","Limit Break","Inflame"],"max_hp_per_floor":[80,80,80,80,80,80,80,80,94,94,94,94,94,94,94,94,94,94,94,47,47,47,47,47,47,47,47,47,47,47,47,47,47,47,47,47,47,47,47,47],"relics":["Burning Blood","Mango","Ectoplasm","Happy Flower","Oddly Smooth Stone","Juzu Bracelet","Black Star","Red Mask"],"card_choices":[{"not_picked":["Pommel Strike","Ghostly Armor"],"picked":"Whirlwind","floor":1},{"not_picked":["Body Slam","Hemokinesis"],"picked":"Thunderclap","floor":3},{"not_picked":["Perfected Strike","Spot Weakness"],"picked":"Dropkick","floor":4},{"not_picked":["Wild Strike","True Grit"],"picked":"Berserk","floor":7},{"not_picked":["Metallicize","Twin Strike"],"picked":"Shrug It Off","floor":10},{"not_picked":["Body Slam","Wild Strike"],"picked":"Bloodletting","floor":14},{"not_picked":["Clothesline","Iron Wave"],"picked":"Shrug It Off","floor":18},{"not_picked":["Flex","Clothesline"],"picked":"Warcry","floor":27},{"not_picked":["Perfected Strike","Clothesline"],"picked":"Demon Form","floor":29},{"not_picked":["Immolate","Reaper"],"picked":"Limit Break","floor":33}],"player_experience":244328,"potions_floor_usage":[7,14,16,16,29,33,40],"damage_taken":[{"damage":6,"enemies":"Small Slimes","floor":1,"turns":8},{"damage":2,"enemies":"2 Louse","floor":3,"turns":4},{"damage":10,"enemies":"Cultist","floor":4,"turns":4},{"damage":5,"enemies":"Lots of Slimes","floor":7,"turns":2},{"damage":7,"enemies":"Looter","floor":8,"turns":4},{"damage":32,"enemies":"Large Slime","floor":10,"turns":9},{"damage":0,"enemies":"Blue Slaver","floor":14,"turns":3},{"damage":71,"enemies":"Hexaghost","floor":16,"turns":10},{"damage":28,"enemies":"Chosen","floor":18,"turns":5},{"damage":8,"enemies":"Spheric Guardian","floor":21,"turns":5},{"damage":5,"enemies":"Cultist and Chosen","floor":24,"turns":6},{"damage":2,"enemies":"Chosen and Byrds","floor":25,"turns":7},{"damage":7,"enemies":"Centurion and Healer","floor":27,"turns":8},{"damage":8,"enemies":"Slavers","floor":28,"turns":7},{"damage":9,"enemies":"Cultist and Chosen","floor":29,"turns":10},{"damage":1,"enemies":"Snecko","floor":31,"turns":4},{"damage":4,"enemies":"Champ","floor":33,"turns":8},{"damage":4,"enemies":"3 Darklings","floor":35,"turns":5},{"damage":4,"enemies":"Flame Bruiser 1 Orb","floor":38,"turns":6},{"damage":59,"enemies":"Donu and Deca","floor":40,"turns":6}],"event_choices":[{"event_name":"World of Goop","player_choice":"Gather Gold","floor":2,"damage_taken":0},{"event_name":"Golden Idol","player_choice":"Ignored","floor":12,"damage_taken":0},{"event_name":"Golden Wing","player_choice":"Card Removal","floor":13,"damage_taken":0},{"event_name":"Wheel of Change","player_choice":"Damage","floor":19,"damage_taken":0},{"event_name":"Ghosts","player_choice":"Became a Ghost","floor":20,"damage_taken":0},{"event_name":"Transmorgrifier","player_choice":"Transform","floor":36,"damage_taken":0},{"event_name":"Tomb of Lord Red Mask","player_choice":"Paid","floor":37,"damage_taken":0},{"event_name":"SecretPortal","player_choice":"Took Portal.","floor":39,"damage_taken":0}],"boss_relics":[{"not_picked":["Cursed Key","Orrery"],"picked":"Ectoplasm"},{"not_picked":["Runic Pyramid","Calling Bell"],"picked":"Black Star"}],"potions_floor_spawned":[4,7,10,14,18,25,33],"seed_played":"-7888950113549893497","killed_by":"Donu and Deca","ascension_level":11,"is_trial":false}