{"path_per_floor":["M","M","?","?","$","R","M","R","T","M","R","M","M","E","R","B",null,"M","?","M","M","?","R","E","R","T","E","R","?","R","?","R","B",null,"M","M","?","M","?","R","?","R","T","M","M","$","?","M","R","B"],"character_chosen":"IRONCLAD","items_purchased":["Mango","Swift Potion","Dexterity Potion"],"gold_per_floor":[114,128,128,128,53,53,73,73,73,89,89,108,123,153,153,230,230,248,248,267,282,282,282,312,312,312,342,342,342,342,242,242,319,319,333,349,349,363,363,363,363,363,416,427,437,29,29,39,39,39],"floor_reached":51,"campfire_rested":3,"playtime":4086,"current_hp_per_floor":[72,72,72,77,77,77,77,77,77,77,77,77,77,68,68,17,62,63,63,65,42,42,65,22,45,45,65,65,65,65,65,77,65,74,73,77,77,77,77,77,77,77,77,79,79,93,93,95,95,95],"items_purged":["Normality","Strike_R"],"gold":39,"score":1362,"play_id":"dc560f05-ca31-4054-b330-5d53a4ea3f45","local_time":"20180331161606","is_prod":false,"is_daily":false,"is_ascension_mode":true,"campfire_upgraded":9,"timestamp":1522527366,"path_taken":["M","M","?","?","$","R","M","R","T","?","R","M","M","E","R","BOSS","M","?","M","M","?","R","E","R","T","E","R","?","R","?","R","BOSS","M","M","?","M","?","R","?","R","T","M","M","$","?","?","R","BOSS"],"build_version":"2018-03-29","purchased_purges":2,"victory":true,"master_deck":["Strike_R","Defend_R","Defend_R","Defend_R","Defend_R","Bash+1","AscendersBane","Pommel Strike+1","Flame Barrier+1","Battle Trance","Evolve","Feel No Pain+1","Shockwave+1","Offering+1","Rampage+1","Anger+1","Intimidate+1","Seeing Red","Corruption+1","Dropkick","J.A.X.+1","Immolate","Reaper","Feel No Pain+1","True Grit+1","Body Slam"],"max_hp_per_floor":[72,72,72,77,77,77,77,77,77,77,77,77,77,77,77,77,77,77,77,77,77,77,77,77,77,77,77,77,77,77,77,77,77,77,77,77,77,77,77,77,77,77,77,79,79,93,93,95,95,95],"relics":["Burning Blood","Thread and Needle","Prayer Wheel","The Courier","Torii","Dead Branch","Question Card","Gambling Chip","Nloth\u0027s Gift","Snecko Eye","Singing Bowl","Mango"],"card_choices":[{"not_picked":["Heavy Blade","Twin Strike"],"picked":"Pommel Strike","floor":1},{"not_picked":["Clothesline","Perfected Strike"],"picked":"Flame Barrier","floor":2},{"not_picked":["Thunderclap","Second Wind"],"picked":"Battle Trance","floor":7},{"not_picked":["Headbutt","Burning Pact"],"picked":"Clash","floor":9},{"not_picked":["Burning Pact","Ghostly Armor"],"picked":"Evolve","floor":12},{"not_picked":["Sword Boomerang","Iron Wave"],"picked":"Feel No Pain","floor":13},{"not_picked":["Infernal Blade","Barricade"],"picked":"Shockwave","floor":14},{"not_picked":["Demon Form","Exhume"],"picked":"Offering","floor":16},{"not_picked":["Clash","Metallicize"],"picked":"Seeing Red","floor":18},{"not_picked":["Body Slam","True Grit"],"picked":"Corruption","floor":24},{"not_picked":["Wild Strike","Warcry","Sentinel"],"picked":"Dropkick","floor":27},{"not_picked":["Berserk","Limit Break","Double Tap"],"picked":"Immolate","floor":33},{"not_picked":["Infernal Blade","Clash","Pommel Strike"],"picked":"Reaper","floor":36},{"not_picked":["Thunderclap","Twin Strike","Pommel Strike"],"picked":"True Grit","floor":43},{"not_picked":["Twin Strike","Sword Boomerang","Pummel"],"picked":"Body Slam","floor":45}],"player_experience":312105,"potions_floor_usage":[16,20,24,27,50,50],"damage_taken":[{"damage":1,"enemies":"Jaw Worm","floor":1,"turns":6},{"damage":0,"enemies":"Cultist","floor":2,"turns":3},{"damage":0,"enemies":"2 Louse","floor":7,"turns":3},{"damage":0,"enemies":"Large Slime","floor":10,"turns":8},{"damage":0,"enemies":"2 Fungi Beasts","floor":12,"turns":3},{"damage":0,"enemies":"Red Slaver","floor":13,"turns":4},{"damage":15,"enemies":"Lagavulin","floor":14,"turns":9},{"damage":57,"enemies":"Hexaghost","floor":16,"turns":15},{"damage":5,"enemies":"Spheric Guardian","floor":18,"turns":4},{"damage":4,"enemies":"Shell Parasite","floor":20,"turns":4},{"damage":29,"enemies":"Snake Plant","floor":21,"turns":5},{"damage":49,"enemies":"Gremlin Leader","floor":24,"turns":9},{"damage":4,"enemies":"Slavers","floor":27,"turns":6},{"damage":18,"enemies":"Automaton","floor":33,"turns":8},{"damage":7,"enemies":"Flame Bruiser 1 Orb","floor":35,"turns":2},{"damage":0,"enemies":"3 Darklings","floor":36,"turns":3},{"damage":3,"enemies":"Maw","floor":38,"turns":6},{"damage":7,"enemies":"Sphere and 2 Shapes","floor":44,"turns":6},{"damage":7,"enemies":"Spire Growth","floor":45,"turns":2},{"damage":7,"enemies":"3 Darklings","floor":48,"turns":5},{"damage":11,"enemies":"Donu and Deca","floor":50,"turns":3}],"event_choices":[{"event_name":"Accursed Blacksmith","player_choice":"Rummage","floor":3,"damage_taken":0},{"event_name":"Big Fish","player_choice":"Donut","floor":4,"damage_taken":0},{"event_name":"Vampires","player_choice":"Ignored","floor":19,"damage_taken":0},{"event_name":"The Mausoleum","player_choice":"No","floor":22,"damage_taken":0},{"event_name":"N\u0027loth","player_choice":"Traded a Astrolabe","floor":29,"damage_taken":0},{"event_name":"Drug Dealer","player_choice":"Got JAXXED","floor":31,"damage_taken":0},{"event_name":"Match and Keep!","player_choice":"1 cards matched","floor":37,"damage_taken":0},{"event_name":"Tomb of Lord Red Mask","player_choice":"Ignored","floor":41,"damage_taken":0},{"event_name":"Mysterious Sphere","player_choice":"Ignore","floor":47,"damage_taken":0}],"boss_relics":[{"not_picked":["Black Star","Velvet Choker"],"picked":"Astrolabe"},{"not_picked":["Philosopher\u0027s Stone","Pandora\u0027s Box"],"picked":"Snecko Eye"}],"potions_floor_spawned":[7,14,18,24,38,48],"seed_played":"2981578244260115733","ascension_level":13,"is_trial":false}