{"path_per_floor":["M","?","$","M","$","R","E","M","T","?","?","M","R","$","R","B",null,"M","?","?","M","?","R","M","R","T","M","T","R","$","E","R","B",null,"M","$","?","M","$","E","R"],"character_chosen":"IRONCLAD","items_purchased":["Clothesline","Blood Vial","Evolve"],"gold_per_floor":[114,114,39,52,25,25,59,69,69,69,144,160,160,9,9,108,108,125,50,50,65,65,65,80,80,80,90,117,117,17,47,47,144,144,160,90,0,10,10,42,42,42],"floor_reached":42,"campfire_rested":2,"playtime":1882,"current_hp_per_floor":[78,78,78,80,80,80,80,80,80,80,69,65,65,65,65,45,71,65,65,65,69,69,69,57,57,57,46,46,70,70,26,50,58,75,76,76,76,71,71,58,58,0],"items_purged":["Strike_R","Strike_R"],"gold":42,"score":864,"play_id":"ec8f6104-8b3b-43c8-aec4-9322be4c3cca","local_time":"20180330071122","is_prod":false,"is_daily":false,"is_ascension_mode":true,"campfire_upgraded":6,"timestamp":1522408282,"path_taken":["M","?","$","M","$","R","E","M","T","?","?","M","R","?","R","BOSS","M","?","?","M","?","R","M","R","T","M","?","R","?","E","R","BOSS","M","$","?","M","?","E","R","E"],"build_version":"2018-03-29","purchased_purges":3,"victory":false,"master_deck":["Strike_R","Strike_R","Defend_R","Defend_R","Defend_R","Defend_R","AscendersBane","Clash","Shrug It Off","Clothesline+1","Body Slam+1","Pommel Strike","Inflame+1","Barricade+1","Rage","Entrench+1","Iron Wave","Armaments+1","Juggernaut","Shrug It Off","Evolve"],"max_hp_per_floor":[80,80,80,80,80,80,80,80,80,80,80,80,80,80,80,80,80,80,80,80,80,80,80,80,80,80,80,80,80,80,80,80,80,80,80,80,80,80,80,80,80,80],"relics":["Burning Blood","NeowsBlessing","Oddly Smooth Stone","Mummified Hand","Blood Vial","Philosopher\u0027s Stone","Ginger","Ancient Tea Set","Sundial","Orrery","Red Mask","Blue Candle"],"card_choices":[{"not_picked":["Evolve","Battle Trance"],"picked":"Clash","floor":1},{"not_picked":["Wild Strike","Impervious"],"picked":"Shrug It Off","floor":4},{"not_picked":["Barricade","Reckless Charge"],"picked":"Body Slam","floor":7},{"not_picked":["Cleave","Sever Soul"],"picked":"Pommel Strike","floor":8},{"not_picked":["Rampage","Armaments"],"picked":"Inflame","floor":12},{"not_picked":["Fiend Fire","Immolate"],"picked":"Barricade","floor":16},{"not_picked":["Twin Strike","Whirlwind"],"picked":"Entrench","floor":21},{"not_picked":["Flex","Sword Boomerang"],"picked":"Iron Wave","floor":24},{"not_picked":["Twin Strike","Warcry"],"picked":"Armaments","floor":27},{"not_picked":["Fiend Fire","Limit Break"],"picked":"Juggernaut","floor":33},{"not_picked":["Sword Boomerang","Warcry"],"picked":"Shrug It Off","floor":34}],"player_experience":281508,"potions_floor_usage":[16,16,21,24,31,40,42],"damage_taken":[{"damage":0,"enemies":"Jaw Worm","floor":1,"turns":1},{"damage":0,"enemies":"Cultist","floor":4,"turns":1},{"damage":0,"enemies":"Lagavulin","floor":7,"turns":1},{"damage":0,"enemies":"Small Slimes","floor":8,"turns":3},{"damage":10,"enemies":"Gremlin Gang","floor":12,"turns":6},{"damage":28,"enemies":"Hexaghost","floor":16,"turns":12},{"damage":14,"enemies":"Spheric Guardian","floor":18,"turns":4},{"damage":4,"enemies":"Shell Parasite","floor":21,"turns":4},{"damage":20,"enemies":"3 Cultists","floor":24,"turns":6},{"damage":19,"enemies":"Snecko","floor":27,"turns":7},{"damage":52,"enemies":"Book of Stabbing","floor":31,"turns":8},{"damage":0,"enemies":"Champ","floor":33,"turns":7},{"damage":7,"enemies":"3 Shapes","floor":35,"turns":6},{"damage":13,"enemies":"Flame Bruiser 1 Orb","floor":38,"turns":6},{"damage":21,"enemies":"Nemesis","floor":40,"turns":7},{"damage":65,"enemies":"2 Orb Walkers","floor":42,"turns":5}],"event_choices":[{"event_name":"Bonfire Elementals","player_choice":"BASIC","floor":2,"damage_taken":0},{"event_name":"The Lab","player_choice":"Got Potions","floor":10,"damage_taken":0},{"event_name":"World of Goop","player_choice":"Gather Gold","floor":11,"damage_taken":0},{"event_name":"Beggar","player_choice":"Gave Gold","floor":19,"damage_taken":0},{"event_name":"The Library","player_choice":"Read","floor":20,"damage_taken":0},{"event_name":"Drug Dealer","player_choice":"Ignored","floor":22,"damage_taken":0},{"event_name":"Tomb of Lord Red Mask","player_choice":"Paid","floor":37,"damage_taken":0}],"boss_relics":[{"not_picked":["Calling Bell","Runic Cube"],"picked":"Philosopher\u0027s Stone"},{"not_picked":["Runic Pyramid","Eternal Feather"],"picked":"Orrery"}],"potions_floor_spawned":[4,7,12,16,18,27,38,40],"seed_played":"3089027364565809362","killed_by":"2 Orb Walkers","ascension_level":12,"is_trial":false}