{"path_per_floor":["M","M","$","M","?","E","R","E","T","R","M","M","?","E","R","B",null,"M","?","M","M","M","R"],"character_chosen":"IRONCLAD","items_purchased":["Feel No Pain"],"gold_per_floor":[111,130,18,30,105,140,140,173,173,173,185,198,163,193,193,270,270,285,185,195,210,229,229,229],"floor_reached":24,"campfire_rested":0,"playtime":1538,"current_hp_per_floor":[75,78,78,73,62,58,58,48,48,48,55,61,86,82,82,65,94,86,86,96,102,86,86,0],"items_purged":["Defend_R"],"gold":229,"score":385,"play_id":"a39bd77b-6bb0-4033-91fa-be8a5a42e634","local_time":"20180331150049","is_prod":false,"is_daily":false,"is_ascension_mode":true,"campfire_upgraded":4,"timestamp":1522522849,"path_taken":["M","M","$","M","?","E","R","E","T","R","M","?","?","E","R","BOSS","M","?","?","M","M","R","E"],"build_version":"2018-03-29","purchased_purges":2,"victory":false,"master_deck":["Strike_R","Strike_R","Strike_R","Defend_R","Defend_R","Defend_R","Bash+1","AscendersBane","Dropkick","Feed","Feel No Pain+1","Rampage+1","Feel No Pain","Shrug It Off","Spot Weakness","Seeing Red","Reaper","Havoc","J.A.X.","Barricade+1","Intimidate"],"max_hp_per_floor":[75,78,78,81,81,84,84,94,94,94,97,100,100,103,103,103,103,103,103,106,109,109,109,109],"relics":["Burning Blood","Pen Nib","Pear","Shovel","Meat on the Bone","Velvet Choker"],"card_choices":[{"not_picked":["Power Through","Sword Boomerang"],"picked":"Feel No Pain","floor":1},{"not_picked":["Combust","Clash"],"picked":"Rampage","floor":2},{"not_picked":["Havoc","Barricade"],"picked":"Shrug It Off","floor":6},{"not_picked":["Disarm","Cleave"],"picked":"Spot Weakness","floor":8},{"not_picked":["Flex","Pommel Strike"],"picked":"Seeing Red","floor":14},{"not_picked":["Juggernaut","Limit Break"],"picked":"Reaper","floor":16},{"not_picked":["Wild Strike","Shrug It Off"],"picked":"Havoc","floor":18},{"not_picked":["Bloodletting","Sword Boomerang"],"picked":"Barricade","floor":21},{"not_picked":["Reckless Charge","Pommel Strike"],"picked":"Intimidate","floor":22}],"player_experience":310177,"potions_floor_usage":[8,11,16,21,21,24],"damage_taken":[{"damage":6,"enemies":"Cultist","floor":1,"turns":4},{"damage":3,"enemies":"2 Louse","floor":2,"turns":4},{"damage":14,"enemies":"Jaw Worm","floor":4,"turns":6},{"damage":13,"enemies":"3 Sentries","floor":6,"turns":13},{"damage":26,"enemies":"Lagavulin","floor":8,"turns":7},{"damage":2,"enemies":"Lots of Slimes","floor":11,"turns":5},{"damage":3,"enemies":"Blue Slaver","floor":12,"turns":3},{"damage":13,"enemies":"3 Sentries","floor":14,"turns":10},{"damage":23,"enemies":"Slime Boss","floor":16,"turns":7},{"damage":14,"enemies":"Shell Parasite","floor":18,"turns":4},{"damage":3,"enemies":"Chosen","floor":20,"turns":6},{"damage":9,"enemies":"Centurion and Healer","floor":21,"turns":7},{"damage":28,"enemies":"Snake Plant","floor":22,"turns":6},{"damage":101,"enemies":"Slavers","floor":24,"turns":8}],"event_choices":[{"event_name":"World of Goop","player_choice":"Gather Gold","floor":5,"damage_taken":0},{"event_name":"The Cleric","player_choice":"Healed","floor":13,"damage_taken":0},{"event_name":"Drug Dealer","player_choice":"Got JAXXED","floor":19,"damage_taken":0}],"boss_relics":[{"not_picked":["Lizard Tail","White Beast Statue"],"picked":"Velvet Choker"}],"potions_floor_spawned":[1,2,8,12,20,22],"seed_played":"2795055898306879926","killed_by":"Slavers","ascension_level":13,"is_trial":false}