{"path_per_floor":["M","M","?","$","?","R","E","R","T","?","R","M","R","E","R","B",null,"M","?","M","?","M","R","?","R","T","M","M","M","R","?","R"],"character_chosen":"IRONCLAD","items_purchased":[],"gold_per_floor":[116,134,84,9,109,109,140,140,140,195,195,208,208,243,243,341,341,359,359,376,376,391,391,391,391,391,411,431,445,445,360,360,360],"floor_reached":33,"campfire_rested":1,"playtime":1024,"current_hp_per_floor":[74,71,71,71,71,71,43,43,43,45,45,51,51,46,70,60,75,77,77,79,79,80,80,80,80,80,70,72,74,74,74,74,0],"items_purged":["Strike_R"],"gold":360,"score":405,"play_id":"651a1e88-b006-448c-8ba0-4eb4b32df2af","local_time":"20180330162155","is_prod":false,"is_daily":false,"is_ascension_mode":true,"campfire_upgraded":5,"timestamp":1522441315,"path_taken":["M","M","?","$","?","R","E","R","T","?","R","M","R","E","R","BOSS","M","?","M","?","M","R","?","R","T","M","M","?","R","?","R","BOSS"],"build_version":"2018-03-29","purchased_purges":1,"victory":false,"master_deck":["Strike_R+1","Strike_R+1","Strike_R+1","Defend_R+1","Defend_R+1","Defend_R+1","Defend_R+1","Bash","AscendersBane","Offering+1","Fire Breathing+1","Uppercut+1","Iron Wave","Twin Strike","Double Tap+1","Whirlwind+1"],"max_hp_per_floor":[80,80,80,80,80,80,80,80,80,80,80,80,80,80,80,80,80,80,80,80,80,80,80,80,80,80,80,80,80,80,80,80,80],"relics":["Burning Blood","Girya","Ginger","Mercury Hourglass","Bag of Preparation","Philosopher\u0027s Stone","Letter Opener","Dream Catcher"],"card_choices":[{"not_picked":["Havoc","Intimidate"],"picked":"Fire Breathing","floor":1},{"not_picked":["Clash","Corruption"],"picked":"Uppercut","floor":2},{"not_picked":["Headbutt","Sword Boomerang"],"picked":"Iron Wave","floor":12},{"not_picked":["Body Slam","Sword Boomerang"],"picked":"Twin Strike","floor":14},{"not_picked":["Dark Embrace","Brutality"],"picked":"Double Tap","floor":16},{"not_picked":["Armaments","Clothesline"],"picked":"Whirlwind","floor":22}],"player_experience":286591,"potions_floor_usage":[10,14,16,20],"damage_taken":[{"damage":4,"enemies":"Small Slimes","floor":1,"turns":3},{"damage":9,"enemies":"2 Louse","floor":2,"turns":3},{"damage":34,"enemies":"Lagavulin","floor":7,"turns":8},{"damage":4,"enemies":"Gremlin Nob","floor":10,"turns":3},{"damage":0,"enemies":"Cultist","floor":12,"turns":3},{"damage":11,"enemies":"Gremlin Nob","floor":14,"turns":3},{"damage":16,"enemies":"Hexaghost","floor":16,"turns":8},{"damage":4,"enemies":"Chosen","floor":18,"turns":2},{"damage":4,"enemies":"Shell Parasite","floor":20,"turns":3},{"damage":0,"enemies":"Snake Plant","floor":22,"turns":2},{"damage":16,"enemies":"Centurion and Healer","floor":27,"turns":2},{"damage":4,"enemies":"Sentry and Sphere","floor":28,"turns":2},{"damage":4,"enemies":"Cultist and Chosen","floor":29,"turns":1},{"damage":114,"enemies":"Champ","floor":33,"turns":7}],"event_choices":[{"event_name":"The Cleric","player_choice":"Card Removal","floor":3,"damage_taken":0},{"event_name":"Golden Shrine","player_choice":"Pray","floor":5,"damage_taken":0},{"event_name":"Dead Adventurer","player_choice":"Searched \u00273\u0027 times","floor":10,"damage_taken":0},{"event_name":"Back to Basics","player_choice":"Simplicity","floor":19,"damage_taken":0},{"event_name":"Ghosts","player_choice":"Ignored","floor":21,"damage_taken":0},{"event_name":"Vampires","player_choice":"Ignored","floor":24,"damage_taken":0},{"event_name":"Addict","player_choice":"Obtained Relic","floor":31,"damage_taken":0}],"boss_relics":[{"not_picked":["Runic Dome","Runic Cube"],"picked":"Philosopher\u0027s Stone"}],"potions_floor_spawned":[1,10,14,18],"seed_played":"-2966351328302192267","killed_by":"Champ","ascension_level":12,"is_trial":false}