{"path_per_floor":["M","?","M","M","M","R","?","R","T","E","?","R","M","M","R","B",null,"M","M","$","?","$","R","E","R","T","E","R","M","M","$","R","B",null,"M","?","$","M","$","R","M","M","T","M","?","R","E","M","R","B"],"character_chosen":"IRONCLAD","items_purchased":["Torii","Inflame","Girya"],"gold_per_floor":[116,116,136,154,164,164,239,239,262,292,292,292,305,323,323,423,423,442,454,162,188,113,113,141,141,141,167,167,178,193,58,58,153,183,202,424,299,315,21,21,36,48,48,63,63,63,95,110,110,110],"floor_reached":51,"campfire_rested":4,"playtime":3834,"current_hp_per_floor":[72,72,72,63,61,61,50,71,71,60,46,46,52,58,72,72,72,72,72,72,65,65,65,66,66,66,67,67,67,69,69,69,53,72,74,74,74,63,63,63,43,45,45,56,56,77,51,61,77,39],"items_purged":["Strike_R","Strike_R","Defend_R"],"gold":110,"score":1167,"play_id":"a033470d-dad9-4514-83b9-474c7c3281e7","local_time":"20180331004928","is_prod":false,"is_daily":false,"is_ascension_mode":true,"campfire_upgraded":6,"timestamp":1522471768,"path_taken":["M","?","M","?","M","R","?","R","T","E","?","R","M","M","R","BOSS","M","M","$","?","?","R","E","R","T","E","R","M","?","$","R","BOSS","M","?","$","M","$","R","M","M","T","M","?","R","E","M","R","BOSS"],"build_version":"2018-03-29","purchased_purges":5,"victory":true,"master_deck":["Strike_R+1","Defend_R","Defend_R","Bash+1","AscendersBane","Fiend Fire+1","Battle Trance+1","Shockwave+1","Offering","Rampage+1","Shrug It Off+1","True Grit+1","Disarm+1","Inflame+1","Double Tap+1","Warcry"],"max_hp_per_floor":[72,72,72,72,72,72,72,72,72,72,72,72,72,72,72,72,72,72,72,72,72,72,72,72,72,72,72,72,72,72,72,72,72,77,77,77,77,77,77,77,77,77,77,77,77,77,77,77,77,77],"relics":["Burning Blood","Art of War","Bottled Lightning","Mark of Pain","Torii","Red Mask","Oddly Smooth Stone","Ice Cream","Bag of Marbles","Tiny House","Girya","Ancient Tea Set","Charon\u0027s Ashes"],"card_choices":[{"not_picked":["Armaments","Perfected Strike"],"picked":"Fiend Fire","floor":1},{"not_picked":["Burning Pact","Rage"],"picked":"Battle Trance","floor":5},{"not_picked":["Headbutt","Clash"],"picked":"Shockwave","floor":10},{"not_picked":["Demon Form","Juggernaut"],"picked":"Offering","floor":16},{"not_picked":["Feel No Pain","Sword Boomerang"],"picked":"Rampage","floor":18},{"not_picked":["Seeing Red","Anger"],"picked":"Shrug It Off","floor":19},{"not_picked":["Body Slam","Power Through"],"picked":"True Grit","floor":21},{"not_picked":["Ghostly Armor","Feel No Pain"],"picked":"Disarm","floor":27},{"not_picked":["Berserk","Reaper"],"picked":"Double Tap","floor":33},{"not_picked":["Cleave","Anger"],"picked":"Warcry","floor":41}],"player_experience":293514,"potions_floor_usage":[10,16,16,16,27,33,33,38,38,42,44,47,48],"damage_taken":[{"damage":3,"enemies":"Jaw Worm","floor":1,"turns":5},{"damage":0,"enemies":"Cultist","floor":3,"turns":2},{"damage":15,"enemies":"Small Slimes","floor":4,"turns":4},{"damage":8,"enemies":"Red Slaver","floor":5,"turns":5},{"damage":17,"enemies":"3 Sentries","floor":10,"turns":8},{"damage":0,"enemies":"2 Fungi Beasts","floor":13,"turns":5},{"damage":0,"enemies":"Blue Slaver","floor":14,"turns":1},{"damage":2,"enemies":"Slime Boss","floor":16,"turns":6},{"damage":4,"enemies":"3 Byrds","floor":18,"turns":4},{"damage":5,"enemies":"Spheric Guardian","floor":19,"turns":3},{"damage":13,"enemies":"Masked Bandits","floor":21,"turns":3},{"damage":5,"enemies":"Book of Stabbing","floor":24,"turns":6},{"damage":5,"enemies":"Gremlin Leader","floor":27,"turns":7},{"damage":6,"enemies":"Centurion and Healer","floor":29,"turns":4},{"damage":4,"enemies":"Snecko","floor":30,"turns":5},{"damage":22,"enemies":"Automaton","floor":33,"turns":9},{"damage":4,"enemies":"3 Shapes","floor":35,"turns":6},{"damage":17,"enemies":"Flame Bruiser 1 Orb","floor":38,"turns":8},{"damage":26,"enemies":"3 Darklings","floor":41,"turns":4},{"damage":4,"enemies":"Spire Growth","floor":42,"turns":3},{"damage":7,"enemies":"4 Shapes","floor":44,"turns":7},{"damage":32,"enemies":"2 Orb Walkers","floor":47,"turns":3},{"damage":5,"enemies":"Maw","floor":48,"turns":5},{"damage":44,"enemies":"Time Eater","floor":50,"turns":9}],"event_choices":[{"event_name":"Upgrade Shrine","player_choice":"Upgraded","floor":2,"damage_taken":0},{"event_name":"World of Goop","player_choice":"Gather Gold","floor":7,"damage_taken":0},{"event_name":"Shining Light","player_choice":"Entered Light","floor":11,"damage_taken":0},{"event_name":"Masked Bandits","player_choice":"Fought over 162 gold","floor":21,"damage_taken":0},{"event_name":"Tomb of Lord Red Mask","player_choice":"Wore Mask","floor":36,"damage_taken":0}],"boss_relics":[{"not_picked":["Velvet Choker","Pandora\u0027s Box"],"picked":"Mark of Pain"},{"not_picked":["Runic Dome","Black Star"],"picked":"Tiny House"}],"potions_floor_spawned":[3,5,10,14,16,18,24,29,30,35,41,44,47,48],"seed_played":"410733336888915200","ascension_level":12,"is_trial":false}