{"path_per_floor":["M","?","?","M","M","E","R","M","T","M","R","E","R","?","R","B",null,"M","M","M","M","M","R"],"character_chosen":"IRONCLAD","items_purchased":[],"gold_per_floor":[10,10,10,27,41,67,67,82,105,118,118,146,146,221,221,299,299,312,328,347,365,377,377,377],"floor_reached":24,"campfire_rested":2,"playtime":1654,"current_hp_per_floor":[68,68,73,72,78,59,59,65,65,65,65,46,46,35,78,84,92,67,46,38,30,11,54,0],"items_purged":[],"gold":377,"score":454,"play_id":"73ae082e-17f2-4d7f-afd3-1aab120811ea","local_time":"20180331143500","is_prod":false,"is_daily":false,"is_ascension_mode":true,"campfire_upgraded":3,"timestamp":1522521300,"path_taken":["M","?","?","M","M","E","R","M","T","M","R","E","R","?","R","BOSS","M","M","M","M","?","R","E"],"build_version":"2018-03-29","purchased_purges":0,"victory":false,"master_deck":["Strike_R","Strike_R","Strike_R","Strike_R","Strike_R","Defend_R","Defend_R","Defend_R","Defend_R","Bash+1","AscendersBane","Fiend Fire+1","Iron Wave","Anger","Evolve+1","Headbutt","Brutality","Shrug It Off","Armaments","Wild Strike","Corruption"],"max_hp_per_floor":[80,80,85,85,85,85,85,85,85,85,85,95,95,95,95,95,95,95,95,95,95,95,95,95],"relics":["Burning Blood","Regal Pillow","Vajra","Pear","Lizard Tail"],"card_choices":[{"not_picked":["Reaper","Dark Embrace"],"picked":"Fiend Fire","floor":0},{"not_picked":["Infernal Blade","Warcry"],"picked":"Iron Wave","floor":5},{"not_picked":["Thunderclap","Cleave"],"picked":"Anger","floor":6},{"not_picked":["Perfected Strike","Searing Blow"],"picked":"Evolve","floor":8},{"not_picked":["Combust","Brutality"],"picked":"Headbutt","floor":12},{"not_picked":["Barricade","Juggernaut"],"picked":"Brutality","floor":16},{"not_picked":["Dual Wield","Hemokinesis"],"picked":"Shrug It Off","floor":18},{"not_picked":["Burning Pact","Second Wind"],"picked":"Armaments","floor":20},{"not_picked":["Body Slam","Reckless Charge"],"picked":"Wild Strike","floor":21},{"not_picked":["Disarm","Cleave"],"picked":"Corruption","floor":22}],"player_experience":308523,"potions_floor_usage":[6,12,16,19,22,22,24],"damage_taken":[{"damage":10,"enemies":"Small Slimes","floor":1,"turns":3},{"damage":7,"enemies":"Jaw Worm","floor":4,"turns":2},{"damage":0,"enemies":"Cultist","floor":5,"turns":5},{"damage":25,"enemies":"3 Sentries","floor":6,"turns":10},{"damage":0,"enemies":"Large Slime","floor":8,"turns":6},{"damage":6,"enemies":"Looter","floor":10,"turns":2},{"damage":35,"enemies":"Lagavulin","floor":12,"turns":7},{"damage":0,"enemies":"Slime Boss","floor":16,"turns":8},{"damage":31,"enemies":"Spheric Guardian","floor":18,"turns":4},{"damage":27,"enemies":"Shell Parasite","floor":19,"turns":9},{"damage":14,"enemies":"Snecko","floor":20,"turns":4},{"damage":61,"enemies":"Slaver and Parasite","floor":21,"turns":13},{"damage":25,"enemies":"Snake Plant","floor":22,"turns":4},{"damage":54,"enemies":"Slavers","floor":24,"turns":4}],"event_choices":[{"event_name":"The Cleric","player_choice":"Leave","floor":2,"damage_taken":0},{"event_name":"Big Fish","player_choice":"Donut","floor":3,"damage_taken":0},{"event_name":"World of Goop","player_choice":"Gather Gold","floor":14,"damage_taken":0}],"boss_relics":[{"not_picked":["Cursed Key","Pandora\u0027s Box"],"picked":"Lizard Tail"}],"potions_floor_spawned":[1,5,6,10,18,19,22],"seed_played":"5574484833340249631","killed_by":"Slavers","ascension_level":13,"is_trial":false}