{"path_per_floor":["M","M","M","?","$","R","E","M","T","M","M","R","M","?","R","B",null,"M","M","?","?","M","R","M","R","T","R","$","?","?","?","R","B",null,"M","?","?","?","M","R","M","M","T","R","M","M","?","M","R","B"],"character_chosen":"IRONCLAD","items_purchased":["Blood Vial"],"gold_per_floor":[119,136,152,252,26,26,58,69,96,112,126,126,139,139,139,241,241,254,269,269,184,203,203,223,223,223,223,123,123,48,48,48,148,148,160,160,160,160,172,172,191,209,209,209,224,236,236,254,254,254],"floor_reached":51,"campfire_rested":7,"playtime":3107,"current_hp_per_floor":[69,62,68,68,68,68,38,39,39,42,44,68,61,49,76,52,78,33,7,36,36,28,57,47,75,75,75,75,75,75,75,75,31,81,58,58,58,58,63,95,95,74,81,115,104,32,64,101,129,22],"items_purged":["Strike_R","Strike_R"],"gold":254,"score":1102,"play_id":"d2874b04-41b6-4b4d-a5c4-3b6b782b96fb","local_time":"20180326213730","is_prod":false,"is_daily":false,"is_ascension_mode":true,"campfire_upgraded":3,"timestamp":1522114650,"path_taken":["M","M","?","?","?","R","E","?","T","?","M","R","M","?","R","BOSS","M","M","?","?","M","R","M","R","T","R","$","?","?","?","R","BOSS","M","?","?","?","M","R","M","M","T","R","M","M","?","M","R","BOSS"],"build_version":"2018-03-25","purchased_purges":3,"victory":true,"master_deck":["Defend_R","Defend_R","Defend_R","AscendersBane","Demon Form+1","Whirlwind","Thunderclap","Dropkick","Shrug It Off","Pommel Strike","Feed","Spot Weakness+1","Uppercut+1","Armaments+1","Bloodletting+1","Reaper","Flex","Injury","True Grit+1","Writhe","Offering"],"max_hp_per_floor":[80,80,80,80,80,80,80,80,80,80,82,82,84,84,86,86,86,88,88,88,88,90,92,94,94,94,94,94,94,94,94,94,98,98,98,98,98,98,100,102,107,109,116,116,122,127,127,129,129,133],"relics":["Burning Blood","Blood Vial","Centennial Puzzle","Singing Bowl","Dream Catcher","Astrolabe","Oddly Smooth Stone","Calipers","Cursed Key","Strawberry"],"card_choices":[{"not_picked":["Entrench","Cleave"],"picked":"Whirlwind","floor":1},{"not_picked":["Pummel","Body Slam"],"picked":"Thunderclap","floor":2},{"not_picked":["Iron Wave","Sword Boomerang"],"picked":"Dropkick","floor":3},{"not_picked":["Wild Strike","Pommel Strike"],"picked":"Shrug It Off","floor":8},{"not_picked":["Body Slam","Headbutt"],"picked":"Pommel Strike","floor":10},{"not_picked":["Demon Form","Exhume"],"picked":"Feed","floor":16},{"not_picked":["Clothesline","Pommel Strike"],"picked":"Armaments","floor":19},{"not_picked":["Twin Strike","Havoc"],"picked":"Bloodletting","floor":25},{"not_picked":["Brutality","Barricade"],"picked":"Reaper","floor":33},{"not_picked":["Headbutt","Clash"],"picked":"Flex","floor":35},{"not_picked":["Entrench","Intimidate"],"picked":"True Grit","floor":44},{"not_picked":["Rupture","Iron Wave"],"picked":"Offering","floor":49}],"player_experience":232559,"potions_floor_usage":[10,16,16,33,35,39,45,50],"damage_taken":[{"damage":9,"enemies":"Cultist","floor":1,"turns":5},{"damage":13,"enemies":"Jaw Worm","floor":2,"turns":4},{"damage":0,"enemies":"Small Slimes","floor":3,"turns":3},{"damage":38,"enemies":"Gremlin Nob","floor":7,"turns":5},{"damage":7,"enemies":"2 Fungi Beasts","floor":8,"turns":4},{"damage":5,"enemies":"Red Slaver","floor":10,"turns":6},{"damage":8,"enemies":"Exordium Thugs","floor":11,"turns":4},{"damage":17,"enemies":"Looter","floor":13,"turns":3},{"damage":32,"enemies":"The Guardian","floor":16,"turns":12},{"damage":55,"enemies":"Chosen","floor":18,"turns":8},{"damage":34,"enemies":"Shell Parasite","floor":19,"turns":5},{"damage":18,"enemies":"3 Cultists","floor":22,"turns":3},{"damage":20,"enemies":"Snake Plant","floor":24,"turns":5},{"damage":56,"enemies":"Collector","floor":33,"turns":7},{"damage":46,"enemies":"3 Darklings","floor":35,"turns":6},{"damage":18,"enemies":"Orb Walker","floor":39,"turns":4},{"damage":51,"enemies":"4 Shapes","floor":41,"turns":12},{"damage":39,"enemies":"Maw","floor":42,"turns":6},{"damage":69,"enemies":"Sphere and 2 Shapes","floor":45,"turns":12},{"damage":91,"enemies":"4 Shapes","floor":46,"turns":9},{"damage":11,"enemies":"3 Darklings","floor":48,"turns":4},{"damage":134,"enemies":"Donu and Deca","floor":50,"turns":10}],"event_choices":[{"event_name":"Golden Shrine","player_choice":"Pray","floor":4,"damage_taken":0},{"event_name":"Scrap Ooze","player_choice":"success","floor":14,"damage_taken":12},{"event_name":"The Library","player_choice":"Heal","floor":20,"damage_taken":0},{"event_name":"Addict","player_choice":"Obtained Relic","floor":21,"damage_taken":0},{"event_name":"The Mausoleum","player_choice":"No","floor":29,"damage_taken":0},{"event_name":"Beggar","player_choice":"Gave Gold","floor":30,"damage_taken":0},{"event_name":"Back to Basics","player_choice":"Elegance","floor":31,"damage_taken":0},{"event_name":"SecretPortal","player_choice":"Rejected Portal.","floor":36,"damage_taken":0},{"event_name":"Mysterious Sphere","player_choice":"Ignore","floor":38,"damage_taken":0},{"event_name":"Winding Halls","player_choice":"Writhe","floor":47,"damage_taken":0}],"boss_relics":[{"not_picked":["Question Card","Velvet Choker"],"picked":"Astrolabe"},{"not_picked":["Calling Bell","Lizard Tail"],"picked":"Cursed Key"}],"potions_floor_spawned":[1,7,11,22,24,35,42,48],"seed_played":"-1614790377591636361","ascension_level":10,"is_trial":false}