{"path_per_floor":["M","M","$","M","M","E","R","E","T","E","R","?","R","M","R","B",null,"M","?","?","$","M","R","E","R","T","R","E","?","$","E","R"],"character_chosen":"IRONCLAD","items_purchased":["Pen Nib","Ghostly Armor"],"gold_per_floor":[112,128,53,71,81,106,106,133,133,160,160,160,160,172,172,248,248,262,262,262,118,137,137,162,162,231,231,266,191,18,43,43,43],"floor_reached":33,"campfire_rested":4,"playtime":1807,"current_hp_per_floor":[55,54,54,54,42,13,35,33,33,17,40,40,40,44,44,49,72,57,57,56,56,40,40,34,34,34,52,26,26,26,9,27,0],"items_purged":["Strike_R","Twin Strike"],"gold":43,"score":584,"play_id":"13552c4e-8d4c-4ccf-9a79-24b31640670d","local_time":"20180404205008","is_prod":false,"is_daily":false,"is_ascension_mode":true,"campfire_upgraded":4,"timestamp":1522889408,"path_taken":["M","M","$","M","M","E","R","E","T","E","R","?","R","M","R","BOSS","M","?","?","?","?","R","E","R","T","R","E","?","$","E","R","BOSS"],"build_version":"2018-04-03","purchased_purges":2,"victory":false,"master_deck":["Defend_R","Defend_R","Defend_R","Bash","AscendersBane","Feel No Pain+1","Pommel Strike+1","Body Slam+1","Uppercut+1","Iron Wave","Rampage+1","Offering","Reaper","Bite","Bite","Bite","Bite","Bite","Evolve","Double Tap+1","Ghostly Armor","Armaments"],"max_hp_per_floor":[75,75,75,75,75,75,75,75,75,77,77,77,77,79,79,79,79,81,81,56,56,56,56,56,56,56,58,60,60,60,62,62,62],"relics":["Burning Blood","Ancient Tea Set","Dream Catcher","Champion Belt","Singing Bowl","Sozu","Pen Nib","Charon\u0027s Ashes","Dodecahedron","Blue Candle","Smiling Mask"],"card_choices":[{"not_picked":["Pummel","Clash"],"picked":"Pommel Strike","floor":1.0},{"not_picked":["Cleave","Limit Break"],"picked":"Body Slam","floor":2.0},{"not_picked":["Combust","Anger"],"picked":"Twin Strike","floor":4.0},{"not_picked":["Searing Blow","Armaments"],"picked":"Uppercut","floor":5.0},{"not_picked":["Burning Pact","Dual Wield"],"picked":"Iron Wave","floor":6.0},{"not_picked":["Wild Strike","Shrug It Off"],"picked":"Rampage","floor":8.0},{"not_picked":["Inflame","Iron Wave"],"picked":"Offering","floor":11.0},{"not_picked":["Brutality","Limit Break"],"picked":"Reaper","floor":16.0},{"not_picked":["Iron Wave","Sword Boomerang"],"picked":"Evolve","floor":22.0},{"not_picked":["Dark Embrace","Armaments"],"picked":"Double Tap","floor":24.0},{"not_picked":["Thunderclap","Heavy Blade"],"picked":"Armaments","floor":32}],"player_experience":369464,"potions_floor_usage":[],"damage_taken":[{"damage":19.0,"enemies":"Jaw Worm","floor":1.0,"turns":6.0},{"damage":7.0,"enemies":"Small Slimes","floor":2.0,"turns":5.0},{"damage":6.0,"enemies":"2 Louse","floor":4.0,"turns":5.0},{"damage":18.0,"enemies":"Gremlin Gang","floor":5.0,"turns":11.0},{"damage":35.0,"enemies":"Lagavulin","floor":6.0,"turns":6.0},{"damage":8.0,"enemies":"3 Sentries","floor":8.0,"turns":9.0},{"damage":24.0,"enemies":"Gremlin Nob","floor":10.0,"turns":4.0},{"damage":4.0,"enemies":"3 Louse","floor":14.0,"turns":2.0},{"damage":13.0,"enemies":"Slime Boss","floor":16.0,"turns":11.0},{"damage":23.0,"enemies":"Spheric Guardian","floor":18.0,"turns":4.0},{"damage":28.0,"enemies":"2 Thieves","floor":22.0,"turns":4.0},{"damage":48.0,"enemies":"Gremlin Leader","floor":24.0,"turns":9.0},{"damage":44.0,"enemies":"Slavers","floor":28.0,"turns":6.0},{"damage":35,"enemies":"Book of Stabbing","floor":31,"turns":5},{"damage":99,"enemies":"Champ","floor":33,"turns":10}],"event_choices":[{"event_name":"Living Wall","player_choice":"Grow","floor":12.0,"damage_taken":0.0},{"event_name":"Upgrade Shrine","player_choice":"Upgraded","floor":19.0,"damage_taken":0.0},{"event_name":"Vampires","player_choice":"Became a vampire","floor":20.0,"damage_taken":0.0},{"event_name":"Beggar","player_choice":"Gave Gold","floor":29.0,"damage_taken":0.0}],"boss_relics":[],"potions_floor_spawned":[1,5,10,14,16,22,31],"seed_played":"4437200189312007295","killed_by":"Champ","ascension_level":15,"is_trial":false}