{"path_per_floor":["M","?","M","?","$","R","M","R","T","?","R","E","R","M","R","B",null,"M","?","M","$","M","R","M","R","T","?","M","R","M","M","R"],"character_chosen":"IRONCLAD","items_purchased":[],"gold_per_floor":[110,110,126,126,51,51,64,64,119,119,119,150,150,165,165,269,269,288,203,215,115,133,133,150,150,150,150,164,164,175,187,187,187],"floor_reached":33,"campfire_rested":3,"playtime":1324,"current_hp_per_floor":[77,70,69,69,69,69,66,66,66,66,66,48,72,78,78,21,65,53,53,59,59,65,65,61,61,61,61,54,78,80,63,80,0],"items_purged":["Strike_R","Strike_R"],"gold":187,"score":371,"play_id":"14efd3be-417f-42fd-8c56-11049bc0a08c","local_time":"20180326083011","is_prod":false,"is_daily":false,"is_ascension_mode":true,"campfire_upgraded":6,"timestamp":1522067411,"path_taken":["M","?","M","?","?","R","M","R","T","?","R","E","R","M","R","BOSS","M","?","?","$","M","R","M","R","T","?","M","R","M","?","R","BOSS"],"build_version":"2018-03-25","purchased_purges":3,"victory":false,"master_deck":["Strike_R","Strike_R","Defend_R","Defend_R","Defend_R","Defend_R","Bash+1","AscendersBane","Anger+1","Anger+1","Whirlwind+1","Shrug It Off+1","Sever Soul+1","True Grit+1","Feel No Pain+1","Metallicize+1","Metallicize"],"max_hp_per_floor":[80,80,80,80,80,80,80,80,80,80,80,80,80,80,80,80,80,80,80,80,80,80,80,80,80,80,80,80,80,80,80,80,80],"relics":["Burning Blood","Bag of Preparation","Ancient Tea Set","Sozu","Dream Catcher","Lantern"],"card_choices":[{"not_picked":["Pummel","Blood for Blood"],"picked":"Anger","floor":1},{"not_picked":["Headbutt","Iron Wave"],"picked":"Anger","floor":3},{"not_picked":["Pummel","Havoc"],"picked":"Whirlwind","floor":7},{"not_picked":["Carnage","Thunderclap"],"picked":"Shrug It Off","floor":12},{"not_picked":["Wild Strike","Cleave"],"picked":"Sever Soul","floor":18},{"not_picked":["Headbutt","Rampage"],"picked":"True Grit","floor":22},{"not_picked":["Second Wind","Perfected Strike"],"picked":"Feel No Pain","floor":24},{"not_picked":["Havoc","Pommel Strike"],"picked":"Metallicize","floor":30},{"not_picked":["Headbutt","Twin Strike"],"picked":"Metallicize","floor":32}],"player_experience":226077,"potions_floor_usage":[7,16,22],"damage_taken":[{"damage":1,"enemies":"Cultist","floor":1,"turns":4},{"damage":7,"enemies":"2 Louse","floor":3,"turns":3},{"damage":9,"enemies":"Jaw Worm","floor":7,"turns":4},{"damage":24,"enemies":"Gremlin Nob","floor":12,"turns":4},{"damage":0,"enemies":"3 Louse","floor":14,"turns":2},{"damage":63,"enemies":"Hexaghost","floor":16,"turns":9},{"damage":18,"enemies":"2 Thieves","floor":18,"turns":4},{"damage":0,"enemies":"3 Byrds","floor":20,"turns":3},{"damage":0,"enemies":"Snecko","floor":22,"turns":2},{"damage":10,"enemies":"Snake Plant","floor":24,"turns":4},{"damage":13,"enemies":"Centurion and Healer","floor":28,"turns":4},{"damage":0,"enemies":"3 Cultists","floor":30,"turns":1},{"damage":23,"enemies":"Slaver and Parasite","floor":31,"turns":9},{"damage":92,"enemies":"Collector","floor":33,"turns":9}],"event_choices":[{"event_name":"Golden Wing","player_choice":"Card Removal","floor":2,"damage_taken":0},{"event_name":"The Woman in Blue","player_choice":"Bought 0 Potions","floor":4,"damage_taken":0},{"event_name":"Liars Game","player_choice":"disagreed","floor":10,"damage_taken":0},{"event_name":"Addict","player_choice":"Obtained Relic","floor":19,"damage_taken":0},{"event_name":"Vampires","player_choice":"Ignored","floor":27,"damage_taken":0}],"boss_relics":[{"not_picked":["Cursed Key","Philosopher\u0027s Stone"],"picked":"Sozu"}],"potions_floor_spawned":[3,7,16,20,24,30],"seed_played":"-900354783714428305","killed_by":"Collector","ascension_level":10,"is_trial":false}