{"path_per_floor":["M","?","M","M","M","E","M","R","T","M","M","E","?","M","R","B",null,"M","?","M","$","M","E","M","R","T","M","M","?","M","$","R"],"character_chosen":"IRONCLAD","items_purchased":["Lee\u0027s Waffle","Blind","Shrug It Off"],"gold_per_floor":[119,119,137,152,171,199,209,209,209,224,240,269,269,289,289,365,365,377,292,303,16,36,68,80,80,104,118,134,134,144,47,47,47],"floor_reached":33,"campfire_rested":3,"playtime":2038,"current_hp_per_floor":[58,58,64,69,55,33,20,42,42,48,54,44,69,75,75,32,64,67,74,66,89,89,28,13,39,39,21,13,13,21,21,34,0],"items_purged":["Strike_R"],"gold":47,"score":524,"play_id":"7385aa40-776c-4c7b-a2d7-73501270a576","local_time":"20180413222923","is_prod":false,"is_daily":false,"chose_seed":false,"is_ascension_mode":true,"campfire_upgraded":1,"timestamp":1523672963,"path_taken":["M","?","M","M","M","E","M","R","T","M","M","E","?","?","R","BOSS","M","?","?","?","M","E","M","R","T","M","M","?","M","$","R","BOSS"],"build_version":"2018-04-12","seed_source_timestamp":0,"purchased_purges":1,"victory":false,"master_deck":["Strike_R","Strike_R","Strike_R","Strike_R","Defend_R","Defend_R","Defend_R","Defend_R","Bash+1","AscendersBane","Anger","Pommel Strike","Dropkick","Spot Weakness","Ghostly Armor","Demon Form+1","Evolve","Reckless Charge","Whirlwind","Blind","Ghostly","Ghostly","Ghostly","Ghostly","Ghostly","Shrug It Off","Shrug It Off"],"max_hp_per_floor":[75,75,75,75,75,75,75,75,75,75,75,75,75,75,75,75,75,75,82,82,89,89,89,89,89,89,89,89,44,44,44,44,44],"relics":["Burning Blood","Dodecahedron","Thread and Needle","Blood Vial","Velvet Choker","Strawberry","Lee\u0027s Waffle","Ancient Tea Set","Oddly Smooth Stone"],"card_choices":[{"not_picked":["Sentinel","Hemokinesis"],"picked":"Anger","floor":1.0},{"not_picked":["Rage","Anger"],"picked":"Pommel Strike","floor":3.0},{"not_picked":["Second Wind","Cleave"],"picked":"Dropkick","floor":4.0},{"not_picked":["Sword Boomerang","Havoc"],"picked":"Spot Weakness","floor":5.0},{"not_picked":["Pommel Strike","Flex"],"picked":"Ghostly Armor","floor":6.0},{"not_picked":["Shrug It Off","Evolve"],"picked":"Demon Form","floor":7.0},{"not_picked":["Clothesline","Entrench"],"picked":"Evolve","floor":10.0},{"not_picked":["Havoc","Searing Blow"],"picked":"Reckless Charge","floor":12.0},{"not_picked":["Entrench","Hemokinesis"],"picked":"Whirlwind","floor":18.0},{"not_picked":["Headbutt","Anger"],"picked":"Shrug It Off","floor":30}],"player_experience":459012,"potions_floor_usage":[24,24,33,33],"damage_taken":[{"damage":16.0,"enemies":"Jaw Worm","floor":1.0,"turns":5.0},{"damage":0.0,"enemies":"2 Louse","floor":3.0,"turns":3.0},{"damage":1.0,"enemies":"Cultist","floor":4.0,"turns":3.0},{"damage":20.0,"enemies":"3 Louse","floor":5.0,"turns":5.0},{"damage":28.0,"enemies":"Gremlin Nob","floor":6.0,"turns":4.0},{"damage":19.0,"enemies":"Exordium Wildlife","floor":7.0,"turns":7.0},{"damage":0.0,"enemies":"Red Slaver","floor":10.0,"turns":3.0},{"damage":0.0,"enemies":"3 Louse","floor":11.0,"turns":3.0},{"damage":16.0,"enemies":"3 Sentries","floor":12.0,"turns":8.0},{"damage":2.0,"enemies":"Large Slime","floor":14.0,"turns":5.0},{"damage":49.0,"enemies":"Hexaghost","floor":16.0,"turns":9.0},{"damage":5.0,"enemies":"3 Byrds","floor":18.0,"turns":7.0},{"damage":16.0,"enemies":"Chosen","floor":20.0,"turns":5.0},{"damage":6.0,"enemies":"Sentry and Sphere","floor":22.0,"turns":4.0},{"damage":67.0,"enemies":"Book of Stabbing","floor":23.0,"turns":7.0},{"damage":23,"enemies":"3 Cultists","floor":24,"turns":6},{"damage":26,"enemies":"Chosen and Byrds","floor":27,"turns":5},{"damage":16,"enemies":"Sentry and Sphere","floor":28,"turns":5},{"damage":0,"enemies":"Snake Plant","floor":30,"turns":6},{"damage":37,"enemies":"Collector","floor":33,"turns":8}],"event_choices":[{"event_name":"Living Wall","player_choice":"Grow","floor":2.0,"damage_taken":0.0},{"event_name":"Big Fish","player_choice":"Banana","floor":13.0,"damage_taken":0.0},{"event_name":"Addict","player_choice":"Obtained Relic","floor":19.0,"damage_taken":0.0},{"event_name":"Ghosts","player_choice":"Became a Ghost","floor":29,"damage_taken":0}],"boss_relics":[],"potions_floor_spawned":[4,5,6,10,12,16,20,23,24,28],"seed_played":"-5210491990530491654","killed_by":"Collector","ascension_level":15,"is_trial":false}