{"path_per_floor":["M","?","M","M","M","E","$","E","T","R","M","?","M","T","R","B",null,"M","M","?","?","?","E","$","R","T","E","M","E","R","M","R"],"character_chosen":"IRONCLAD","items_purchased":["Bronze Scales"],"gold_per_floor":[111,186,196,207,225,257,25,55,55,55,66,66,81,149,149,226,226,226,226,226,141,141,141,41,41,41,41,41,41,41,41,41,41],"floor_reached":33,"campfire_rested":2,"playtime":1521,"current_hp_per_floor":[68,57,49,55,54,36,36,33,33,53,55,55,56,56,56,43,62,55,50,60,60,60,40,40,63,63,52,53,43,43,39,39,0],"items_purged":["Strike_R","Writhe"],"gold":41,"score":551,"play_id":"e662d58e-e7a3-4c5f-bae7-61466a46ea00","local_time":"20180411140012","is_prod":false,"is_daily":false,"chose_seed":false,"is_ascension_mode":true,"campfire_upgraded":3,"timestamp":1523469612,"path_taken":["M","?","M","M","M","E","$","E","T","R","M","?","M","?","R","BOSS","M","M","?","?","?","E","$","R","T","E","M","E","R","M","R","BOSS"],"build_version":"2018-04-10","seed_source_timestamp":671619338251548,"purchased_purges":2,"victory":false,"master_deck":["Strike_R","Strike_R","Strike_R","Defend_R","Defend_R","Defend_R+1","Defend_R","Bash+1","AscendersBane","Cleave","Shrug It Off+1","Anger","Havoc+1","Offering","Spot Weakness","Twin Strike","Exhume","True Grit","Disarm+1","Feel No Pain+1","Corruption+1"],"max_hp_per_floor":[68,68,68,68,68,68,68,68,68,68,68,68,68,68,68,68,68,68,68,78,78,78,78,78,78,78,78,78,78,78,78,78,78],"relics":["Burning Blood","Champion Belt","Anchor","Bronze Scales","Gremlin Horn","Matryoshka","Mummified Hand","War Paint","Ectoplasm","Pear","Letter Opener","Kunai","Paper Frog","Regal Pillow","Pantograph","Prayer Wheel"],"card_choices":[{"not_picked":["Dual Wield","Pommel Strike"],"picked":"Cleave","floor":1},{"not_picked":["Second Wind","Inflame"],"picked":"Shrug It Off","floor":3},{"not_picked":["Thunderclap","Perfected Strike"],"picked":"Anger","floor":4},{"not_picked":["Body Slam","Headbutt"],"picked":"Havoc","floor":5},{"not_picked":["True Grit","Twin Strike"],"picked":"Offering","floor":6},{"not_picked":["Rupture","Iron Wave"],"picked":"Spot Weakness","floor":8},{"not_picked":["Infernal Blade","Havoc"],"picked":"Twin Strike","floor":11},{"not_picked":["Berserk","Dark Embrace"],"picked":"Exhume","floor":16},{"not_picked":["Clothesline","Headbutt"],"picked":"True Grit","floor":18},{"not_picked":["Sword Boomerang","Flex"],"picked":"Disarm","floor":27},{"not_picked":["Body Slam","Havoc"],"picked":"Feel No Pain","floor":29},{"not_picked":["Sword Boomerang","Second Wind"],"picked":"Corruption","floor":31}],"player_experience":426305,"potions_floor_usage":[6,8,8,19,23,28,29,33],"damage_taken":[{"damage":4,"enemies":"Small Slimes","floor":1,"turns":4},{"damage":14,"enemies":"Jaw Worm","floor":3,"turns":4},{"damage":0,"enemies":"Cultist","floor":4,"turns":3},{"damage":7,"enemies":"Blue Slaver","floor":5,"turns":4},{"damage":24,"enemies":"Gremlin Nob","floor":6,"turns":4},{"damage":21,"enemies":"Lagavulin","floor":8,"turns":5},{"damage":4,"enemies":"2 Fungi Beasts","floor":11,"turns":2},{"damage":5,"enemies":"Large Slime","floor":13,"turns":5},{"damage":19,"enemies":"Hexaghost","floor":16,"turns":7},{"damage":13,"enemies":"Shell Parasite","floor":18,"turns":3},{"damage":11,"enemies":"Spheric Guardian","floor":19,"turns":4},{"damage":26,"enemies":"Book of Stabbing","floor":23,"turns":4},{"damage":17,"enemies":"Slavers","floor":27,"turns":4},{"damage":5,"enemies":"Centurion and Healer","floor":28,"turns":8},{"damage":16,"enemies":"Book of Stabbing","floor":29,"turns":4},{"damage":10,"enemies":"Snecko","floor":31,"turns":8},{"damage":67,"enemies":"Collector","floor":33,"turns":9}],"event_choices":[{"event_name":"World of Goop","player_choice":"Gather Gold","floor":2,"damage_taken":0},{"event_name":"Living Wall","player_choice":"Forget","floor":12,"damage_taken":0},{"event_name":"The Mausoleum","player_choice":"Yes","floor":20,"damage_taken":0},{"event_name":"Addict","player_choice":"Obtained Relic","floor":21,"damage_taken":0},{"event_name":"Drug Dealer","player_choice":"Ignored","floor":22,"damage_taken":0}],"boss_relics":[{"not_picked":["Mark of Pain","Runic Cube"],"picked":"Ectoplasm"}],"potions_floor_spawned":[1,4,5,11,16,23,27,31],"seed_played":"-3374535691839051433","killed_by":"Collector","ascension_level":15,"is_trial":false}