{"path_per_floor":["M","?","?","?","M","E","M","M","T","R","E","R","M","E","R","B",null,"M"],"character_chosen":"IRONCLAD","items_purchased":[],"gold_per_floor":[110,110,110,110,131,166,186,200,225,225,260,260,274,312,312,405,443,458,458],"floor_reached":19,"campfire_rested":0,"playtime":952,"current_hp_per_floor":[68,68,73,72,71,63,55,46,46,46,50,50,48,43,43,62,75,34,0],"items_purged":[],"gold":458,"score":459,"play_id":"ff55920d-18ba-4e19-8f5f-5a5b54607fe4","local_time":"20180411000033","is_prod":false,"is_daily":false,"chose_seed":false,"is_ascension_mode":true,"campfire_upgraded":3,"timestamp":1523419233,"path_taken":["M","?","?","?","M","E","M","M","T","R","E","R","M","E","R","BOSS","M","?"],"build_version":"2018-04-10","seed_source_timestamp":621810745316785,"purchased_purges":0,"victory":false,"master_deck":["Strike_R","Strike_R","Strike_R","Strike_R","Strike_R+1","Defend_R","Defend_R","Defend_R","Defend_R","Bash+1","AscendersBane","Iron Wave","Ghostly Armor","Hemokinesis+1","Feel No Pain+1","Havoc+1","Warcry","Headbutt+1"],"max_hp_per_floor":[75,75,80,72,72,72,72,72,72,72,72,72,72,72,72,72,77,77,77],"relics":["Runic Dome","Golden Idol","Pantograph","Whetstone","Oddly Smooth Stone","Happy Flower","Tiny House"],"card_choices":[{"not_picked":["Battle Trance","Cleave"],"picked":"Iron Wave","floor":1},{"not_picked":["Body Slam","Havoc"],"picked":"Ghostly Armor","floor":5},{"not_picked":["Body Slam","Armaments"],"picked":"Hemokinesis","floor":6},{"not_picked":["Ghostly Armor","Dropkick"],"picked":"Feel No Pain","floor":7},{"not_picked":["Cleave","Twin Strike"],"picked":"Havoc","floor":8},{"not_picked":["Pommel Strike","Clash"],"picked":"Warcry","floor":11},{"not_picked":["Flex","Corruption"],"picked":"Headbutt","floor":13}],"player_experience":421581,"potions_floor_usage":[6,6,11,11,16,19,19,19],"damage_taken":[{"damage":0,"enemies":"Small Slimes","floor":1,"turns":3},{"damage":1,"enemies":"Cultist","floor":5,"turns":3},{"damage":8,"enemies":"3 Sentries","floor":6,"turns":8},{"damage":8,"enemies":"2 Louse","floor":7,"turns":4},{"damage":9,"enemies":"Looter","floor":8,"turns":2},{"damage":2,"enemies":"Gremlin Nob","floor":11,"turns":3},{"damage":2,"enemies":"3 Louse","floor":13,"turns":4},{"damage":5,"enemies":"Lagavulin","floor":14,"turns":7},{"damage":6,"enemies":"Slime Boss","floor":16,"turns":4},{"damage":41,"enemies":"Chosen","floor":18,"turns":7},{"damage":38,"enemies":"Masked Bandits","floor":19,"turns":5}],"event_choices":[{"event_name":"The Lab","player_choice":"Got Potions","floor":2,"damage_taken":0},{"event_name":"Big Fish","player_choice":"Donut","floor":3,"damage_taken":0},{"event_name":"Golden Idol","player_choice":"Lose Max HP","floor":4,"damage_taken":0},{"event_name":"Masked Bandits","player_choice":"Fought over 458 gold","floor":19,"damage_taken":0}],"boss_relics":[{"not_picked":["Velvet Choker","Philosopher\u0027s Stone"],"picked":"Tiny House"}],"potions_floor_spawned":[1,7,8,13,16],"seed_played":"436149285633225175","killed_by":"Masked Bandits","ascension_level":15,"is_trial":false}