{"path_per_floor":["M","M","M","?","?","E","?","R","T","E","M","R","$","M","R","B",null,"M","?","$","?","?"],"character_chosen":"IRONCLAD","items_purchased":["Unceasing Top","Corruption"],"gold_per_floor":[118,135,148,148,148,182,432,432,479,511,530,530,81,94,94,165,165,175,175,75,75,0,0],"floor_reached":23,"campfire_rested":0,"playtime":1094,"current_hp_per_floor":[72,70,72,72,72,67,67,67,74,60,55,55,55,54,54,50,74,65,41,41,41,41,0],"items_purged":["Strike_R","Strike_R"],"gold":0,"score":371,"play_id":"ad008c15-9f2e-4355-a772-323dcc34814e","local_time":"20180411231034","is_prod":false,"is_daily":false,"chose_seed":false,"is_ascension_mode":true,"campfire_upgraded":3,"timestamp":1523502634,"path_taken":["M","M","M","?","?","E","?","R","T","E","M","R","$","M","R","BOSS","M","?","$","?","?","E"],"build_version":"2018-04-10","seed_source_timestamp":21787466333672,"purchased_purges":4,"victory":false,"master_deck":["Defend_R","Defend_R","Defend_R","Defend_R","Bash+1","AscendersBane","Metallicize+1","Flame Barrier","Anger","Armaments+1","True Grit","Spot Weakness","Corruption","Flex","Ghostly","Ghostly","Ghostly","Ghostly","Ghostly"],"max_hp_per_floor":[75,75,75,75,75,75,75,75,82,82,82,82,82,82,82,82,82,82,41,41,41,41,41],"relics":["Burning Blood","Omamori","Strawberry","Regal Pillow","Unceasing Top","Philosopher\u0027s Stone"],"card_choices":[{"not_picked":["True Grit","Fire Breathing"],"picked":"Metallicize","floor":1},{"not_picked":["Inflame","Headbutt"],"picked":"Flame Barrier","floor":2},{"not_picked":["Power Through","Headbutt"],"picked":"Anger","floor":3},{"not_picked":["Pommel Strike","Juggernaut"],"picked":"Armaments","floor":6},{"not_picked":["Reckless Charge","Headbutt"],"picked":"True Grit","floor":10},{"not_picked":["Cleave","Flex"],"picked":"Spot Weakness","floor":11},{"not_picked":["Reckless Charge","Thunderclap"],"picked":"Flex","floor":14}],"player_experience":437110,"potions_floor_usage":[6,10,16],"damage_taken":[{"damage":2,"enemies":"2 Louse","floor":1,"turns":4},{"damage":8,"enemies":"Cultist","floor":2,"turns":5},{"damage":4,"enemies":"Small Slimes","floor":3,"turns":5},{"damage":11,"enemies":"3 Sentries","floor":6,"turns":9},{"damage":20,"enemies":"Lagavulin","floor":10,"turns":9},{"damage":11,"enemies":"Looter","floor":11,"turns":3},{"damage":7,"enemies":"Large Slime","floor":14,"turns":6},{"damage":22,"enemies":"Slime Boss","floor":16,"turns":11},{"damage":15,"enemies":"Shell Parasite","floor":18,"turns":7},{"damage":43,"enemies":"Book of Stabbing","floor":23,"turns":7}],"event_choices":[{"event_name":"Bonfire Elementals","player_choice":"BASIC","floor":4,"damage_taken":0},{"event_name":"Purifier","player_choice":"One Purge","floor":5,"damage_taken":0},{"event_name":"Golden Shrine","player_choice":"Desecrate","floor":7,"damage_taken":0},{"event_name":"Ghosts","player_choice":"Became a Ghost","floor":19,"damage_taken":0},{"event_name":"Vampires","player_choice":"Ignored","floor":21,"damage_taken":0},{"event_name":"Beggar","player_choice":"Gave Gold","floor":22,"damage_taken":0}],"boss_relics":[{"not_picked":["Black Star","Snecko Eye"],"picked":"Philosopher\u0027s Stone"}],"potions_floor_spawned":[2,3,10],"seed_played":"-8730413640848862872","killed_by":"Book of Stabbing","ascension_level":15,"is_trial":false}