{"path_per_floor":["M","?","$","T","?","R","M","R","T","E","M","M","E","M","R","B",null,"M","M","$","M","?","R","?","E","T","R","M","E","M","M","R"],"character_chosen":"IRONCLAD","items_purchased":["Flame Barrier","Pen Nib"],"gold_per_floor":[113,113,3,3,3,3,17,17,17,49,63,80,109,129,129,208,208,220,230,32,49,49,49,49,74,98,98,109,141,158,173,173,173],"floor_reached":33,"campfire_rested":3,"playtime":1688,"current_hp_per_floor":[65,58,58,58,58,58,64,64,64,50,55,53,46,49,71,20,61,70,68,68,58,36,60,60,60,60,60,69,76,55,59,87,0],"items_purged":["Strike_R","Strike_R"],"gold":173,"score":545,"play_id":"a320795f-ca7c-473d-9272-ea0a27ec683e","local_time":"20180411133419","is_prod":false,"is_daily":false,"chose_seed":false,"is_ascension_mode":true,"campfire_upgraded":3,"timestamp":1523468059,"path_taken":["M","?","$","?","?","R","M","R","T","E","M","?","E","?","R","BOSS","M","M","$","M","?","R","?","E","T","R","M","E","M","M","R","BOSS"],"build_version":"2018-04-10","seed_source_timestamp":0,"purchased_purges":2,"victory":false,"master_deck":["Strike_R+1","Strike_R","Defend_R","Defend_R","Defend_R","Defend_R","Bash+1","AscendersBane","Whirlwind+1","Flame Barrier","Clothesline","Headbutt+1","Body Slam","Shrug It Off","Inflame","Feed","Armaments","Writhe","Disarm+1","Battle Trance"],"max_hp_per_floor":[75,75,75,75,75,75,75,75,75,75,75,75,75,75,75,75,75,78,78,78,78,83,83,83,86,86,86,89,92,92,95,95,95],"relics":["Burning Blood","Bag of Preparation","Smiling Mask","Lantern","Happy Flower","Sozu","Pen Nib","Art of War","Kunai","Whetstone","Ornamental Fan"],"card_choices":[{"not_picked":["Anger","Havoc"],"picked":"Whirlwind","floor":1.0},{"not_picked":["Clash","Sever Soul"],"picked":"Clothesline","floor":7.0},{"not_picked":["Wild Strike","Rage"],"picked":"Headbutt","floor":10.0},{"not_picked":["Rupture","Immolate"],"picked":"Body Slam","floor":11.0},{"not_picked":["Clothesline","Anger"],"picked":"Shrug It Off","floor":12.0},{"not_picked":["Fire Breathing","Anger"],"picked":"Inflame","floor":14.0},{"not_picked":["Impervious","Fiend Fire"],"picked":"Feed","floor":16.0},{"not_picked":["Body Slam","Pummel"],"picked":"Armaments","floor":19.0},{"not_picked":["Feed","Pommel Strike"],"picked":"Disarm","floor":25},{"not_picked":["Carnage","Reckless Charge"],"picked":"Battle Trance","floor":30}],"player_experience":424617,"potions_floor_usage":[],"damage_taken":[{"damage":9.0,"enemies":"Jaw Worm","floor":1.0,"turns":9.0},{"damage":0.0,"enemies":"2 Louse","floor":7.0,"turns":1.0},{"damage":20.0,"enemies":"Lagavulin","floor":10.0,"turns":6.0},{"damage":1.0,"enemies":"Cultist","floor":11.0,"turns":3.0},{"damage":8.0,"enemies":"Exordium Thugs","floor":12.0,"turns":4.0},{"damage":13.0,"enemies":"Gremlin Nob","floor":13.0,"turns":4.0},{"damage":3.0,"enemies":"Blue Slaver","floor":14.0,"turns":3.0},{"damage":57.0,"enemies":"Hexaghost","floor":16.0,"turns":14.0},{"damage":0.0,"enemies":"3 Byrds","floor":18.0,"turns":2.0},{"damage":8.0,"enemies":"Shell Parasite","floor":19.0,"turns":6.0},{"damage":16,"enemies":"Snake Plant","floor":21,"turns":5},{"damage":9,"enemies":"Gremlin Leader","floor":25,"turns":6},{"damage":0,"enemies":"Snecko","floor":28,"turns":4},{"damage":2,"enemies":"Book of Stabbing","floor":29,"turns":6},{"damage":27,"enemies":"Sentry and Sphere","floor":30,"turns":5},{"damage":5,"enemies":"3 Cultists","floor":31,"turns":5},{"damage":87,"enemies":"Collector","floor":33,"turns":8}],"event_choices":[{"event_name":"Golden Wing","player_choice":"Card Removal","floor":2.0,"damage_taken":0.0},{"event_name":"The Cleric","player_choice":"Leave","floor":5.0,"damage_taken":0.0},{"event_name":"Forgotten Altar","player_choice":"Shed Blood","floor":22,"damage_taken":0},{"event_name":"The Mausoleum","player_choice":"Yes","floor":24,"damage_taken":0}],"boss_relics":[],"potions_floor_spawned":[1,7,10,13,18,25,30],"seed_played":"993839264674336843","killed_by":"Collector","ascension_level":15,"is_trial":false}