{"path_per_floor":["M","M","?","M","$","E","R","E","T","M","R","?","R","M","R","B",null,"M","M","?","?","M","M"],"character_chosen":"IRONCLAD","items_purchased":[],"gold_per_floor":[110,120,120,133,58,84,84,110,110,130,130,130,130,141,141,220,220,175,175,175,175,175,175,175],"floor_reached":24,"campfire_rested":2,"playtime":844,"current_hp_per_floor":[67,60,37,37,37,17,39,31,31,28,50,50,50,48,48,48,68,55,53,53,53,45,31,0],"items_purged":["Strike_R"],"gold":175,"score":364,"play_id":"4b1ad633-cd99-43d9-93be-0a93db117d47","local_time":"20180414011611","is_prod":false,"is_daily":false,"chose_seed":false,"is_ascension_mode":true,"campfire_upgraded":2,"timestamp":1523682971,"path_taken":["M","M","?","?","$","E","R","E","T","?","R","?","R","M","R","BOSS","M","?","?","?","M","M","E"],"build_version":"2018-04-13","seed_source_timestamp":202379127470333,"purchased_purges":1,"victory":false,"master_deck":["Strike_R+1","Strike_R+1","Defend_R","Defend_R","Defend_R","Defend_R","Bash+1","AscendersBane","Pommel Strike","Cleave","True Grit+1","Offering","Bludgeon","Feel No Pain","Evolve","Shockwave+1"],"max_hp_per_floor":[75,75,75,75,75,75,75,75,75,75,75,75,75,75,75,75,75,75,75,75,75,75,75,75],"relics":["Velvet Choker","Vajra","Orichalcum","Red Skull","Ectoplasm"],"card_choices":[{"not_picked":["Sword Boomerang","Warcry"],"picked":"Pommel Strike","floor":1},{"not_picked":["Flex","Blood for Blood"],"picked":"Cleave","floor":2},{"not_picked":["Reckless Charge","Headbutt"],"picked":"True Grit","floor":4},{"not_picked":["Spot Weakness","Whirlwind"],"picked":"Offering","floor":6},{"not_picked":["Brutality","Juggernaut"],"picked":"Bludgeon","floor":16},{"not_picked":["Anger","Havoc"],"picked":"Feel No Pain","floor":19},{"not_picked":["Sword Boomerang","Rupture"],"picked":"Evolve","floor":22},{"not_picked":["Entrench","Whirlwind"],"picked":"Shockwave","floor":23}],"player_experience":461050,"potions_floor_usage":[6,16,16,23,24],"damage_taken":[{"damage":1,"enemies":"Small Slimes","floor":1,"turns":3},{"damage":7,"enemies":"Jaw Worm","floor":2,"turns":3},{"damage":0,"enemies":"Cultist","floor":4,"turns":3},{"damage":20,"enemies":"Lagavulin","floor":6,"turns":6},{"damage":8,"enemies":"3 Sentries","floor":8,"turns":5},{"damage":3,"enemies":"Lots of Slimes","floor":10,"turns":3},{"damage":2,"enemies":"Large Slime","floor":14,"turns":4},{"damage":12,"enemies":"Hexaghost","floor":16,"turns":9},{"damage":13,"enemies":"2 Thieves","floor":18,"turns":3},{"damage":2,"enemies":"Spheric Guardian","floor":19,"turns":3},{"damage":8,"enemies":"Snecko","floor":22,"turns":3},{"damage":14,"enemies":"Snake Plant","floor":23,"turns":2},{"damage":32,"enemies":"Slavers","floor":24,"turns":2}],"event_choices":[{"event_name":"Shining Light","player_choice":"Entered Light","floor":3,"damage_taken":0},{"event_name":"Living Wall","player_choice":"Forget","floor":12,"damage_taken":0},{"event_name":"Ghosts","player_choice":"Ignored","floor":20,"damage_taken":0},{"event_name":"Back to Basics","player_choice":"Elegance","floor":21,"damage_taken":0}],"boss_relics":[{"not_picked":["Runic Dome","Cursed Key"],"picked":"Ectoplasm"}],"potions_floor_spawned":[4,6,10,18,19],"seed_played":"-8220894126323243822","killed_by":"Slavers","ascension_level":15,"is_trial":false}