{"path_per_floor":["M","M","?","M","M","R","E","R","T","M","E","R","M","E","R","B",null,"M","M","?"],"character_chosen":"IRONCLAD","items_purchased":[],"gold_per_floor":[111,128,203,214,225,225,256,256,256,268,296,296,316,349,349,422,422,422,422,422,422],"floor_reached":21,"campfire_rested":3,"playtime":1203,"current_hp_per_floor":[68,68,57,54,49,49,8,28,28,31,12,32,38,21,41,15,55,57,42,11,0],"items_purged":[],"gold":422,"score":352,"play_id":"03581bd1-0133-4033-b074-d4613ef0a0b0","local_time":"20180410131340","is_prod":false,"is_daily":false,"chose_seed":false,"is_ascension_mode":true,"campfire_upgraded":1,"timestamp":1523380420,"path_taken":["M","?","?","M","M","R","E","R","T","M","E","R","M","E","R","BOSS","M","M","?","M"],"build_version":"2018-04-10","seed_source_timestamp":582742346686422,"purchased_purges":0,"victory":false,"master_deck":["Strike_R","Strike_R","Strike_R","Strike_R","Strike_R","Defend_R","Defend_R","Defend_R","Defend_R","Bash+1","AscendersBane","Clash","Anger","Spot Weakness","Shrug It Off","Inflame","Havoc","Impervious","Clash+1"],"max_hp_per_floor":[68,68,68,68,68,68,68,68,68,68,68,68,68,68,68,68,68,68,68,68,68],"relics":["Burning Blood","Unceasing Top","Dream Catcher","Centennial Puzzle","Letter Opener","Peace Pipe","Ectoplasm","Red Mask"],"card_choices":[{"not_picked":["Heavy Blade","True Grit"],"picked":"Clash","floor":4},{"not_picked":["Body Slam","Clash"],"picked":"Anger","floor":8},{"not_picked":["Thunderclap","Reaper"],"picked":"Spot Weakness","floor":10},{"not_picked":["Warcry","Headbutt"],"picked":"Shrug It Off","floor":13},{"not_picked":["Wild Strike","Perfected Strike"],"picked":"Inflame","floor":14},{"not_picked":["Wild Strike","Thunderclap"],"picked":"Havoc","floor":15},{"not_picked":["Juggernaut","Barricade"],"picked":"Impervious","floor":16},{"not_picked":["Ghostly Armor","Intimidate"],"picked":"Clash","floor":20}],"player_experience":408779,"potions_floor_usage":[11,14,14,16,18,20],"damage_taken":[{"damage":6,"enemies":"Cultist","floor":1,"turns":5},{"damage":3,"enemies":"2 Louse","floor":2,"turns":4},{"damage":9,"enemies":"Jaw Worm","floor":4,"turns":5},{"damage":11,"enemies":"Exordium Thugs","floor":5,"turns":6},{"damage":47,"enemies":"3 Sentries","floor":7,"turns":16},{"damage":3,"enemies":"Blue Slaver","floor":10,"turns":3},{"damage":25,"enemies":"Lagavulin","floor":11,"turns":5},{"damage":0,"enemies":"Large Slime","floor":13,"turns":5},{"damage":23,"enemies":"Gremlin Nob","floor":14,"turns":4},{"damage":32,"enemies":"The Guardian","floor":16,"turns":11},{"damage":4,"enemies":"Shell Parasite","floor":18,"turns":4},{"damage":21,"enemies":"Spheric Guardian","floor":19,"turns":6},{"damage":37,"enemies":"Masked Bandits","floor":20,"turns":6},{"damage":21,"enemies":"Slaver and Parasite","floor":21,"turns":4}],"event_choices":[{"event_name":"World of Goop","player_choice":"Gather Gold","floor":3,"damage_taken":0},{"event_name":"Masked Bandits","player_choice":"Fought over 422 gold","floor":20,"damage_taken":0}],"boss_relics":[{"not_picked":["Tiny House","Calling Bell"],"picked":"Ectoplasm"}],"potions_floor_spawned":[5,7,11,13,16,19],"seed_played":"-32983619430636053","killed_by":"Slaver and Parasite","ascension_level":15,"is_trial":false}