{"path_per_floor":["M","?","$","M","M","E","M","R","T","M","M","R","E","?","R"],"character_chosen":"IRONCLAD","items_purchased":["Gambling Chip"],"gold_per_floor":[364,364,54,69,83,115,135,135,158,174,194,194,222,251,251,251],"floor_reached":16,"campfire_rested":2,"playtime":957,"current_hp_per_floor":[64,64,64,60,66,23,8,28,28,34,40,40,40,32,52,0],"items_purged":[],"gold":251,"score":196,"play_id":"87d91281-85e4-4646-84c5-820b521eba8c","local_time":"20180414092710","is_prod":false,"is_daily":false,"chose_seed":false,"is_ascension_mode":true,"campfire_upgraded":1,"timestamp":1523712430,"path_taken":["M","?","$","?","M","E","M","R","T","?","M","R","E","?","R","BOSS"],"build_version":"2018-04-13","seed_source_timestamp":231728044973526,"purchased_purges":0,"victory":false,"master_deck":["Strike_R","Strike_R","Strike_R","Strike_R","Defend_R","Defend_R","Defend_R","Defend_R","Bash+1","AscendersBane","Clothesline","Metallicize","Shrug It Off","Evolve","Havoc","Pommel Strike","Carnage","Reaper","Feel No Pain"],"max_hp_per_floor":[68,68,68,68,68,68,68,68,68,68,68,68,68,68,68,68],"relics":["Burning Blood","Gambling Chip","Bottled Tornado","Happy Flower","Blue Candle","Odd Mushroom"],"card_choices":[{"not_picked":["Evolve","Blood for Blood"],"picked":"Clothesline","floor":1},{"not_picked":["Armaments","Perfected Strike"],"picked":"Metallicize","floor":4},{"not_picked":["Armaments","Clothesline"],"picked":"Shrug It Off","floor":5},{"not_picked":["Wild Strike","Pummel"],"picked":"Evolve","floor":6},{"not_picked":["Sentinel","Clothesline"],"picked":"Havoc","floor":7},{"not_picked":["Corruption","Headbutt"],"picked":"Pommel Strike","floor":10},{"not_picked":["Corruption","Headbutt"],"picked":"Carnage","floor":11},{"not_picked":["Body Slam","True Grit"],"picked":"Reaper","floor":13},{"not_picked":["Clash","Body Slam"],"picked":"Feel No Pain","floor":14}],"player_experience":464679,"potions_floor_usage":[16],"damage_taken":[{"damage":10,"enemies":"Small Slimes","floor":1,"turns":5},{"damage":10,"enemies":"Jaw Worm","floor":4,"turns":6},{"damage":0,"enemies":"Cultist","floor":5,"turns":4},{"damage":49,"enemies":"Lagavulin","floor":6,"turns":9},{"damage":21,"enemies":"Lots of Slimes","floor":7,"turns":7},{"damage":0,"enemies":"Red Slaver","floor":10,"turns":6},{"damage":0,"enemies":"Blue Slaver","floor":11,"turns":6},{"damage":6,"enemies":"3 Sentries","floor":13,"turns":9},{"damage":26,"enemies":"The Mushroom Lair","floor":14,"turns":6},{"damage":54,"enemies":"Hexaghost","floor":16,"turns":11}],"event_choices":[{"event_name":"Living Wall","player_choice":"Forget","floor":2,"damage_taken":0},{"event_name":"Mushrooms","player_choice":"Fought Mushrooms","floor":14,"damage_taken":0}],"boss_relics":[],"potions_floor_spawned":[1,7,13],"seed_played":"2082123672013989756","killed_by":"Hexaghost","ascension_level":15,"is_trial":false}