{"path_per_floor":["M","?","$","?","M","E","M","E","T","R","E","R","E","M","R","B",null,"M","?","M","$","M"],"character_chosen":"IRONCLAD","items_purchased":["Impervious"],"gold_per_floor":[113,113,38,38,50,85,99,134,161,161,188,188,214,226,226,299,299,313,313,329,80,97,97],"floor_reached":23,"campfire_rested":2,"playtime":1845,"current_hp_per_floor":[86,86,86,86,82,39,44,38,38,38,13,39,30,25,52,42,79,85,85,83,83,86,0],"items_purged":["Doubt","Flex"],"gold":97,"score":383,"play_id":"1673e6df-195c-4b01-b7bb-28911fa62333","local_time":"20180419130430","is_prod":false,"is_daily":false,"chose_seed":false,"is_ascension_mode":true,"campfire_upgraded":1,"timestamp":1524157470,"path_taken":["M","?","$","?","M","E","M","E","T","R","E","R","E","?","R","BOSS","M","?","M","$","M","E"],"build_version":"2018-04-18","seed_source_timestamp":675900018988101,"purchased_purges":2,"victory":false,"master_deck":["Strike_R","Strike_R","Strike_R","Strike_R","Strike_R","Defend_R","Defend_R","Defend_R","Defend_R","Bash","AscendersBane","Feel No Pain+1","Double Tap","Shockwave","Offering","Evolve","Reckless Charge","Demon Form","Power Through","Impervious","Shockwave"],"max_hp_per_floor":[89,89,89,89,89,89,89,89,89,89,89,89,89,91,91,91,91,93,93,93,93,93,93],"relics":["Burning Blood","Art of War","Blood Vial","Oddly Smooth Stone","Singing Bowl","Pantograph","Snecko Eye"],"card_choices":[{"not_picked":["Metallicize","Wild Strike"],"picked":"Feel No Pain","floor":1},{"not_picked":["Searing Blow","Wild Strike"],"picked":"Shockwave","floor":5},{"not_picked":["Fire Breathing","Headbutt"],"picked":"Flex","floor":7},{"not_picked":["Feel No Pain","Fiend Fire"],"picked":"Offering","floor":8},{"not_picked":["Flex","Headbutt"],"picked":"Evolve","floor":11},{"not_picked":["Entrench","Evolve"],"picked":"Reckless Charge","floor":13},{"not_picked":["Berserk","Barricade"],"picked":"Demon Form","floor":16},{"not_picked":["Rampage","Shrug It Off"],"picked":"Power Through","floor":20},{"not_picked":["Rampage","Body Slam"],"picked":"Shockwave","floor":22}],"player_experience":515859,"potions_floor_usage":[8,16,23],"damage_taken":[{"damage":2,"enemies":"2 Louse","floor":1,"turns":3},{"damage":10,"enemies":"Jaw Worm","floor":5,"turns":4},{"damage":49,"enemies":"Lagavulin","floor":6,"turns":10},{"damage":1,"enemies":"Small Slimes","floor":7,"turns":4},{"damage":12,"enemies":"3 Sentries","floor":8,"turns":13},{"damage":33,"enemies":"Gremlin Nob","floor":11,"turns":5},{"damage":17,"enemies":"3 Sentries","floor":13,"turns":6},{"damage":15,"enemies":"Looter","floor":14,"turns":4},{"damage":43,"enemies":"Slime Boss","floor":16,"turns":14},{"damage":4,"enemies":"3 Byrds","floor":18,"turns":6},{"damage":10,"enemies":"Spheric Guardian","floor":20,"turns":3},{"damage":5,"enemies":"Centurion and Healer","floor":22,"turns":5},{"damage":111,"enemies":"Gremlin Leader","floor":23,"turns":12}],"event_choices":[{"event_name":"Liars Game","player_choice":"disagreed","floor":2,"damage_taken":0},{"event_name":"Match and Keep!","player_choice":"1 cards matched","floor":4,"damage_taken":0},{"event_name":"N\u0027loth","player_choice":"Ignored","floor":19,"damage_taken":0}],"boss_relics":[{"not_picked":["Astrolabe","Runic Pyramid"],"picked":"Snecko Eye"}],"potions_floor_spawned":[1,5,6,18],"seed_played":"-153991174568584589","killed_by":"Gremlin Leader","ascension_level":15,"is_trial":false}