{"path_per_floor":["M","M","M","$","?","E","M","R","T","M","R","E","?","M","R"],"character_chosen":"IRONCLAD","items_purchased":[],"gold_per_floor":[115,133,152,77,2,32,44,44,118,132,132,166,166,186,186,186],"floor_reached":16,"campfire_rested":0,"playtime":685,"current_hp_per_floor":[68,64,68,68,68,32,14,14,14,17,17,21,14,27,27,0],"items_purged":["Defend_R"],"gold":186,"score":196,"play_id":"239b8306-96ee-4e46-bfd5-1aad2fa70160","local_time":"20180419153347","is_prod":false,"is_daily":false,"chose_seed":false,"is_ascension_mode":true,"campfire_upgraded":2,"timestamp":1524166427,"path_taken":["M","M","M","$","?","E","M","R","T","?","R","E","?","?","R","BOSS"],"build_version":"2018-04-18","seed_source_timestamp":0,"purchased_purges":1,"victory":false,"master_deck":["Strike_R","Strike_R","Defend_R","Defend_R","Bash","AscendersBane","Body Slam+1","Flame Barrier","Spot Weakness","Reaper","Rampage","Headbutt","Armaments+1","Shockwave"],"max_hp_per_floor":[68,68,68,68,68,68,68,68,68,68,68,68,68,68,68,68],"relics":["Burning Blood","Girya","Blue Candle","Dream Catcher"],"card_choices":[{"not_picked":["Clothesline","Clash"],"picked":"Body Slam","floor":1},{"not_picked":["Clothesline","Pummel"],"picked":"Flame Barrier","floor":2},{"not_picked":["Warcry","Heavy Blade"],"picked":"Spot Weakness","floor":3},{"not_picked":["Entrench","Searing Blow"],"picked":"Reaper","floor":6},{"not_picked":["Burning Pact","Heavy Blade"],"picked":"Rampage","floor":7},{"not_picked":["Havoc","Flame Barrier"],"picked":"Headbutt","floor":10},{"not_picked":["Dual Wield","Warcry"],"picked":"Armaments","floor":12},{"not_picked":["Sentinel","Spot Weakness"],"picked":"Shockwave","floor":14}],"player_experience":517704,"potions_floor_usage":[6,12,12,16,16],"damage_taken":[{"damage":1,"enemies":"Cultist","floor":1,"turns":3},{"damage":10,"enemies":"Small Slimes","floor":2,"turns":4},{"damage":2,"enemies":"Jaw Worm","floor":3,"turns":3},{"damage":42,"enemies":"Gremlin Nob","floor":6,"turns":6},{"damage":38,"enemies":"Exordium Thugs","floor":7,"turns":8},{"damage":3,"enemies":"Blue Slaver","floor":10,"turns":4},{"damage":12,"enemies":"3 Sentries","floor":12,"turns":8},{"damage":8,"enemies":"3 Louse","floor":14,"turns":4},{"damage":28,"enemies":"The Guardian","floor":16,"turns":2}],"event_choices":[{"event_name":"The Cleric","player_choice":"Card Removal","floor":5,"damage_taken":0},{"event_name":"Golden Wing","player_choice":"Card Removal","floor":13,"damage_taken":0}],"boss_relics":[],"potions_floor_spawned":[2,3,10,12,14],"seed_played":"8188520895702804848","killed_by":"The Guardian","ascension_level":15,"is_trial":false}