{"path_per_floor":["M","M","?","T","M","E","R","M","T","M","$","R","E","M","R","B",null,"M","?","?","M","M","R","E","R","T","M","E","R","E","$","R","B",null,"M","$","?","M","M","R","E","M","T","R","M","M","M","?","R"],"character_chosen":"IRONCLAD","items_purchased":["Blind"],"gold_per_floor":[11,30,30,30,50,78,78,98,98,110,11,11,44,62,62,137,137,148,148,48,58,75,75,106,106,155,175,206,206,232,157,157,232,232,249,149,0,10,20,20,55,75,75,75,92,112,131,131,131,131],"floor_reached":50,"campfire_rested":4,"playtime":3466,"current_hp_per_floor":[74,74,74,74,75,26,48,52,52,60,60,60,55,55,55,16,60,64,64,64,68,65,65,63,63,63,42,39,64,62,62,85,64,80,85,85,85,62,56,81,73,81,81,81,85,82,82,82,82,0],"items_purged":["Doubt","Defend_R"],"gold":131,"score":1002,"play_id":"8f11f004-3fc3-4906-b6a7-a55926c4e72f","local_time":"20180417213607","is_prod":false,"is_daily":false,"chose_seed":false,"is_ascension_mode":true,"campfire_upgraded":6,"timestamp":1524015367,"path_taken":["M","M","?","?","?","E","R","M","T","M","$","R","E","M","R","BOSS","M","?","?","M","M","R","E","R","T","?","E","R","E","$","R","BOSS","M","$","?","?","M","R","E","M","T","R","M","M","M","?","R","BOSS"],"build_version":"2018-04-16","seed_source_timestamp":0,"purchased_purges":4,"victory":false,"master_deck":["Strike_R","Strike_R","Strike_R","Defend_R","Defend_R","Bash","AscendersBane","Perfected Strike","Shockwave","Armaments+1","Shrug It Off","Feel No Pain+1","Havoc","Double Tap","Feel No Pain","Blind+1","Barricade+1","Perfected Strike","Offering","Warcry+1","Pommel Strike","J.A.X.","True Grit+1","Perfected Strike","Twin Strike","Infernal Blade","Feed","Perfected Strike","Body Slam+1","Wild Strike+1","Havoc","True Grit","Infernal Blade+1","Armaments+1","Parasite","Shrug It Off","Armaments+1","Metallicize","Master of Strategy"],"max_hp_per_floor":[75,75,75,75,75,75,75,75,75,75,75,75,75,75,75,75,75,75,75,75,75,75,75,85,85,85,85,85,85,85,85,85,85,85,85,85,85,85,85,85,85,85,85,85,85,85,85,85,85,85],"relics":["Burning Blood","Anchor","Blood Vial","Kunai","Bag of Marbles","Cursed Key","Pear","Ancient Tea Set","Happy Flower","Art of War","Orrery","Red Mask","Vajra","Omamori"],"card_choices":[{"not_picked":["Hemokinesis","Iron Wave"],"picked":"Armaments","floor":1.0},{"not_picked":["Armaments","Thunderclap"],"picked":"Shrug It Off","floor":2.0},{"not_picked":["Sword Boomerang","Thunderclap"],"picked":"Feel No Pain","floor":5.0},{"not_picked":["Wild Strike","Headbutt"],"picked":"Havoc","floor":6.0},{"not_picked":["Pummel","Flex"],"picked":"Double Tap","floor":8.0},{"not_picked":["Hemokinesis","Heavy Blade"],"picked":"Feel No Pain","floor":10},{"not_picked":["Cleave","Headbutt"],"picked":"Barricade","floor":13},{"not_picked":["Cleave","True Grit"],"picked":"Perfected Strike","floor":14},{"not_picked":["Feed","Barricade"],"picked":"Offering","floor":16},{"not_picked":["Inflame","Shrug It Off"],"picked":"Warcry","floor":18},{"not_picked":["Dropkick","Evolve"],"picked":"True Grit","floor":22},{"not_picked":["Flex","Twin Strike"],"picked":"Perfected Strike","floor":24},{"not_picked":["Iron Wave","Combust"],"picked":"Twin Strike","floor":28},{"not_picked":["Headbutt","Demon Form"],"picked":"Infernal Blade","floor":30},{"not_picked":["Berserk","Brutality"],"picked":"Feed","floor":33},{"not_picked":["Twin Strike","Heavy Blade"],"picked":"Perfected Strike","floor":34},{"not_picked":["Shrug It Off","Iron Wave"],"picked":"Body Slam","floor":34},{"not_picked":["Body Slam","Thunderclap"],"picked":"Wild Strike","floor":34},{"not_picked":["Inflame","Warcry"],"picked":"Havoc","floor":34},{"not_picked":["Body Slam","Second Wind"],"picked":"True Grit","floor":35},{"not_picked":["Flex","Blood for Blood"],"picked":"Infernal Blade","floor":38},{"not_picked":["Dropkick","Double Tap"],"picked":"Armaments","floor":41},{"not_picked":["Flex","Rampage"],"picked":"Shrug It Off","floor":45},{"not_picked":["Brutality","Anger"],"picked":"Armaments","floor":46},{"not_picked":["Havoc","Warcry"],"picked":"Metallicize","floor":47},{"not_picked":["Panacea","Mind Blast"],"picked":"Master of Strategy","floor":48}],"player_experience":498061,"potions_floor_usage":[13,16,16,22,24,28,30,42,47,50,50],"damage_taken":[{"damage":0.0,"enemies":"Small Slimes","floor":1.0,"turns":3.0},{"damage":6.0,"enemies":"Cultist","floor":2.0,"turns":4.0},{"damage":0.0,"enemies":"2 Louse","floor":5.0,"turns":3.0},{"damage":55.0,"enemies":"Gremlin Nob","floor":6.0,"turns":6.0},{"damage":4.0,"enemies":"Exordium Wildlife","floor":8.0,"turns":7.0},{"damage":0,"enemies":"Red Slaver","floor":10,"turns":4},{"damage":13,"enemies":"Lagavulin","floor":13,"turns":11},{"damage":8,"enemies":"Looter","floor":14,"turns":4},{"damage":47,"enemies":"Slime Boss","floor":16,"turns":16},{"damage":4,"enemies":"Shell Parasite","floor":18,"turns":5},{"damage":4,"enemies":"3 Byrds","floor":21,"turns":7},{"damage":11,"enemies":"Slaver and Parasite","floor":22,"turns":5},{"damage":20,"enemies":"Book of Stabbing","floor":24,"turns":4},{"damage":29,"enemies":"Sentry and Sphere","floor":27,"turns":6},{"damage":11,"enemies":"Gremlin Leader","floor":28,"turns":9},{"damage":10,"enemies":"Slavers","floor":30,"turns":6},{"damage":27,"enemies":"Automaton","floor":33,"turns":12},{"damage":0,"enemies":"Orb Walker","floor":35,"turns":1},{"damage":29,"enemies":"3 Darklings","floor":38,"turns":6},{"damage":14,"enemies":"Sphere and 2 Shapes","floor":39,"turns":3},{"damage":16,"enemies":"2 Orb Walkers","floor":41,"turns":4},{"damage":0,"enemies":"4 Shapes","floor":42,"turns":8},{"damage":0,"enemies":"Flame Bruiser 2 Orb","floor":45,"turns":2},{"damage":9,"enemies":"3 Darklings","floor":46,"turns":3},{"damage":8,"enemies":"Spire Growth","floor":47,"turns":4},{"damage":96,"enemies":"Donu and Deca","floor":50,"turns":6}],"event_choices":[{"event_name":"Purifier","player_choice":"One Purge","floor":3.0,"damage_taken":0.0},{"event_name":"The Library","player_choice":"Read","floor":19,"damage_taken":0},{"event_name":"Drug Dealer","player_choice":"Got JAXXED","floor":20,"damage_taken":0},{"event_name":"Tomb of Lord Red Mask","player_choice":"Paid","floor":37,"damage_taken":0},{"event_name":"SensoryStone","player_choice":"Memory 1","floor":48,"damage_taken":0}],"boss_relics":[{"not_picked":["Velvet Choker","Black Blood"],"picked":"Cursed Key"},{"not_picked":["Calling Bell","Runic Cube"],"picked":"Orrery"}],"potions_floor_spawned":[1,8,10,14,16,18,21,27,30,38,41,42],"seed_played":"-4398467871333526096","killed_by":"Donu and Deca","ascension_level":15,"is_trial":false}