{"path_per_floor":["M","?","?","?","$","E","R","M","T","?","M","R","M","M","R","B",null,"M","M","$","M"],"character_chosen":"IRONCLAD","items_purchased":["Metallicize","Twin Strike","Transmutation","Blood for Blood","Flex"],"gold_per_floor":[116,116,116,116,17,60,60,85,85,85,110,110,129,145,145,268,268,281,296,18,34],"floor_reached":22,"campfire_rested":2,"playtime":1485,"current_hp_per_floor":[79,61,61,61,61,16,42,37,37,37,37,65,62,62,70,9,74,64,61,61,26],"items_purged":[],"gold":34,"play_id":"89bed2ba-4fd5-42ae-a6e2-bbad70b733a5","is_prod":false,"is_daily":false,"campfire_rituals":0,"campfire_upgraded":1,"is_hardmode":false,"path_taken":["M","?","?","?","$","E","R","M","T","?","M","R","M","?","R","BOSS","M","M","$","M","M"],"build_version":"2018-01-18-PROD2","purchased_purges":0,"victory":false,"master_deck":["Strike_R","Strike_R","Strike_R","Strike_R","Strike_R","Defend_R","Defend_R","Defend_R","Bash","Battle Trance","Juggernaut","Metallicize","Twin Strike","Flame Barrier","Impervious","Shrug It Off","Pommel Strike","Headbutt","Perfected Strike","Body Slam","Berserk","Whirlwind","Iron Wave","Transmutation","Blood for Blood","Flex","Perfected Strike"],"max_hp_per_floor":[80,80,74,74,74,74,74,74,74,74,74,74,74,74,74,74,74,74,74,74,74],"relics":["Eternal Feather","Dream Catcher","Golden Idol","Orichalcum","Pen Nib","Anchor","Mark of Pain"],"campfire_meditates":0,"card_choices":[{"not_picked":["Pommel Strike","Iron Wave"],"picked":"Battle Trance"},{"not_picked":["Anger","Twin Strike"],"picked":"Flame Barrier"},{"not_picked":["Cleave","Rupture"],"picked":"Impervious"},{"not_picked":["Flame Barrier","Rage"],"picked":"Shrug It Off"},{"not_picked":["Shrug It Off","Twin Strike"],"picked":"Pommel Strike"},{"not_picked":["True Grit","Clothesline"],"picked":"Headbutt"},{"not_picked":["Anger","Reckless Charge"],"picked":"Perfected Strike"},{"not_picked":["Thunderclap","Anger"],"picked":"Body Slam"},{"not_picked":["Offering","Bludgeon"],"picked":"Berserk"},{"not_picked":["Dual Wield","Flex"],"picked":"Whirlwind"},{"not_picked":["Uppercut","Anger"],"picked":"Iron Wave"},{"not_picked":["Burning Pact","Shrug It Off"],"picked":"Perfected Strike"}],"player_experience":9424,"potions_floor_usage":[],"damage_taken":[{"damage":1,"enemies":"Cultist","floor":1,"turns":4},{"damage":45,"enemies":"3 Sentries","floor":6,"turns":8},{"damage":5,"enemies":"2 Louse","floor":8,"turns":4},{"damage":0,"enemies":"Blue Slaver","floor":11,"turns":4},{"damage":3,"enemies":"2 Fungi Beasts","floor":13,"turns":4},{"damage":0,"enemies":"Looter","floor":14,"turns":2},{"damage":61,"enemies":"Hexaghost","floor":16,"turns":10},{"damage":10,"enemies":"Spheric Guardian","floor":18,"turns":4},{"damage":3,"enemies":"Shell Parasite","floor":19,"turns":4},{"damage":35,"enemies":"Chosen and Byrds","floor":21,"turns":7},{"damage":29,"enemies":"Sentry and Sphere","floor":22,"turns":3}],"event_choices":[{"event_name":"Scrap Ooze","player_choice":"success","floor":2,"damage_taken":18},{"event_name":"Golden Idol","player_choice":"Lose Max HP","floor":3,"damage_taken":0},{"event_name":"Living Wall","player_choice":"Change","floor":4,"damage_taken":0},{"event_name":"Accursed Blacksmith","player_choice":"Rummage","floor":10,"damage_taken":0}],"boss_relics":[{"not_picked":["Black Star","Philosopher\u0027s Stone"],"picked":"Mark of Pain"}],"potions_floor_spawned":[1,6,8,16,18,19],"seed_played":"4998607959825365196","killed_by":"Sentry and Sphere","is_trial":false}