{"path_per_floor":["M","?","?","M","M","R","M","E","T","R","M","M","M","M","R"],"character_chosen":"IRONCLAD","items_purchased":[],"gold_per_floor":[214,214,214,231,243,243,253,283,334,334,352,365,379,397,397],"floor_reached":16,"campfire_rested":1,"playtime":908,"current_hp_per_floor":[76,76,76,71,73,73,56,35,35,59,60,57,63,61,61],"items_purged":[],"gold":397,"play_id":"3705e940-ff2f-426f-942c-122532d406c4","is_prod":false,"is_daily":false,"is_ascension_mode":false,"campfire_upgraded":2,"path_taken":["M","?","?","M","M","R","M","E","T","R","M","M","M","M","R","BOSS"],"build_version":"2018-02-01-PROD3","purchased_purges":0,"victory":false,"master_deck":["Strike_R","Strike_R","Strike_R","Strike_R","Strike_R","Defend_R","Defend_R","Defend_R","Defend_R","Bash","Blood for Blood","Clash","Anger+1","Anger","Shrug It Off+1","Wild Strike","Cleave","Whirlwind+1","Inflame"],"max_hp_per_floor":[80,80,80,80,80,80,80,80,80,80,80,80,80,80,80],"relics":["Burning Blood","Gambling Chip","Toxic Egg 2","Bag of Marbles"],"card_choices":[{"not_picked":["Clothesline","Thunderclap"],"picked":"Blood for Blood"},{"not_picked":["Corruption","Seeing Red"],"picked":"Clash"},{"not_picked":["Warcry","Pommel Strike"],"picked":"Anger"},{"not_picked":["Combust","Second Wind"],"picked":"Anger"},{"not_picked":["Second Wind","Limit Break"],"picked":"Shrug It Off"},{"not_picked":["Clash","Flex"],"picked":"Wild Strike"},{"not_picked":["Shrug It Off","Body Slam"],"picked":"Cleave"},{"not_picked":["Warcry","Power Through"],"picked":"Whirlwind"},{"not_picked":["Searing Blow","Warcry"],"picked":"Inflame"}],"player_experience":27814,"potions_floor_usage":[],"damage_taken":[{"damage":10,"enemies":"Cultist","floor":1,"turns":4},{"damage":11,"enemies":"Blue Slaver","floor":4,"turns":4},{"damage":4,"enemies":"2 Louse","floor":5,"turns":3},{"damage":23,"enemies":"Large Slime","floor":7,"turns":5},{"damage":27,"enemies":"Gremlin Nob","floor":8,"turns":4},{"damage":5,"enemies":"Red Slaver","floor":11,"turns":3},{"damage":9,"enemies":"2 Fungi Beasts","floor":12,"turns":2},{"damage":0,"enemies":"Large Slime","floor":13,"turns":2},{"damage":8,"enemies":"Exordium Thugs","floor":14,"turns":3},{"damage":63,"enemies":"The Guardian","floor":16,"turns":7}],"event_choices":[{"event_name":"Accursed Blacksmith","player_choice":"Rummage","floor":2,"damage_taken":0},{"event_name":"The Woman in Blue","player_choice":"Bought 0 Potions","floor":3,"damage_taken":0}],"boss_relics":[],"potions_floor_spawned":[4,5,12,13,14],"seed_played":"3677713680146636929","killed_by":"The Guardian","ascension_level":0,"is_trial":false}