{"path_per_floor":["M","?","?","M","$","R","T","M","T","E","M","M","$","M","R"],"character_chosen":"IRONCLAD","items_purchased":["Prayer Wheel","Inflame","Pummel"],"gold_per_floor":[116,116,191,201,47,47,92,104,104,134,150,165,22,32,32],"floor_reached":16,"campfire_rested":2,"playtime":781,"current_hp_per_floor":[38,38,27,16,16,40,40,49,56,11,16,22,22,19,45],"items_purged":[],"gold":32,"play_id":"2b05d99a-6fdc-475a-a29d-68fa270065b4","is_prod":false,"is_daily":false,"is_ascension_mode":false,"campfire_upgraded":0,"path_taken":["M","?","?","M","$","R","?","M","T","E","?","?","$","M","R","BOSS"],"build_version":"2018-02-01-PROD3","purchased_purges":0,"victory":false,"master_deck":["Strike_R","Strike_R","Strike_R","Strike_R","Defend_R","Defend_R","Defend_R","Bash","Brutality","Warcry","Shockwave","Twin Strike","Reaper","Wild Strike","Heavy Blade","Bludgeon","Headbutt","Shrug It Off","Inflame","Pummel","Whirlwind"],"max_hp_per_floor":[80,80,80,80,80,80,80,80,87,87,87,87,87,87,87],"relics":["Burning Blood","Prayer Wheel","Pen Nib","Strawberry","Anchor"],"card_choices":[{"not_picked":["Flex","Combust"],"picked":"Shockwave"},{"not_picked":["Clothesline","Anger"],"picked":"Twin Strike"},{"not_picked":["Pommel Strike","Perfected Strike"],"picked":"Reaper"},{"not_picked":["Uppercut","Searing Blow"],"picked":"Wild Strike"},{"not_picked":["Twin Strike","Pommel Strike"],"picked":"Heavy Blade"},{"not_picked":["Battle Trance","Dropkick"],"picked":"Bludgeon"},{"not_picked":["True Grit","Thunderclap"],"picked":"Headbutt"},{"not_picked":["Body Slam","Iron Wave"],"picked":"Shrug It Off"},{"not_picked":["Second Wind","Power Through"],"picked":"Whirlwind"}],"player_experience":23304,"potions_floor_usage":[14,14],"damage_taken":[{"damage":8,"enemies":"Jaw Worm","floor":1,"turns":4},{"damage":17,"enemies":"Small Slimes","floor":4,"turns":4},{"damage":9,"enemies":"2 Louse","floor":8,"turns":3},{"damage":55,"enemies":"Lagavulin","floor":10,"turns":7},{"damage":7,"enemies":"Large Slime","floor":11,"turns":5},{"damage":0,"enemies":"Looter","floor":12,"turns":2},{"damage":17,"enemies":"Exordium Wildlife","floor":14,"turns":4},{"damage":52,"enemies":"Hexaghost","floor":16,"turns":7}],"event_choices":[{"event_name":"Golden Wing","player_choice":"Ignored","floor":2,"damage_taken":0},{"event_name":"World of Goop","player_choice":"Gather Gold","floor":3,"damage_taken":0}],"boss_relics":[],"potions_floor_spawned":[4,10,12,14],"seed_played":"8996249199877172916","killed_by":"Hexaghost","ascension_level":0,"is_trial":false}