{"path_per_floor":["M","$","M","?","?","?","?","?","T","M","R","M","?","M","R","B",null,"M","$","M"],"character_chosen":"IRONCLAD","items_purchased":["Vajra","Apotheosis","Strange Spoon","Pen Nib","Deep Breath"],"gold_per_floor":[369,4,22,22,22,272,272,272,272,288,288,306,306,325,325,420,420,433,2,16],"floor_reached":21,"campfire_rested":1,"playtime":880,"current_hp_per_floor":[76,76,72,72,72,72,72,54,54,55,79,80,80,80,80,39,80,80,80,71],"items_purged":[],"gold":16,"play_id":"ddac12cd-fc6f-4e45-bb2b-66b2c0d2eb91","is_prod":false,"is_daily":false,"is_ascension_mode":false,"campfire_upgraded":1,"path_taken":["M","$","M","?","?","?","?","?","T","?","R","M","?","M","R","BOSS","M","$","M","M"],"build_version":"2018-02-01-PROD3","purchased_purges":0,"victory":false,"master_deck":["Strike_R","Strike_R","Strike_R","Strike_R","Strike_R","Defend_R","Defend_R","Defend_R","Defend_R","Bash","Pommel Strike","Apotheosis+1","Perfected Strike","Bandage Up","Writhe","Infernal Blade","Shrug It Off","Inflame","Bludgeon","Pain","Injury","Doubt","Metallicize","Deep Breath","Power Through"],"max_hp_per_floor":[80,80,80,80,80,80,80,80,80,80,80,80,80,80,80,80,80,80,80,80],"relics":["Burning Blood","Vajra","Oddly Smooth Stone","Magic Flower","Calling Bell","Girya","Happy Flower","Ancient Tea Set","Strange Spoon","Pen Nib"],"card_choices":[{"not_picked":["True Grit","Second Wind"],"picked":"Pommel Strike"},{"not_picked":["Wild Strike","Sword Boomerang"],"picked":"Perfected Strike"},{"not_picked":["Flex","Fiend Fire"],"picked":"Infernal Blade"},{"not_picked":["Pommel Strike","Thunderclap"],"picked":"Shrug It Off"},{"not_picked":["Cleave","Perfected Strike"],"picked":"Inflame"},{"not_picked":["Brutality","Berserk"],"picked":"Bludgeon"},{"not_picked":["Perfected Strike","Feel No Pain"],"picked":"Metallicize"},{"not_picked":["Rage","Body Slam"],"picked":"Power Through"}],"player_experience":24085,"potions_floor_usage":[],"damage_taken":[{"damage":10,"enemies":"Jaw Worm","floor":1,"turns":4},{"damage":10,"enemies":"Blue Slaver","floor":3,"turns":4},{"damage":14,"enemies":"2 Louse","floor":10,"turns":2},{"damage":12,"enemies":"2 Fungi Beasts","floor":12,"turns":2},{"damage":7,"enemies":"Red Slaver","floor":14,"turns":2},{"damage":59,"enemies":"Slime Boss","floor":16,"turns":10},{"damage":5,"enemies":"Chosen","floor":18,"turns":4},{"damage":27,"enemies":"Spheric Guardian","floor":20,"turns":5},{"damage":71,"enemies":"3 Cultists","floor":21,"turns":6}],"event_choices":[{"event_name":"Match and Keep!","player_choice":"2 cards matched","floor":4,"damage_taken":0},{"event_name":"Fountain of Cleansing","player_choice":"Removed Curse","floor":5,"damage_taken":0},{"event_name":"Golden Shrine","player_choice":"Desecrate","floor":6,"damage_taken":0},{"event_name":"Living Wall","player_choice":"Change","floor":7,"damage_taken":0},{"event_name":"Scrap Ooze","player_choice":"success","floor":8,"damage_taken":18},{"event_name":"Bonfire Elementals","player_choice":"COMMON","floor":13,"damage_taken":0}],"boss_relics":[{"not_picked":["Orrery","Cursed Key"],"picked":"Calling Bell"}],"potions_floor_spawned":[10,12,20],"seed_played":"2462735667025018181","killed_by":"3 Cultists","ascension_level":0,"is_trial":false}