{"path_per_floor":["M","?","M","$","M","M","R","?","T","?","R","M","R","?","R","B",null,"M"],"character_chosen":"IRONCLAD","items_purchased":["Metallicize","Armaments"],"gold_per_floor":[117,117,129,45,60,30,30,30,30,30,30,41,41,111,111,208,208,220],"floor_reached":19,"campfire_rested":4,"playtime":839,"current_hp_per_floor":[71,71,56,56,56,45,69,69,69,51,75,60,80,80,80,16,80,23],"items_purged":[],"gold":160,"play_id":"b1c0ac93-baaa-4e9e-bfdc-fe3727db0915","is_prod":false,"is_daily":false,"is_ascension_mode":false,"campfire_upgraded":0,"path_taken":["M","?","M","$","M","M","R","?","T","?","R","M","R","?","R","BOSS","M","M"],"build_version":"2018-02-01-PROD3","purchased_purges":0,"victory":false,"master_deck":["Strike_R","Strike_R","Strike_R","Strike_R","Strike_R","Defend_R","Defend_R","Defend_R","Defend_R","Bash","Cleave","Barricade","Metallicize","Armaments","Blood for Blood","True Grit","Regret","Infernal Blade","Sever Soul","Entrench","Bludgeon","Demon Form","Wild Strike","Burning Pact","Shrug It Off","Power Through","Demon Form","Wild Strike+1"],"max_hp_per_floor":[80,80,80,80,80,80,80,80,80,80,80,80,80,80,80,80,80,80],"relics":["Burning Blood","Charon\u0027s Ashes","Bronze Scales","Dream Catcher","Orrery"],"card_choices":[{"not_picked":["Body Slam","Twin Strike"],"picked":"Cleave"},{"not_picked":["Burning Pact","Anger"],"picked":"Barricade"},{"not_picked":["Sword Boomerang","Clothesline"],"picked":"Blood for Blood"},{"not_picked":["Headbutt","Blood for Blood"],"picked":"True Grit"},{"not_picked":["Twin Strike","Armaments"],"picked":"Infernal Blade"},{"not_picked":["Uppercut","Twin Strike"],"picked":"Sever Soul"},{"not_picked":["Havoc","Dropkick"],"picked":"Entrench"},{"not_picked":["Feel No Pain","Warcry"],"picked":"Bludgeon"},{"not_picked":["Offering","Barricade"],"picked":"Demon Form"},{"not_picked":["Body Slam","Searing Blow"],"picked":"Wild Strike"},{"not_picked":["Pummel","Twin Strike"],"picked":"Burning Pact"},{"not_picked":["Reckless Charge","Seeing Red"],"picked":"Shrug It Off"},{"not_picked":["Shrug It Off","Seeing Red"],"picked":"Power Through"},{"not_picked":["Pommel Strike","Shrug It Off"],"picked":"Demon Form"},{"not_picked":["Clothesline","Fire Breathing"],"picked":"Wild Strike"}],"player_experience":35964,"potions_floor_usage":[5,5],"damage_taken":[{"damage":15,"enemies":"Jaw Worm","floor":1,"turns":4},{"damage":21,"enemies":"Blue Slaver","floor":3,"turns":4},{"damage":6,"enemies":"Cultist","floor":5,"turns":3},{"damage":17,"enemies":"Looter","floor":6,"turns":4},{"damage":21,"enemies":"Exordium Thugs","floor":12,"turns":5},{"damage":70,"enemies":"The Guardian","floor":16,"turns":11},{"damage":63,"enemies":"Chosen","floor":18,"turns":7},{"damage":33,"enemies":"2 Thieves","floor":19,"turns":3}],"event_choices":[{"event_name":"The Lab","player_choice":"Got Potions","floor":2,"damage_taken":0},{"event_name":"Big Fish","player_choice":"Box","floor":8,"damage_taken":0},{"event_name":"Scrap Ooze","player_choice":"success","floor":10,"damage_taken":18},{"event_name":"Golden Wing","player_choice":"Gained Gold","floor":14,"damage_taken":0}],"boss_relics":[{"not_picked":["Cursed Key","Lizard Tail"],"picked":"Orrery"}],"potions_floor_spawned":[1,5,18],"seed_played":"489334645517285780","killed_by":"2 Thieves","ascension_level":0,"is_trial":false}