{"path_per_floor":["M","?","M","M","M","R","?","M","T","M","?","R","$","M","R","B",null,"M","?","M","$","M","$","R","M","T","R","M"],"character_chosen":"IRONCLAD","items_purchased":["True Grit","Spot Weakness","Wild Strike","Pummel","Power Through","Corruption"],"gold_per_floor":[112,112,130,141,156,156,156,167,167,181,146,146,46,66,66,164,164,174,174,193,95,114,0,0,19,99,99,119],"floor_reached":29,"campfire_rested":3,"playtime":1830,"current_hp_per_floor":[76,76,66,66,46,70,70,70,70,46,66,66,66,62,62,14,80,76,60,58,58,17,17,41,8,8,32,7],"items_purged":[],"gold":119,"play_id":"0223a2f8-b672-42eb-bf2a-2f0c99860e7f","is_prod":false,"is_daily":false,"is_ascension_mode":false,"campfire_upgraded":2,"path_taken":["M","?","?","M","M","R","?","M","T","?","?","R","?","M","R","BOSS","M","?","M","$","?","$","R","M","T","R","M","M"],"build_version":"2018-02-01-PROD3","purchased_purges":0,"victory":false,"master_deck":["Strike_R","Strike_R","Strike_R","Strike_R","Strike_R","Defend_R","Defend_R","Defend_R","Defend_R","Havoc+1","Clothesline","Rage","Spot Weakness+1","Evolve","Iron Wave","True Grit","Spot Weakness+1","Whirlwind","Exhume","Heavy Blade+1","Havoc","Wild Strike","Pummel","Warcry+1","Power Through","Corruption","Shrug It Off","Bludgeon"],"max_hp_per_floor":[80,80,80,80,80,80,80,80,80,80,80,80,80,80,80,80,80,80,80,80,80,80,80,80,80,80,80,80],"relics":["Burning Blood","Oddly Smooth Stone","Sozu","Nilry\u0027s Codex","Toxic Egg 2"],"card_choices":[{"not_picked":["Body Slam","Anger"],"picked":"Havoc"},{"not_picked":["Sever Soul","Body Slam"],"picked":"Clothesline"},{"not_picked":["Iron Wave","Anger"],"picked":"Rage"},{"not_picked":["Reckless Charge","Shockwave"],"picked":"Spot Weakness"},{"not_picked":["Anger","Thunderclap"],"picked":"Evolve"},{"not_picked":["Fire Breathing","Anger"],"picked":"Iron Wave"},{"not_picked":["Rupture","Dual Wield"],"picked":"Whirlwind"},{"not_picked":["Demon Form","Berserk"],"picked":"Exhume"},{"not_picked":["Whirlwind","Pommel Strike"],"picked":"Heavy Blade"},{"not_picked":["Wild Strike","Clash"],"picked":"Havoc"},{"not_picked":["Battle Trance","Dual Wield"],"picked":"Warcry"},{"not_picked":["Battle Trance","Headbutt"],"picked":"Shrug It Off"},{"not_picked":["Headbutt","Pummel"],"picked":"Bludgeon"}],"player_experience":30539,"potions_floor_usage":[],"damage_taken":[{"damage":10,"enemies":"Cultist","floor":1,"turns":4},{"damage":16,"enemies":"Blue Slaver","floor":3,"turns":4},{"damage":6,"enemies":"2 Louse","floor":4,"turns":3},{"damage":26,"enemies":"Lots of Slimes","floor":5,"turns":8},{"damage":6,"enemies":"2 Fungi Beasts","floor":8,"turns":2},{"damage":30,"enemies":"Gremlin Gang","floor":10,"turns":6},{"damage":10,"enemies":"Large Slime","floor":14,"turns":7},{"damage":54,"enemies":"The Guardian","floor":16,"turns":13},{"damage":10,"enemies":"Chosen","floor":18,"turns":4},{"damage":8,"enemies":"Shell Parasite","floor":20,"turns":4},{"damage":47,"enemies":"Snake Plant","floor":22,"turns":6},{"damage":39,"enemies":"Slaver and Parasite","floor":25,"turns":5},{"damage":31,"enemies":"Centurion and Healer","floor":28,"turns":7},{"damage":14,"enemies":"Cultist and Chosen","floor":29,"turns":2}],"event_choices":[{"event_name":"Bonfire Elementals","player_choice":"BASIC","floor":2,"damage_taken":0},{"event_name":"Upgrade Shrine","player_choice":"Upgraded","floor":7,"damage_taken":0},{"event_name":"The Cleric","player_choice":"Healed","floor":11,"damage_taken":0},{"event_name":"Cursed Tome","player_choice":"Obtained Book","floor":19,"damage_taken":0}],"boss_relics":[{"not_picked":["White Beast Statue","Tiny House"],"picked":"Sozu"}],"potions_floor_spawned":[5,8,14,22,28],"seed_played":"6250374516691785250","killed_by":"Cultist and Chosen","ascension_level":0,"is_trial":false}