{"path_per_floor":["M","M","?","M","M","R","$","M","T","M","M","R","M","E","R"],"character_chosen":"IRONCLAD","items_purchased":["Lantern","Bronze Scales","Havoc"],"gold_per_floor":[111,130,305,324,339,339,8,19,19,32,43,43,54,383,383],"floor_reached":16,"campfire_rested":3,"playtime":1023,"current_hp_per_floor":[71,67,67,68,48,72,72,55,55,47,35,59,46,12,36],"items_purged":[],"gold":383,"play_id":"e9cf104a-4237-48fa-bae3-b86ad44abad5","is_prod":false,"is_daily":false,"is_ascension_mode":false,"campfire_upgraded":0,"path_taken":["M","?","?","M","?","R","?","M","T","M","M","R","M","E","R","BOSS"],"build_version":"2018-02-01-PROD3","purchased_purges":0,"victory":false,"master_deck":["Strike_R","Strike_R","Strike_R","Strike_R","Strike_R","Defend_R","Defend_R","Defend_R","Defend_R","Bash","Inflame","Intimidate","Doubt","Dual Wield","Second Wind","Havoc","Sword Boomerang","Corruption","Rage","Whirlwind","Cleave"],"max_hp_per_floor":[80,80,80,80,80,80,80,80,80,80,80,80,80,80,80],"relics":["Burning Blood","Lantern","Bronze Scales","Girya","Old Coin"],"card_choices":[{"not_picked":["Hemokinesis","Body Slam"],"picked":"Inflame"},{"not_picked":["Second Wind","Warcry"],"picked":"Intimidate"},{"not_picked":["Brutality","Clash"],"picked":"Dual Wield"},{"not_picked":["Body Slam","Intimidate"],"picked":"Second Wind"},{"not_picked":["Intimidate","Perfected Strike"],"picked":"Sword Boomerang"},{"not_picked":["Disarm","Warcry"],"picked":"Corruption"},{"not_picked":["Warcry","Headbutt"],"picked":"Rage"},{"not_picked":["Body Slam","Thunderclap"],"picked":"Whirlwind"},{"not_picked":["Clash","Shrug It Off"],"picked":"Cleave"}],"player_experience":39551,"potions_floor_usage":[],"damage_taken":[{"damage":15,"enemies":"Blue Slaver","floor":1,"turns":6},{"damage":10,"enemies":"Jaw Worm","floor":2,"turns":4},{"damage":5,"enemies":"Cultist","floor":4,"turns":5},{"damage":26,"enemies":"3 Louse","floor":5,"turns":5},{"damage":23,"enemies":"Gremlin Gang","floor":8,"turns":4},{"damage":14,"enemies":"Red Slaver","floor":10,"turns":4},{"damage":18,"enemies":"Exordium Thugs","floor":11,"turns":5},{"damage":19,"enemies":"2 Fungi Beasts","floor":13,"turns":3},{"damage":40,"enemies":"Gremlin Nob","floor":14,"turns":5},{"damage":37,"enemies":"Hexaghost","floor":16,"turns":9}],"event_choices":[{"event_name":"Liars Game","player_choice":"agreed","floor":3,"damage_taken":0}],"boss_relics":[],"potions_floor_spawned":[1,2,8,10,13],"seed_played":"6599791181458533596","killed_by":"Hexaghost","ascension_level":0,"is_trial":false}