{"path_per_floor":["M","?","M","$","?","R","M","M","T","M","M","?","$","M","R","B",null,"M","?","$","M","M","R","?"],"character_chosen":"IRONCLAD","items_purchased":["Lantern","Pommel Strike","Swift Strike","Clothesline","Warcry","Rage","Berserk"],"gold_per_floor":[109,184,201,29,97,97,113,129,153,173,184,184,12,29,29,128,128,144,144,9,25,43,43,43],"floor_reached":25,"campfire_rested":2,"playtime":1232,"current_hp_per_floor":[63,52,40,40,40,61,61,67,67,46,51,82,82,72,72,21,82,82,82,82,57,37,61,61],"items_purged":[],"gold":43,"play_id":"ffbd6d8f-d900-44c9-96b8-dcbf542beb0b","is_prod":false,"is_daily":false,"is_ascension_mode":false,"campfire_upgraded":1,"path_taken":["M","?","M","$","?","R","M","M","T","M","?","?","$","M","R","BOSS","M","?","$","M","M","R","?","E"],"build_version":"2018-02-01-PROD3","purchased_purges":0,"victory":false,"master_deck":["Strike_R","Strike_R","Strike_R","Strike_R","Defend_R","Defend_R","Defend_R","Bash","Armaments","Whirlwind","Wild Strike","Pommel Strike","Thunderclap","Flame Barrier","Shockwave","Demon Form+1","Swift Strike","Clothesline","Warcry","Whirlwind","Juggernaut","Iron Wave","Rage","Berserk","Bludgeon","Sword Boomerang","Reckless Charge"],"max_hp_per_floor":[72,72,72,72,72,72,72,72,72,72,72,82,82,82,82,82,82,82,82,82,82,82,82,82],"relics":["Burning Blood","Dream Catcher","Black Star","Nloth\u0027s Gift"],"card_choices":[{"not_picked":["Rupture","Fire Breathing"],"picked":"Offering"},{"not_picked":["Thunderclap","Pommel Strike"],"picked":"Wild Strike"},{"not_picked":["Rupture","Bloodletting"],"picked":"Thunderclap"},{"not_picked":["Second Wind","Armaments"],"picked":"Flame Barrier"},{"not_picked":["Thunderclap","Bloodletting"],"picked":"Shockwave"},{"not_picked":["Uppercut","Clothesline"],"picked":"Demon Form"},{"not_picked":["Perfected Strike","True Grit"],"picked":"Whirlwind"},{"not_picked":["Brutality","Dark Embrace"],"picked":"Juggernaut"},{"not_picked":["Flex","Pommel Strike"],"picked":"Iron Wave"},{"not_picked":["Metallicize","Clash"],"picked":"Bludgeon"},{"not_picked":["Wild Strike","Shrug It Off"],"picked":"Sword Boomerang"},{"not_picked":["Metallicize","Rupture"],"picked":"Reckless Charge"}],"player_experience":28821,"potions_floor_usage":[],"damage_taken":[{"damage":15,"enemies":"Jaw Worm","floor":1,"turns":5},{"damage":18,"enemies":"Small Slimes","floor":3,"turns":3},{"damage":6,"enemies":"Blue Slaver","floor":7,"turns":2},{"damage":0,"enemies":"2 Fungi Beasts","floor":8,"turns":2},{"damage":27,"enemies":"Large Slime","floor":10,"turns":5},{"damage":1,"enemies":"3 Louse","floor":11,"turns":2},{"damage":16,"enemies":"Lots of Slimes","floor":14,"turns":3},{"damage":57,"enemies":"The Guardian","floor":16,"turns":8},{"damage":6,"enemies":"3 Byrds","floor":18,"turns":4},{"damage":31,"enemies":"2 Thieves","floor":21,"turns":4},{"damage":26,"enemies":"Snecko","floor":22,"turns":6},{"damage":63,"enemies":"Gremlin Leader","floor":25,"turns":6}],"event_choices":[{"event_name":"World of Goop","player_choice":"Gather Gold","floor":2,"damage_taken":0},{"event_name":"Golden Wing","player_choice":"Gained Gold","floor":5,"damage_taken":0},{"event_name":"Bonfire Elementals","player_choice":"RARE","floor":12,"damage_taken":0},{"event_name":"N\u0027loth","player_choice":"Traded a Lantern","floor":19,"damage_taken":0},{"event_name":"Addict","player_choice":"Ignored","floor":24,"damage_taken":0}],"boss_relics":[{"not_picked":["Cursed Key","Velvet Choker"],"picked":"Black Star"}],"potions_floor_spawned":[1,7,14,18],"seed_played":"-9096726343766928577","killed_by":"Gremlin Leader","ascension_level":0,"is_trial":false}