{"path_per_floor":["M","M","$","?","M","E","R","E","T","$","R","E","M","M","R","B",null,"M","$","M","?","?","E","?","?","T","R"],"character_chosen":"IRONCLAD","items_purchased":["Dramatic Entrance","Feel No Pain","Feel No Pain","Oddly Smooth Stone","Rampage"],"gold_per_floor":[115,132,7,7,27,62,62,87,87,15,15,45,62,82,82,180,180,193,1,15,15,15,47,47,47,74,74],"floor_reached":28,"campfire_rested":3,"playtime":1696,"current_hp_per_floor":[72,72,72,58,64,51,72,36,36,36,57,56,65,72,72,32,72,72,72,63,63,63,22,6,6,6,27],"items_purged":[],"gold":74,"play_id":"d9c9f399-4f58-496b-b099-94d2fdf7ee8b","is_prod":false,"is_daily":false,"is_ascension_mode":false,"campfire_upgraded":1,"path_taken":["M","M","$","?","M","E","R","E","T","$","R","E","M","M","R","BOSS","M","$","M","?","?","E","?","?","T","R","M"],"build_version":"2018-02-01-PROD3","purchased_purges":0,"victory":false,"master_deck":["Strike_R","Strike_R","Strike_R","Strike_R+1","Strike_R","Defend_R","Defend_R","Defend_R","Defend_R+1","Bash","Wild Strike","Cleave","Dramatic Entrance","Feel No Pain","Thunderclap","Dual Wield","Impervious","Feel No Pain+1","Infernal Blade+1","Anger","Evolve+1","Immolate","Headbutt","Rampage","Power Through","Decay","Blood for Blood+1"],"max_hp_per_floor":[72,72,72,72,72,72,72,72,72,72,72,72,72,72,72,72,72,72,72,72,72,72,72,72,72,72,72],"relics":["Burning Blood","Thread and Needle","Frozen Egg 2","Ancient Tea Set","Kunai","Magic Flower","Sozu","Oddly Smooth Stone","Molten Egg 2","Anchor","Enchiridion","Happy Flower"],"card_choices":[{"not_picked":["Feel No Pain","Sword Boomerang"],"picked":"Wild Strike"},{"not_picked":["Dropkick","Perfected Strike"],"picked":"Cleave"},{"not_picked":["Sever Soul","Wild Strike"],"picked":"Thunderclap"},{"not_picked":["Cleave","Warcry"],"picked":"Dual Wield"},{"not_picked":["Wild Strike","Cleave"],"picked":"Impervious"},{"not_picked":["Warcry","Perfected Strike"],"picked":"Infernal Blade"},{"not_picked":["Armaments","Flex"],"picked":"Anger"},{"not_picked":["Flex","Heavy Blade"],"picked":"Evolve"},{"not_picked":["Dark Embrace","Double Tap"],"picked":"Immolate"},{"not_picked":["Heavy Blade","Combust"],"picked":"Headbutt"},{"not_picked":["Heavy Blade","Flex"],"picked":"Power Through"},{"not_picked":["Cleave","Rupture"],"picked":"Blood for Blood"}],"player_experience":21608,"potions_floor_usage":[],"damage_taken":[{"damage":3,"enemies":"2 Louse","floor":1,"turns":3},{"damage":0,"enemies":"Cultist","floor":2,"turns":3},{"damage":0,"enemies":"Jaw Worm","floor":5,"turns":3},{"damage":19,"enemies":"Gremlin Nob","floor":6,"turns":4},{"damage":42,"enemies":"Lagavulin","floor":8,"turns":6},{"damage":7,"enemies":"3 Sentries","floor":12,"turns":7},{"damage":0,"enemies":"Gremlin Gang","floor":13,"turns":4},{"damage":0,"enemies":"2 Fungi Beasts","floor":14,"turns":2},{"damage":49,"enemies":"Slime Boss","floor":16,"turns":12},{"damage":3,"enemies":"3 Byrds","floor":18,"turns":5},{"damage":18,"enemies":"Spheric Guardian","floor":20,"turns":5},{"damage":50,"enemies":"Slavers","floor":23,"turns":7},{"damage":37,"enemies":"Cultist and Chosen","floor":28,"turns":10}],"event_choices":[{"event_name":"Shining Light","player_choice":"Entered Light","floor":4,"damage_taken":0},{"event_name":"The Mausoleum","player_choice":"Yes","floor":21,"damage_taken":0},{"event_name":"Forgotten Altar","player_choice":"Smashed Altar","floor":22,"damage_taken":0},{"event_name":"Cursed Tome","player_choice":"Obtained Book","floor":24,"damage_taken":0},{"event_name":"Beggar","player_choice":"Ignored","floor":25,"damage_taken":0}],"boss_relics":[{"not_picked":["White Beast Statue","Snecko Eye"],"picked":"Sozu"}],"potions_floor_spawned":[2,5,8,12,16,20,23],"seed_played":"-4743115449811330629","killed_by":"Cultist and Chosen","ascension_level":0,"is_trial":false}