{"path_per_floor":["M","?","M","?","M","M","M","?","T","M","R","M","?","$","R"],"character_chosen":"IRONCLAD","items_purchased":["Mercury Hourglass","Intimidate"],"gold_per_floor":[115,115,135,135,152,167,180,206,230,248,248,263,338,5,5],"floor_reached":16,"campfire_rested":2,"playtime":453,"current_hp_per_floor":[73,73,73,57,61,50,47,28,28,7,31,30,19,19,43],"items_purged":[],"gold":5,"score":94,"play_id":"32d46a6e-5a2b-419f-aa1c-3284b77f8a19","is_prod":false,"is_daily":false,"is_ascension_mode":false,"campfire_upgraded":0,"path_taken":["M","?","M","?","M","M","M","?","T","M","R","?","?","$","R","BOSS"],"build_version":"2018-02-08-PROD1","purchased_purges":0,"victory":false,"master_deck":["Strike_R+1","Strike_R","Strike_R","Strike_R","Strike_R","Defend_R","Defend_R","Defend_R","Defend_R","Bash+1","Pommel Strike","Parasite","Clothesline","Inflame","Rampage","Flex","Flame Barrier","Heavy Blade","Twin Strike","Intimidate"],"max_hp_per_floor":[80,80,80,80,80,80,80,80,80,80,80,80,80,80,80],"relics":["Burning Blood","Odd Mushroom","Ancient Tea Set","Mercury Hourglass"],"card_choices":[{"not_picked":["Dropkick","Combust"],"picked":"Pommel Strike"},{"not_picked":["Armaments","Warcry"],"picked":"Clothesline"},{"not_picked":["Dark Embrace","Body Slam"],"picked":"Inflame"},{"not_picked":["Heavy Blade","Shockwave"],"picked":"Rampage"},{"not_picked":["Clothesline","Wild Strike"],"picked":"Flex"},{"not_picked":["Wild Strike","Twin Strike"],"picked":"Flame Barrier"},{"not_picked":["Pommel Strike","Clash"],"picked":"Heavy Blade"},{"not_picked":["Body Slam","Shockwave"],"picked":"Twin Strike"}],"player_experience":58940,"potions_floor_usage":[],"damage_taken":[{"damage":13,"enemies":"Jaw Worm","floor":1,"turns":3},{"damage":6,"enemies":"Cultist","floor":3,"turns":3},{"damage":2,"enemies":"2 Louse","floor":5,"turns":2},{"damage":17,"enemies":"2 Fungi Beasts","floor":6,"turns":3},{"damage":9,"enemies":"Looter","floor":7,"turns":3},{"damage":25,"enemies":"The Mushroom Lair","floor":8,"turns":4},{"damage":27,"enemies":"Large Slime","floor":10,"turns":6},{"damage":7,"enemies":"2 Fungi Beasts","floor":12,"turns":2},{"damage":47,"enemies":"Slime Boss","floor":16,"turns":7}],"event_choices":[{"event_name":"Match and Keep!","player_choice":"1 cards matched","floor":2,"damage_taken":0},{"event_name":"Shining Light","player_choice":"Entered Light","floor":4,"damage_taken":0},{"event_name":"Mushrooms","player_choice":"Fought Mushrooms","floor":8,"damage_taken":0},{"event_name":"World of Goop","player_choice":"Gather Gold","floor":13,"damage_taken":0}],"boss_relics":[],"potions_floor_spawned":[1,5,8,12],"seed_played":"3744168150784254920","killed_by":"Slime Boss","ascension_level":0,"is_trial":false}