{"path_per_floor":["M","M","?","M","M","E","$","M","T","R","E","R","?","?","R","B",null,"M","$","?","M","$"],"character_chosen":"IRONCLAD","items_purchased":["Infernal Blade","Evolve","Wild Strike","Regal Pillow","Inflame","Flex"],"gold_per_floor":[116,135,135,149,159,188,32,49,79,79,113,113,138,138,138,267,267,288,19,19,39,39],"floor_reached":23,"campfire_rested":3,"playtime":801,"current_hp_per_floor":[80,80,64,70,61,32,32,38,38,62,46,70,55,55,79,14,80,56,56,40,34,34],"items_purged":[],"gold":39,"score":199,"play_id":"f433ad4d-0dad-49c7-a5dc-c841b490258a","is_prod":false,"is_daily":false,"is_ascension_mode":false,"campfire_upgraded":0,"path_taken":["M","M","?","?","M","E","$","?","T","R","E","R","?","?","R","BOSS","M","$","?","M","?","E"],"build_version":"2018-02-12-PROD1","purchased_purges":0,"victory":false,"master_deck":["Strike_R","Strike_R","Strike_R","Strike_R","Strike_R","Defend_R","Defend_R","Defend_R","Defend_R+1","Bash","Evolve","Armaments+1","Iron Wave","Anger","Whirlwind","Infernal Blade","Evolve","Wild Strike","Thunderclap","Wild Strike","Shockwave","Injury","Impervious","Carnage","Inflame","Flex","Madness","Infernal Blade"],"max_hp_per_floor":[80,80,80,80,80,80,80,80,80,80,80,80,80,80,80,80,80,80,80,80,80,80],"relics":["Burning Blood","NeowsBlessing","Calipers","Tiny Chest","Oddly Smooth Stone","Odd Mushroom","Golden Idol","Mark of Pain","Regal Pillow"],"card_choices":[{"not_picked":["Barricade","Thunderclap"],"picked":"Evolve"},{"not_picked":["Pommel Strike","Rage"],"picked":"Armaments"},{"not_picked":["Perfected Strike","Body Slam"],"picked":"Iron Wave"},{"not_picked":["Body Slam","Headbutt"],"picked":"Anger"},{"not_picked":["Barricade","Headbutt"],"picked":"Whirlwind"},{"not_picked":["Reckless Charge","Warcry"],"picked":"Thunderclap"},{"not_picked":["Havoc","Anger"],"picked":"Wild Strike"},{"not_picked":["Twin Strike","Armaments"],"picked":"Shockwave"},{"not_picked":["Demon Form","Double Tap"],"picked":"Impervious"},{"not_picked":["Sever Soul","Clash"],"picked":"Carnage"},{"not_picked":["Headbutt","Armaments"],"picked":"Infernal Blade"}],"player_experience":88718,"potions_floor_usage":[5,5,8,16,23],"damage_taken":[{"damage":0,"enemies":"Small Slimes","floor":1,"turns":1},{"damage":0,"enemies":"Jaw Worm","floor":2,"turns":1},{"damage":0,"enemies":"Blue Slaver","floor":4,"turns":1},{"damage":15,"enemies":"Lots of Slimes","floor":5,"turns":5},{"damage":35,"enemies":"Gremlin Nob","floor":6,"turns":6},{"damage":0,"enemies":"2 Fungi Beasts","floor":8,"turns":3},{"damage":22,"enemies":"3 Sentries","floor":11,"turns":6},{"damage":21,"enemies":"The Mushroom Lair","floor":13,"turns":5},{"damage":71,"enemies":"Hexaghost","floor":16,"turns":15},{"damage":30,"enemies":"2 Thieves","floor":18,"turns":4},{"damage":12,"enemies":"Chosen","floor":21,"turns":5},{"damage":42,"enemies":"Book of Stabbing","floor":23,"turns":5}],"event_choices":[{"event_name":"Shining Light","player_choice":"Entered Light","floor":3,"damage_taken":0},{"event_name":"Mushrooms","player_choice":"Fought Mushrooms","floor":13,"damage_taken":0},{"event_name":"Golden Idol","player_choice":"Take Wound","floor":14,"damage_taken":0},{"event_name":"Knowing Skull","player_choice":"CARD ","floor":20,"damage_taken":0}],"boss_relics":[{"not_picked":["Philosopher\u0027s Stone","Question Card"],"picked":"Mark of Pain"}],"potions_floor_spawned":[1,2,6,13,16],"seed_played":"1062068331808747810","killed_by":"Book of Stabbing","ascension_level":0,"is_trial":false}