{"path_per_floor":["M","$","M","M","$","R","?","R","T","E","M","$","M","M","R","B",null,"M","?","M","M","?","R","?","$","T","M","R","M","$","M","R","B",null,"M"],"character_chosen":"IRONCLAD","items_purchased":["Bag of Marbles","Flex","Sever Soul","Jack Of All Trades","Carnage","Warcry"],"gold_per_floor":[212,13,28,48,15,15,79,79,79,111,130,24,37,56,56,155,155,170,170,189,202,117,117,117,33,33,50,50,61,61,77,77,182,182,192],"floor_reached":36,"campfire_rested":4,"playtime":12524,"current_hp_per_floor":[70,70,70,67,67,67,59,59,59,39,44,44,39,23,47,14,80,56,56,50,34,34,58,58,58,58,32,56,52,52,48,72,44,80,67],"items_purged":[],"gold":192,"score":316,"play_id":"680f58d1-5692-4a39-94da-fc99a5c8ec12","is_prod":false,"is_daily":false,"is_ascension_mode":false,"campfire_upgraded":2,"path_taken":["M","$","M","M","?","R","?","R","T","E","M","$","M","M","R","BOSS","M","?","M","M","?","R","?","$","T","?","R","M","?","M","R","BOSS","M","?"],"build_version":"2018-02-12-PROD1","purchased_purges":0,"victory":false,"master_deck":["Strike_R+1","Strike_R+1","Defend_R+1","Defend_R+1","Defend_R+1","Defend_R+1","Bash","Havoc","Flex","Sentinel+1","Sword Boomerang","Sever Soul","Double Tap+1","Feel No Pain","Headbutt+1","Jack Of All Trades","Spot Weakness","Evolve","Demon Form","Twin Strike+1","Heavy Blade+1","Perfected Strike+1","Bandage Up","Carnage+1","Warcry","Flex","Spot Weakness","Dual Wield","Limit Break","Metallicize+1","Sever Soul+1","Twin Strike+1","Perfected Strike+1"],"max_hp_per_floor":[80,80,80,80,80,80,80,80,80,80,80,80,80,80,80,80,80,80,80,80,80,80,80,80,80,80,80,80,80,80,80,80,80,80,80],"relics":["Burning Blood","Bag of Marbles","Du-Vu Doll","Torii","Molten Egg 2","Mark of Pain","Gremlin Horn","Shuriken","Astrolabe"],"card_choices":[{"not_picked":["Rage","Wild Strike"],"picked":"Havoc"},{"not_picked":["Flex","Blood for Blood"],"picked":"Sentinel"},{"not_picked":["Shockwave","Armaments"],"picked":"Sword Boomerang"},{"not_picked":["Havoc","Wild Strike"],"picked":"Double Tap"},{"not_picked":["Twin Strike","Fire Breathing"],"picked":"Feel No Pain"},{"not_picked":["Shrug It Off","Pommel Strike"],"picked":"Headbutt"},{"not_picked":["Heavy Blade","Pommel Strike"],"picked":"Spot Weakness"},{"not_picked":["Armaments","Shrug It Off"],"picked":"Evolve"},{"not_picked":["Brutality","Feed"],"picked":"Demon Form"},{"not_picked":["Feel No Pain","Body Slam"],"picked":"Twin Strike"},{"not_picked":["Havoc","Sword Boomerang"],"picked":"Heavy Blade"},{"not_picked":["Intimidate","Clash"],"picked":"Perfected Strike"},{"not_picked":["Evolve","Twin Strike"],"picked":"Flex"},{"not_picked":["Twin Strike","Headbutt"],"picked":"Spot Weakness"},{"not_picked":["Rage","Havoc"],"picked":"Dual Wield"},{"not_picked":["Reaper","Demon Form"],"picked":"Limit Break"},{"not_picked":["Reckless Charge","Cleave"],"picked":"Perfected Strike"}],"player_experience":73355,"potions_floor_usage":[10,14,16,18,18,21,31,36],"damage_taken":[{"damage":16,"enemies":"Blue Slaver","floor":1,"turns":4},{"damage":6,"enemies":"Cultist","floor":3,"turns":3},{"damage":9,"enemies":"2 Louse","floor":4,"turns":3},{"damage":14,"enemies":"Gremlin Nob","floor":7,"turns":3},{"damage":26,"enemies":"3 Sentries","floor":10,"turns":7},{"damage":1,"enemies":"Red Slaver","floor":11,"turns":4},{"damage":11,"enemies":"Looter","floor":13,"turns":3},{"damage":22,"enemies":"Exordium Thugs","floor":14,"turns":5},{"damage":39,"enemies":"The Guardian","floor":16,"turns":8},{"damage":30,"enemies":"Spheric Guardian","floor":18,"turns":5},{"damage":12,"enemies":"Shell Parasite","floor":20,"turns":3},{"damage":26,"enemies":"Cultist and Chosen","floor":21,"turns":8},{"damage":36,"enemies":"Snake Plant","floor":27,"turns":4},{"damage":14,"enemies":"Centurion and Healer","floor":29,"turns":5},{"damage":10,"enemies":"Slaver and Parasite","floor":31,"turns":4},{"damage":38,"enemies":"Champ","floor":33,"turns":7},{"damage":19,"enemies":"3 Shapes","floor":35,"turns":5},{"damage":71,"enemies":"Mysterious Sphere","floor":36,"turns":4}],"event_choices":[{"event_name":"Dead Adventurer","player_choice":"Searched \u00271\u0027 times","floor":7,"damage_taken":0},{"event_name":"Back to Basics","player_choice":"Simplicity","floor":19,"damage_taken":0},{"event_name":"Addict","player_choice":"Obtained Relic","floor":22,"damage_taken":0},{"event_name":"Match and Keep!","player_choice":"1 cards matched","floor":24,"damage_taken":0},{"event_name":"Mysterious Sphere","player_choice":"Fight","floor":36,"damage_taken":0}],"boss_relics":[{"not_picked":["Snecko Eye","Ectoplasm"],"picked":"Mark of Pain"},{"not_picked":["Runic Pyramid","Runic Dome"],"picked":"Astrolabe"}],"potions_floor_spawned":[7,11,13,14,16,20,29,33],"seed_played":"-6945280298039368385","killed_by":"Mysterious Sphere","ascension_level":0,"is_trial":false}