{"path_per_floor":["M","?","M","M","M","E","R","E","T","M","?","$","M","?","R"],"character_chosen":"IRONCLAD","items_purchased":["Oddly Smooth Stone","Evolve"],"gold_per_floor":[113,113,132,142,161,195,195,226,226,244,244,15,27,27,27],"floor_reached":16,"campfire_rested":2,"playtime":649,"current_hp_per_floor":[80,80,80,80,58,19,43,13,13,19,19,19,18,18,42],"items_purged":[],"gold":27,"score":112,"play_id":"118de86d-ae40-41c8-b88a-356af74aa64e","is_prod":false,"is_daily":false,"is_ascension_mode":false,"campfire_upgraded":0,"path_taken":["M","?","M","?","M","E","R","E","T","M","?","$","M","?","R","BOSS"],"build_version":"2018-02-08-PROD1","purchased_purges":0,"victory":false,"master_deck":["Strike_R","Strike_R","Strike_R","Strike_R","Strike_R","Defend_R","Defend_R","Defend_R","Defend_R","Bash","Flex","Iron Wave","Limit Break","Power Through+1","Iron Wave","Whirlwind","Evolve","Cleave"],"max_hp_per_floor":[80,80,80,80,80,80,80,80,80,80,80,80,80,80,80],"relics":["Burning Blood","NeowsBlessing","Toxic Egg 2","Lantern","Girya","Oddly Smooth Stone"],"card_choices":[{"not_picked":["Clash","Headbutt"],"picked":"Whirlwind"},{"not_picked":["Rage","Headbutt"],"picked":"Flex"},{"not_picked":["Pommel Strike","Sever Soul"],"picked":"Iron Wave"},{"not_picked":["Shrug It Off","Headbutt"],"picked":"Limit Break"},{"not_picked":["Cleave","Pommel Strike"],"picked":"Power Through"},{"not_picked":["Armaments","Uppercut"],"picked":"Iron Wave"},{"not_picked":["Clash","True Grit"],"picked":"Whirlwind"},{"not_picked":["Shrug It Off","Perfected Strike"],"picked":"Cleave"}],"player_experience":56057,"potions_floor_usage":[],"damage_taken":[{"damage":0,"enemies":"Cultist","floor":1,"turns":1},{"damage":0,"enemies":"Blue Slaver","floor":3,"turns":1},{"damage":0,"enemies":"Jaw Worm","floor":4,"turns":1},{"damage":28,"enemies":"Lots of Slimes","floor":5,"turns":6},{"damage":45,"enemies":"Lagavulin","floor":6,"turns":7},{"damage":36,"enemies":"3 Sentries","floor":8,"turns":10},{"damage":0,"enemies":"Large Slime","floor":10,"turns":6},{"damage":7,"enemies":"Gremlin Gang","floor":13,"turns":6},{"damage":46,"enemies":"Slime Boss","floor":16,"turns":6}],"event_choices":[{"event_name":"Bonfire Elementals","player_choice":"UNCOMMON","floor":2,"damage_taken":0},{"event_name":"Match and Keep!","player_choice":"0 cards matched","floor":11,"damage_taken":0},{"event_name":"The Lab","player_choice":"Got Potions","floor":14,"damage_taken":0}],"boss_relics":[],"potions_floor_spawned":[5,6,8,10],"seed_played":"-1270166563145731656","killed_by":"Slime Boss","ascension_level":0,"is_trial":false}