{"path_per_floor":["M","M","M","?","$","R","?","M","T","$","E","R","M","?","R","B",null,"M","?","M"],"character_chosen":"IRONCLAD","items_purchased":["Art of War","Jack Of All Trades","Inflame"],"gold_per_floor":[213,231,249,249,5,5,5,24,93,14,44,44,60,60,60,157,157,167,347,360],"floor_reached":21,"campfire_rested":2,"playtime":901,"current_hp_per_floor":[79,69,72,72,72,72,72,62,72,72,43,70,60,60,87,49,90,47,15,10],"items_purged":[],"gold":360,"score":179,"play_id":"334d3552-c5ab-43d3-a063-b9f20944f978","is_prod":false,"is_daily":false,"is_ascension_mode":false,"campfire_upgraded":1,"path_taken":["M","M","M","?","$","R","?","?","T","$","E","R","M","?","R","BOSS","M","?","M","M"],"build_version":"2018-02-12-PROD1","purchased_purges":0,"victory":false,"master_deck":["Strike_R","Strike_R","Strike_R","Strike_R","Defend_R","Defend_R","Defend_R","Defend_R","Bash","Anger","Anger","Inflame","Jack Of All Trades+1","Regret","Iron Wave","Inflame","Anger","Sword Boomerang","Heavy Blade","Demon Form","Heavy Blade","Flex","Thunderclap","Ghostly Armor","Berserk","Ghostly Armor+1","Deep Breath","Wild Strike"],"max_hp_per_floor":[80,80,80,80,80,80,80,80,90,90,90,90,90,90,90,90,90,90,90,90],"relics":["Burning Blood","Art of War","Pantograph","Pear","Ancient Tea Set","Orrery"],"card_choices":[{"not_picked":["Havoc","Flex"],"picked":"Anger"},{"not_picked":["True Grit","Clothesline"],"picked":"Anger"},{"not_picked":["Bloodletting","Hemokinesis"],"picked":"Inflame"},{"not_picked":["Disarm","Armaments"],"picked":"Iron Wave"},{"not_picked":["Combust","Clothesline"],"picked":"Anger"},{"not_picked":["Rupture","Thunderclap"],"picked":"Sword Boomerang"},{"not_picked":["Brutality","Bludgeon"],"picked":"Demon Form"},{"not_picked":["Havoc","Clash"],"picked":"Heavy Blade"},{"not_picked":["Warcry","Havoc"],"picked":"Flex"},{"not_picked":["Pommel Strike","Sword Boomerang"],"picked":"Thunderclap"},{"not_picked":["Entrench","Uppercut"],"picked":"Ghostly Armor"},{"not_picked":["Flame Barrier","Rampage"],"picked":"Berserk"},{"not_picked":["Warcry","Pommel Strike"],"picked":"Ghostly Armor"},{"not_picked":["Burning Pact","Heavy Blade"],"picked":"Wild Strike"}],"player_experience":70293,"potions_floor_usage":[8,8,16],"damage_taken":[{"damage":7,"enemies":"2 Louse","floor":1,"turns":4},{"damage":16,"enemies":"Blue Slaver","floor":2,"turns":5},{"damage":3,"enemies":"Jaw Worm","floor":3,"turns":4},{"damage":25,"enemies":"Red Slaver","floor":8,"turns":4},{"damage":35,"enemies":"Gremlin Nob","floor":11,"turns":5},{"damage":16,"enemies":"Gremlin Gang","floor":13,"turns":4},{"damage":47,"enemies":"Slime Boss","floor":16,"turns":8},{"damage":49,"enemies":"Shell Parasite","floor":18,"turns":7},{"damage":11,"enemies":"3 Byrds","floor":20,"turns":5},{"damage":16,"enemies":"Snake Plant","floor":21,"turns":1}],"event_choices":[{"event_name":"Golden Wing","player_choice":"Ignored","floor":4,"damage_taken":0},{"event_name":"Big Fish","player_choice":"Box","floor":7,"damage_taken":0},{"event_name":"Living Wall","player_choice":"Change","floor":14,"damage_taken":0},{"event_name":"Knowing Skull","player_choice":"GOLD GOLD CARD ","floor":19,"damage_taken":0}],"boss_relics":[{"not_picked":["Runic Cube","Cursed Key"],"picked":"Orrery"}],"potions_floor_spawned":[2,3,13,20],"seed_played":"7246642400975117338","killed_by":"Snake Plant","ascension_level":0,"is_trial":false}