{"path_per_floor":["M","?","?","$","M","R","M","R","T","M","M","?","R","M","R","B",null,"M","$","?","M","M","R","?","M","T","R","M","R","?","M","R","B",null,"M","M","M","?","$","R","M","M","T","R","?","M","R","$","R","B"],"character_chosen":"IRONCLAD","items_purchased":["Mind Blast","Tiny Chest","Power Through","Shrug It Off","Anger","Bronze Scales","Metallicize"],"gold_per_floor":[109,109,109,16,30,30,46,46,46,66,77,132,132,146,146,250,250,262,7,7,18,28,28,28,39,65,65,78,78,78,89,89,184,184,202,216,227,227,6,6,24,34,57,57,0,13,13,13,13,13],"floor_reached":51,"campfire_rested":4,"playtime":1817,"current_hp_per_floor":[71,53,53,53,59,59,61,61,61,52,50,32,56,62,62,51,80,73,73,73,48,41,75,75,72,72,80,80,80,64,64,74,18,80,57,80,44,64,64,78,58,47,47,80,80,66,80,80,80,34],"items_purged":[],"gold":13,"score":516,"play_id":"12205ef1-d2d1-4720-aa72-acbc3e34469a","is_prod":false,"is_daily":false,"is_ascension_mode":false,"campfire_upgraded":8,"path_taken":["M","?","?","?","M","R","M","R","T","M","M","?","R","M","R","BOSS","M","$","?","M","M","R","?","M","T","R","M","R","?","M","R","BOSS","M","?","?","?","$","R","M","M","T","R","?","?","R","$","R","BOSS"],"build_version":"2018-02-08-PROD1","purchased_purges":0,"victory":true,"master_deck":["Strike_R","Strike_R","Strike_R","Strike_R","Strike_R","Defend_R","Defend_R","Defend_R","Defend_R","Bash+1","Spot Weakness+1","Mind Blast+1","Shrug It Off","Limit Break+1","Burning Pact+1","Sword Boomerang","Seeing Red+1","Iron Wave+1","Reaper+1","Whirlwind+1","Power Through","Shrug It Off","Anger+1","Headbutt+1","Anger+1","Flex+1","Bludgeon+1","Necronomicurse","Ghostly Armor+1","Reaper+1","Flex+1","Perfected Strike+1","Shrug It Off+1","Writhe","Metallicize","Clothesline+1","Demon Form+1","Anger+1","Spot Weakness","Sever Soul+1"],"max_hp_per_floor":[80,80,80,80,80,80,80,80,80,80,80,80,80,80,80,80,80,80,80,80,80,80,80,80,80,80,80,80,80,80,80,80,80,80,80,80,80,80,80,80,80,80,80,80,80,80,80,80,80,80],"relics":["Burning Blood","Bag of Marbles","Ancient Tea Set","Red Skull","Torii","Molten Egg 2","Eternal Feather","Tiny Chest","Orichalcum","Necronomicon","Runic Cube","Bronze Scales","Dream Catcher","Red Mask"],"card_choices":[{"not_picked":["Pommel Strike","Rampage"],"picked":"Spot Weakness"},{"not_picked":["Anger","True Grit"],"picked":"Shrug It Off"},{"not_picked":["Headbutt","Burning Pact"],"picked":"Limit Break"},{"not_picked":["Disarm","Sword Boomerang"],"picked":"Burning Pact"},{"not_picked":["Rage","Dropkick"],"picked":"Sword Boomerang"},{"not_picked":["Blood for Blood","Cleave"],"picked":"Seeing Red"},{"not_picked":["Warcry","Clash"],"picked":"Iron Wave"},{"not_picked":["Double Tap","Juggernaut"],"picked":"Reaper"},{"not_picked":["Warcry","Combust"],"picked":"Whirlwind"},{"not_picked":["Clothesline","Sword Boomerang"],"picked":"Headbutt"},{"not_picked":["Fire Breathing","Armaments"],"picked":"Anger"},{"not_picked":["Cleave","Armaments"],"picked":"Flex"},{"not_picked":["Perfected Strike","Thunderclap"],"picked":"Bludgeon"},{"not_picked":["Combust","Rampage"],"picked":"Ghostly Armor"},{"not_picked":["Brutality","Dark Embrace"],"picked":"Reaper"},{"not_picked":["True Grit","Shrug It Off"],"picked":"Flex"},{"not_picked":["Clothesline","Burning Pact"],"picked":"Perfected Strike"},{"not_picked":["Body Slam","Dual Wield"],"picked":"Shrug It Off"},{"not_picked":["Sentinel","Entrench"],"picked":"Clothesline"},{"not_picked":["Sever Soul","Dual Wield"],"picked":"Demon Form"},{"not_picked":["Thunderclap","Clash"],"picked":"Anger"},{"not_picked":["Flex","Sword Boomerang"],"picked":"Spot Weakness"},{"not_picked":["Burning Pact","Shrug It Off"],"picked":"Sever Soul"}],"player_experience":56706,"potions_floor_usage":[],"damage_taken":[{"damage":15,"enemies":"Jaw Worm","floor":1,"turns":4},{"damage":0,"enemies":"2 Louse","floor":5,"turns":1},{"damage":4,"enemies":"Blue Slaver","floor":7,"turns":2},{"damage":15,"enemies":"Large Slime","floor":10,"turns":6},{"damage":8,"enemies":"Red Slaver","floor":11,"turns":2},{"damage":24,"enemies":"3 Sentries","floor":12,"turns":5},{"damage":0,"enemies":"Exordium Thugs","floor":14,"turns":3},{"damage":17,"enemies":"Slime Boss","floor":16,"turns":7},{"damage":13,"enemies":"Shell Parasite","floor":18,"turns":4},{"damage":40,"enemies":"Spheric Guardian","floor":21,"turns":7},{"damage":13,"enemies":"Snake Plant","floor":22,"turns":2},{"damage":14,"enemies":"Slaver and Parasite","floor":25,"turns":6},{"damage":0,"enemies":"Snecko","floor":28,"turns":3},{"damage":6,"enemies":"Cultist and Chosen","floor":31,"turns":4},{"damage":79,"enemies":"Champ","floor":33,"turns":8},{"damage":29,"enemies":"3 Shapes","floor":35,"turns":2},{"damage":1,"enemies":"3 Darklings","floor":36,"turns":4},{"damage":42,"enemies":"4 Shapes","floor":37,"turns":3},{"damage":28,"enemies":"Maw","floor":41,"turns":6},{"damage":37,"enemies":"Sphere and 2 Shapes","floor":42,"turns":3},{"damage":20,"enemies":"3 Darklings","floor":46,"turns":4},{"damage":101,"enemies":"Awakened One","floor":50,"turns":8}],"event_choices":[{"event_name":"Scrap Ooze","player_choice":"success","floor":2,"damage_taken":18},{"event_name":"Wheel of Change","player_choice":"Relic","floor":3,"damage_taken":0},{"event_name":"Dead Adventurer","player_choice":"Searched \u00272\u0027 times","floor":12,"damage_taken":0},{"event_name":"Drug Dealer","player_choice":"Ignored","floor":20,"damage_taken":0},{"event_name":"Beggar","player_choice":"Ignored","floor":24,"damage_taken":0},{"event_name":"Cursed Tome","player_choice":"Obtained Book","floor":30,"damage_taken":0},{"event_name":"Winding Halls","player_choice":"Writhe","floor":38,"damage_taken":0},{"event_name":"Tomb of Lord Red Mask","player_choice":"Paid","floor":45,"damage_taken":0}],"boss_relics":[{"not_picked":["Calling Bell","Velvet Choker"],"picked":"Eternal Feather"},{"not_picked":["Cursed Key","Philosopher\u0027s Stone"],"picked":"Runic Cube"}],"potions_floor_spawned":[5,12,14,16,18,31,33,35,36,41,46],"seed_played":"5191432757534405108","ascension_level":0,"is_trial":false}