{"path_per_floor":["M","?","M","M","M","R","$","R","T","?","?","$","M","M","R","B",null,"M","$","M","?","M","R","M","R","T","?","R","M"],"character_chosen":"IRONCLAD","items_purchased":["Inflame","Power Through","Pommel Strike","Finesse","Twin Strike"],"gold_per_floor":[117,117,133,152,172,172,10,10,10,10,10,10,20,35,35,131,131,151,26,41,41,59,59,69,69,69,69,69,84],"floor_reached":30,"campfire_rested":5,"playtime":1942,"current_hp_per_floor":[74,74,74,67,49,73,73,73,73,66,59,59,59,56,80,22,80,67,67,58,58,36,60,26,50,57,57,83,79],"items_purged":[],"gold":84,"score":222,"play_id":"aa3da11f-2894-4d72-b376-3aacb3bedc48","is_prod":false,"is_daily":false,"is_ascension_mode":false,"campfire_upgraded":1,"path_taken":["M","?","M","M","M","R","?","R","T","?","?","$","?","M","R","BOSS","M","$","M","?","M","R","M","R","T","?","R","M","M"],"build_version":"2018-02-08-PROD1","purchased_purges":0,"victory":false,"master_deck":["Strike_R","Strike_R","Strike_R","Strike_R","Strike_R","Defend_R","Defend_R","Defend_R","Defend_R","Bash","Evolve+1","Ghostly Armor","Anger","Inflame","Power Through","Pommel Strike","Spot Weakness","Anger","Limit Break","Havoc+1","Finesse","Twin Strike","Sword Boomerang","Carnage","Flame Barrier","Bludgeon","Rupture"],"max_hp_per_floor":[80,80,80,80,80,80,80,80,80,80,80,80,80,80,80,80,80,80,80,80,80,80,80,80,80,87,87,87,87],"relics":["Burning Blood","Sundial","Pen Nib","White Beast Statue","Strawberry"],"card_choices":[{"not_picked":["Clash","Rampage"],"picked":"Spot Weakness"},{"not_picked":["Entrench","Blood for Blood"],"picked":"Evolve"},{"not_picked":["Burning Pact","Rage"],"picked":"Ghostly Armor"},{"not_picked":["Body Slam","Bloodletting"],"picked":"Anger"},{"not_picked":["Clash","Clothesline"],"picked":"Spot Weakness"},{"not_picked":["Dark Embrace","Warcry"],"picked":"Anger"},{"not_picked":["Brutality","Demon Form"],"picked":"Limit Break"},{"not_picked":["Second Wind","Anger"],"picked":"Havoc"},{"not_picked":["Second Wind","Twin Strike"],"picked":"Sword Boomerang"},{"not_picked":["Iron Wave","Dual Wield"],"picked":"Flame Barrier"},{"not_picked":["Feel No Pain","Havoc"],"picked":"Bludgeon"},{"not_picked":["True Grit","Body Slam"],"picked":"Rupture"}],"player_experience":42283,"potions_floor_usage":[],"damage_taken":[{"damage":12,"enemies":"Cultist","floor":1,"turns":5},{"damage":6,"enemies":"2 Louse","floor":3,"turns":2},{"damage":13,"enemies":"Jaw Worm","floor":4,"turns":4},{"damage":24,"enemies":"Exordium Thugs","floor":5,"turns":7},{"damage":6,"enemies":"3 Louse","floor":13,"turns":5},{"damage":9,"enemies":"2 Fungi Beasts","floor":14,"turns":3},{"damage":64,"enemies":"Hexaghost","floor":16,"turns":11},{"damage":19,"enemies":"Shell Parasite","floor":18,"turns":4},{"damage":15,"enemies":"Spheric Guardian","floor":20,"turns":4},{"damage":28,"enemies":"Snecko","floor":22,"turns":6},{"damage":40,"enemies":"Snake Plant","floor":24,"turns":6},{"damage":10,"enemies":"Slaver and Parasite","floor":29,"turns":5},{"damage":88,"enemies":"3 Cultists","floor":30,"turns":7}],"event_choices":[{"event_name":"The Cleric","player_choice":"Leave","floor":2,"damage_taken":0},{"event_name":"Scrap Ooze","player_choice":"success","floor":10,"damage_taken":7},{"event_name":"Golden Wing","player_choice":"Card Removal","floor":11,"damage_taken":0},{"event_name":"The Library","player_choice":"Read","floor":21,"damage_taken":0},{"event_name":"Drug Dealer","player_choice":"Ignored","floor":27,"damage_taken":0}],"boss_relics":[{"not_picked":["Ectoplasm","Philosopher\u0027s Stone"],"picked":"White Beast Statue"}],"potions_floor_spawned":[4,5,13,14,18,20,22,24,29],"seed_played":"363928383254270838","killed_by":"3 Cultists","ascension_level":0,"is_trial":false}