{"path_per_floor":["M","?","M","M","M","E","R","?","T","R","M","M","R","$","R","B",null,"M","$","?","?","$","?","R","?","T","M","E","$","M","M","R"],"character_chosen":"IRONCLAD","items_purchased":["Jack Of All Trades","Body Slam","Dual Wield","Twin Strike","Pommel Strike","Shrug It Off","Seeing Red"],"gold_per_floor":[115,115,126,142,153,181,181,201,201,201,217,235,235,1,1,97,97,111,8,8,8,8,8,8,8,33,45,75,6,25,42,42],"floor_reached":33,"campfire_rested":6,"playtime":1506,"current_hp_per_floor":[80,64,63,59,57,41,65,53,53,77,55,34,58,58,80,33,80,56,56,56,41,41,41,66,66,66,56,32,32,18,15,40],"items_purged":[],"gold":42,"score":265,"play_id":"7ba4b78a-1b08-45ea-a8a3-364af6a598ca","is_prod":false,"is_daily":false,"is_ascension_mode":false,"campfire_upgraded":0,"path_taken":["M","?","?","M","?","E","R","?","T","R","?","M","R","$","R","BOSS","M","$","?","?","$","?","R","?","T","?","E","$","M","M","R","BOSS"],"build_version":"2018-02-08-PROD1","purchased_purges":0,"victory":false,"master_deck":["Strike_R","Strike_R+1","Strike_R","Strike_R","Strike_R","Defend_R","Defend_R","Defend_R","Defend_R","Bash+1","Wild Strike","Cleave","Power Through","Flex","Shrug It Off","Disarm","Berserk","Sentinel","Jack Of All Trades","Body Slam","Dual Wield","Twin Strike","Demon Form","Headbutt","Pommel Strike","Shrug It Off","Writhe","Inflame","Heavy Blade","Seeing Red+1","True Grit+1","Heavy Blade+1"],"max_hp_per_floor":[80,80,80,80,80,80,80,80,80,80,80,80,80,80,80,80,80,80,80,80,85,85,85,85,85,85,85,85,85,85,85,85],"relics":["Burning Blood","Art of War","Self Forming Clay","Odd Mushroom","Dead Branch","Mark of Pain","Toxic Egg 2","Bronze Scales","Shuriken"],"card_choices":[{"not_picked":["Pommel Strike","Headbutt"],"picked":"Wild Strike"},{"not_picked":["Entrench","Rampage"],"picked":"Cleave"},{"not_picked":["Pommel Strike","Cleave"],"picked":"Power Through"},{"not_picked":["Warcry","Shockwave"],"picked":"Flex"},{"not_picked":["Cleave","Sword Boomerang"],"picked":"Shrug It Off"},{"not_picked":["Headbutt","Body Slam"],"picked":"Disarm"},{"not_picked":["Warcry","Thunderclap"],"picked":"Berserk"},{"not_picked":["Warcry","Body Slam"],"picked":"Sentinel"},{"not_picked":["Juggernaut","Feed"],"picked":"Demon Form"},{"not_picked":["Thunderclap","Hemokinesis"],"picked":"Headbutt"},{"not_picked":["Dual Wield","Rampage"],"picked":"Inflame"},{"not_picked":["Rampage","Headbutt"],"picked":"Heavy Blade"},{"not_picked":["Thunderclap","Warcry"],"picked":"True Grit"},{"not_picked":["Clothesline","Twin Strike"],"picked":"Heavy Blade"}],"player_experience":63728,"potions_floor_usage":[6,28,28,28,30],"damage_taken":[{"damage":2,"enemies":"Cultist","floor":1,"turns":5},{"damage":7,"enemies":"2 Louse","floor":3,"turns":2},{"damage":10,"enemies":"Small Slimes","floor":4,"turns":4},{"damage":8,"enemies":"Red Slaver","floor":5,"turns":4},{"damage":22,"enemies":"3 Sentries","floor":6,"turns":8},{"damage":18,"enemies":"The Mushroom Lair","floor":8,"turns":5},{"damage":28,"enemies":"Gremlin Gang","floor":11,"turns":4},{"damage":27,"enemies":"Large Slime","floor":12,"turns":6},{"damage":53,"enemies":"Hexaghost","floor":16,"turns":11},{"damage":30,"enemies":"3 Byrds","floor":18,"turns":7},{"damage":16,"enemies":"Chosen","floor":27,"turns":6},{"damage":30,"enemies":"Gremlin Leader","floor":28,"turns":5},{"damage":20,"enemies":"Sentry and Sphere","floor":30,"turns":5},{"damage":23,"enemies":"3 Cultists","floor":31,"turns":5},{"damage":42,"enemies":"Champ","floor":33,"turns":9}],"event_choices":[{"event_name":"Shining Light","player_choice":"Entered Light","floor":2,"damage_taken":0},{"event_name":"Mushrooms","player_choice":"Fought Mushrooms","floor":8,"damage_taken":0},{"event_name":"Drug Dealer","player_choice":"Ignored","floor":20,"damage_taken":0},{"event_name":"Forgotten Altar","player_choice":"Shed Blood","floor":21,"damage_taken":0},{"event_name":"Vampires","player_choice":"Ignored","floor":23,"damage_taken":0},{"event_name":"The Mausoleum","player_choice":"Yes","floor":25,"damage_taken":0}],"boss_relics":[{"not_picked":["Lizard Tail","Astrolabe"],"picked":"Mark of Pain"}],"potions_floor_spawned":[4,5,11,12,27,28],"seed_played":"9221879545963850657","killed_by":"Champ","ascension_level":0,"is_trial":false}