{"path_per_floor":["M","?","M","M","?","R","E","M","T","M","M","M","?","M","R"],"character_chosen":"IRONCLAD","items_purchased":[],"gold_per_floor":[111,111,136,149,149,149,189,213,213,238,252,276,276,294,294],"floor_reached":16,"campfire_rested":1,"playtime":628,"current_hp_per_floor":[80,60,61,67,67,67,41,40,40,38,38,42,30,25,49],"items_purged":[],"gold":294,"score":106,"play_id":"1b28b1d6-e2f6-4474-be69-43386fa2ad6b","is_prod":false,"is_daily":false,"is_ascension_mode":false,"campfire_upgraded":1,"path_taken":["M","?","M","M","?","R","E","M","T","?","M","M","?","M","R","BOSS"],"build_version":"2018-02-08-PROD1","purchased_purges":0,"victory":false,"master_deck":["Strike_R","Strike_R","Strike_R","Strike_R","Defend_R","Defend_R","Defend_R","Defend_R","Bash","Juggernaut+1","Thunderclap","Seeing Red+1","Sword Boomerang","Battle Trance","Blood for Blood","Impervious","Anger","Twin Strike","Searing Blow"],"max_hp_per_floor":[80,80,80,80,80,80,80,80,80,80,80,80,80,80,80],"relics":["Burning Blood","Golden Idol","Paper Frog","Champion Belt","Smiling Mask"],"card_choices":[{"not_picked":["Sword Boomerang","Warcry"],"picked":"Thunderclap"},{"not_picked":["Pommel Strike","Reckless Charge"],"picked":"Seeing Red"},{"not_picked":["Thunderclap","Warcry"],"picked":"Sword Boomerang"},{"not_picked":["Sword Boomerang","Twin Strike"],"picked":"Battle Trance"},{"not_picked":["Intimidate","Disarm"],"picked":"Blood for Blood"},{"not_picked":["Shrug It Off","Pummel"],"picked":"Impervious"},{"not_picked":["Bloodletting","Sword Boomerang"],"picked":"Anger"},{"not_picked":["Headbutt","Clothesline"],"picked":"Twin Strike"},{"not_picked":["Iron Wave","Corruption"],"picked":"Searing Blow"}],"player_experience":53619,"potions_floor_usage":[],"damage_taken":[{"damage":6,"enemies":"Cultist","floor":1,"turns":5},{"damage":5,"enemies":"Jaw Worm","floor":3,"turns":5},{"damage":0,"enemies":"Small Slimes","floor":4,"turns":3},{"damage":32,"enemies":"Gremlin Nob","floor":7,"turns":4},{"damage":7,"enemies":"Exordium Thugs","floor":8,"turns":4},{"damage":8,"enemies":"Lots of Slimes","floor":10,"turns":3},{"damage":6,"enemies":"3 Louse","floor":11,"turns":3},{"damage":2,"enemies":"Looter","floor":12,"turns":3},{"damage":11,"enemies":"Exordium Thugs","floor":14,"turns":5},{"damage":52,"enemies":"Hexaghost","floor":16,"turns":11}],"event_choices":[{"event_name":"Golden Idol","player_choice":"Take Damage","floor":2,"damage_taken":0},{"event_name":"Upgrade Shrine","player_choice":"Upgraded","floor":5,"damage_taken":0},{"event_name":"Scrap Ooze","player_choice":"success","floor":13,"damage_taken":12}],"boss_relics":[],"potions_floor_spawned":[4,7,10,11],"seed_played":"8268089968194056844","killed_by":"Hexaghost","ascension_level":0,"is_trial":false}