{"path_per_floor":["M","$","?","M","M","M","?","?","T","M","M","?","M"],"character_chosen":"IRONCLAD","items_purchased":["Flex","Armaments"],"gold_per_floor":[119,41,41,52,72,86,86,86,137,158,182,182,207],"floor_reached":14,"campfire_rested":0,"playtime":417,"current_hp_per_floor":[67,67,67,59,58,44,44,44,44,33,23,23,17],"items_purged":[],"gold":207,"score":84,"play_id":"955af052-94c8-47e2-a309-14f93351dcb6","is_prod":false,"is_daily":false,"is_ascension_mode":false,"campfire_upgraded":0,"path_taken":["M","$","?","M","M","M","?","?","T","M","M","?","M","?"],"build_version":"2018-02-08-PROD1","purchased_purges":0,"victory":false,"master_deck":["Strike_R","Strike_R","Strike_R","Strike_R","Strike_R","Defend_R","Defend_R","Defend_R","Defend_R","Bash","Demon Form+1","Pommel Strike","Flex","Armaments","Regret","Flex","Evolve","Feel No Pain","Havoc","Shockwave","Flame Barrier"],"max_hp_per_floor":[80,80,80,80,80,80,74,74,74,74,74,74,74],"relics":["Burning Blood","Ancient Tea Set","Golden Idol","Bronze Scales"],"card_choices":[{"not_picked":["Clash","Warcry"],"picked":"Pommel Strike"},{"not_picked":["Whirlwind","Brutality"],"picked":"Flex"},{"not_picked":["Pommel Strike","Body Slam"],"picked":"Evolve"},{"not_picked":["Sword Boomerang","Cleave"],"picked":"Feel No Pain"},{"not_picked":["True Grit","Demon Form"],"picked":"Havoc"},{"not_picked":["Dropkick","Rupture"],"picked":"Shockwave"},{"not_picked":["Thunderclap","Body Slam"],"picked":"Flame Barrier"}],"player_experience":58523,"potions_floor_usage":[],"damage_taken":[{"damage":19,"enemies":"Jaw Worm","floor":1,"turns":4},{"damage":14,"enemies":"Small Slimes","floor":4,"turns":3},{"damage":7,"enemies":"2 Louse","floor":5,"turns":2},{"damage":20,"enemies":"2 Fungi Beasts","floor":6,"turns":4},{"damage":17,"enemies":"3 Louse","floor":10,"turns":3},{"damage":16,"enemies":"Exordium Thugs","floor":11,"turns":4},{"damage":12,"enemies":"Looter","floor":13,"turns":3},{"damage":20,"enemies":"2 Fungi Beasts","floor":14,"turns":4}],"event_choices":[{"event_name":"Big Fish","player_choice":"Box","floor":3,"damage_taken":0},{"event_name":"Golden Idol","player_choice":"Lose Max HP","floor":7,"damage_taken":0},{"event_name":"Living Wall","player_choice":"Grow","floor":8,"damage_taken":0},{"event_name":"The Woman in Blue","player_choice":"Bought 0 Potions","floor":12,"damage_taken":0}],"boss_relics":[],"potions_floor_spawned":[4,11],"seed_played":"-364763216944468126","killed_by":"2 Fungi Beasts","ascension_level":0,"is_trial":false}