{"path_per_floor":["M","M","M","M","M","E","R","M","T","R","T","M","M","T","R","B",null,"M","?","$","T","?","R","M","M","T","R","M","R","M","M","R"],"character_chosen":"IRONCLAD","items_purchased":["Prayer Wheel","Bludgeon","Power Through","Dual Wield"],"gold_per_floor":[115,135,146,159,174,205,205,218,271,271,296,315,326,326,326,428,428,445,360,3,3,3,3,13,23,98,98,111,111,123,138,138],"floor_reached":33,"campfire_rested":7,"playtime":1628,"current_hp_per_floor":[67,67,73,60,58,24,48,42,42,66,66,45,49,49,73,65,80,68,68,68,68,52,76,63,34,34,58,25,49,27,27,51],"items_purged":[],"gold":138,"score":279,"play_id":"019dacbf-2965-45a2-94c0-dee2613cfc52","is_prod":false,"is_daily":false,"is_ascension_mode":false,"campfire_upgraded":0,"path_taken":["M","?","M","M","M","E","R","M","T","R","?","?","M","?","R","BOSS","M","?","$","?","?","R","M","M","T","R","M","R","?","M","R","BOSS"],"build_version":"2018-02-12-PROD1","purchased_purges":0,"victory":false,"master_deck":["Bash","Pommel Strike","Carnage","Battle Trance","Ghostly Armor","Inflame","Searing Blow","Wild Strike","Perfected Strike","Inflame","Demon Form","Cleave","Battle Trance","Uppercut","Dropkick","Cleave","Body Slam","Cleave","Wild Strike","Wild Strike","Anger","Bludgeon","Power Through","Dual Wield","Flame Barrier","Rampage+1","Perfected Strike","Searing Blow","Entrench","Wild Strike","Anger"],"max_hp_per_floor":[80,80,80,80,80,80,80,80,80,80,80,80,80,80,80,80,80,80,80,80,80,80,80,80,80,80,80,80,80,80,80,80],"relics":["Burning Blood","War Paint","Shuriken","Tiny Chest","Orichalcum","Ginger","Pandora\u0027s Box","Smiling Mask","Prayer Wheel","Sundial","Nilry\u0027s Codex","Paper Frog"],"card_choices":[{"not_picked":["Sentinel","Dual Wield"],"picked":"Pommel Strike"},{"not_picked":["Perfected Strike","Seeing Red"],"picked":"Carnage"},{"not_picked":["Body Slam","Warcry"],"picked":"Battle Trance"},{"not_picked":["Armaments","Dropkick"],"picked":"Ghostly Armor"},{"not_picked":["Exhume","Thunderclap"],"picked":"Inflame"},{"not_picked":["Cleave","Second Wind"],"picked":"Searing Blow"},{"not_picked":["Cleave","Dropkick"],"picked":"Wild Strike"},{"not_picked":["Feel No Pain","Armaments"],"picked":"Perfected Strike"},{"not_picked":["Pummel","Perfected Strike"],"picked":"Inflame"},{"not_picked":["Reaper","Impervious"],"picked":"Demon Form"},{"not_picked":["Headbutt","Cleave"],"picked":"Anger"},{"not_picked":["Entrench","Seeing Red"],"picked":"Flame Barrier"},{"not_picked":["Perfected Strike","Dual Wield"],"picked":"Rampage"},{"not_picked":["Fire Breathing","Warcry"],"picked":"Perfected Strike"},{"not_picked":["Dual Wield","Blood for Blood"],"picked":"Searing Blow"},{"not_picked":["Anger","Pommel Strike"],"picked":"Entrench"},{"not_picked":["Perfected Strike","Intimidate"],"picked":"Wild Strike"},{"not_picked":["Corruption","Armaments"],"picked":"Anger"}],"player_experience":71194,"potions_floor_usage":[4,4,16,16,24,24,31,33],"damage_taken":[{"damage":19,"enemies":"Blue Slaver","floor":1,"turns":4},{"damage":6,"enemies":"Cultist","floor":2,"turns":3},{"damage":0,"enemies":"Small Slimes","floor":3,"turns":3},{"damage":19,"enemies":"Exordium Wildlife","floor":4,"turns":4},{"damage":8,"enemies":"Exordium Thugs","floor":5,"turns":4},{"damage":40,"enemies":"Lagavulin","floor":6,"turns":7},{"damage":12,"enemies":"3 Louse","floor":8,"turns":2},{"damage":27,"enemies":"Exordium Wildlife","floor":12,"turns":5},{"damage":2,"enemies":"Gremlin Gang","floor":13,"turns":4},{"damage":14,"enemies":"Slime Boss","floor":16,"turns":6},{"damage":18,"enemies":"2 Thieves","floor":18,"turns":4},{"damage":19,"enemies":"Shell Parasite","floor":24,"turns":5},{"damage":35,"enemies":"Chosen and Byrds","floor":25,"turns":7},{"damage":39,"enemies":"Snake Plant","floor":28,"turns":5},{"damage":28,"enemies":"Cultist and Chosen","floor":30,"turns":6},{"damage":6,"enemies":"Snecko","floor":31,"turns":3},{"damage":59,"enemies":"Champ","floor":33,"turns":13}],"event_choices":[{"event_name":"Addict","player_choice":"Obtained Relic","floor":19,"damage_taken":0},{"event_name":"Cursed Tome","player_choice":"Obtained Book","floor":22,"damage_taken":0}],"boss_relics":[{"not_picked":["Orrery","Runic Pyramid"],"picked":"Pandora\u0027s Box"}],"potions_floor_spawned":[2,3,12,13,16,18,30,31],"seed_played":"8433532549651573093","killed_by":"Champ","ascension_level":0,"is_trial":false}