{"path_per_floor":["M","?","M","M","$","R","?","R","T","T","?","R","M","M","R","B",null,"M","$","?","M","?","M","R","?","T","M","M","?","T","M","R"],"character_chosen":"IRONCLAD","items_purchased":["Tiny Chest","Bronze Scales","Mummified Hand"],"gold_per_floor":[115,290,306,317,37,37,37,37,37,37,112,112,130,149,149,248,248,260,17,17,33,33,51,51,51,132,148,164,164,164,180,180],"floor_reached":33,"campfire_rested":3,"playtime":1115,"current_hp_per_floor":[75,75,77,72,72,72,56,80,80,80,69,69,57,57,80,41,80,71,71,71,64,64,53,53,53,53,48,53,53,53,53,77],"items_purged":[],"gold":180,"score":237,"play_id":"c9c4e150-6d5d-4d54-b1ff-0cb776786357","is_prod":false,"is_daily":false,"is_ascension_mode":false,"campfire_upgraded":1,"path_taken":["M","?","M","M","$","R","?","R","T","?","?","R","M","M","R","BOSS","M","$","?","M","?","M","R","?","T","M","?","?","?","M","R","BOSS"],"build_version":"2018-02-08-PROD1","purchased_purges":0,"victory":false,"master_deck":["Bash","Offering+1","Clothesline","Metallicize","Havoc","Flex","Shrug It Off","Double Tap","Headbutt","Dual Wield","Burning Pact","Havoc","Combust","Havoc","Iron Wave","Wild Strike","Fire Breathing","Inflame","Iron Wave","Sword Boomerang","Flex+1","Infernal Blade+1","Flex+1"],"max_hp_per_floor":[80,80,80,80,80,80,80,80,80,80,80,80,80,80,80,80,80,80,80,80,80,80,80,80,80,80,80,80,80,80,80,80],"relics":["Burning Blood","Tiny Chest","Bronze Scales","Torii","Girya","Mummified Hand","Orichalcum","Nloth\u0027s Gift","Toxic Egg 2","Ginger"],"card_choices":[{"not_picked":["Body Slam","Entrench"],"picked":"Clothesline"},{"not_picked":["Thunderclap","Body Slam"],"picked":"Metallicize"},{"not_picked":["Immolate","Combust"],"picked":"Havoc"},{"not_picked":["Headbutt","Warcry"],"picked":"Flex"},{"not_picked":["Body Slam","Clash"],"picked":"Shrug It Off"},{"not_picked":["Berserk","Reaper"],"picked":"Double Tap"},{"not_picked":["Sentinel","Pommel Strike"],"picked":"Inflame"},{"not_picked":["Pommel Strike","Intimidate"],"picked":"Iron Wave"},{"not_picked":["Clash","Intimidate"],"picked":"Sword Boomerang"},{"not_picked":["Immolate","Body Slam"],"picked":"Flex"},{"not_picked":["Cleave","Wild Strike"],"picked":"Infernal Blade"},{"not_picked":["Seeing Red","Second Wind"],"picked":"Flex"}],"player_experience":54942,"potions_floor_usage":[],"damage_taken":[{"damage":11,"enemies":"2 Louse","floor":1,"turns":2},{"damage":4,"enemies":"Small Slimes","floor":3,"turns":2},{"damage":11,"enemies":"Jaw Worm","floor":4,"turns":3},{"damage":18,"enemies":"3 Louse","floor":13,"turns":4},{"damage":6,"enemies":"Large Slime","floor":14,"turns":5},{"damage":45,"enemies":"The Guardian","floor":16,"turns":14},{"damage":15,"enemies":"Chosen","floor":18,"turns":4},{"damage":13,"enemies":"Shell Parasite","floor":21,"turns":3},{"damage":17,"enemies":"Snake Plant","floor":23,"turns":2},{"damage":11,"enemies":"3 Cultists","floor":27,"turns":4},{"damage":1,"enemies":"Sentry and Sphere","floor":28,"turns":3},{"damage":6,"enemies":"Centurion and Healer","floor":31,"turns":3},{"damage":80,"enemies":"Champ","floor":33,"turns":8}],"event_choices":[{"event_name":"Liars Game","player_choice":"agreed","floor":2,"damage_taken":0},{"event_name":"Shining Light","player_choice":"Entered Light","floor":7,"damage_taken":0},{"event_name":"World of Goop","player_choice":"Gather Gold","floor":11,"damage_taken":0},{"event_name":"Fountain of Cleansing","player_choice":"Removed Curse","floor":20,"damage_taken":0},{"event_name":"The Mausoleum","player_choice":"Yes","floor":22,"damage_taken":0},{"event_name":"N\u0027loth","player_choice":"Traded a Pandora\u0027s Box","floor":25,"damage_taken":0},{"event_name":"Vampires","player_choice":"Ignored","floor":29,"damage_taken":0}],"boss_relics":[{"not_picked":["Calling Bell","Tiny House"],"picked":"Pandora\u0027s Box"}],"potions_floor_spawned":[4,14,16,23,27,28],"seed_played":"850608012861771671","killed_by":"Champ","ascension_level":0,"is_trial":false}