{"path_per_floor":["M","?","M","$","M","R","?","R","T","?","M","M","?","M","R","B",null,"M","$","?","M","?","R","M","?","T","R","M","E","?","M","R"],"character_chosen":"IRONCLAD","items_purchased":["Metallicize","Ghostly Armor","Mercury Hourglass","Evolve"],"gold_per_floor":[111,111,123,10,28,28,28,28,28,106,121,139,214,230,230,359,359,299,16,16,34,34,34,47,47,47,47,63,104,19,42,42],"floor_reached":33,"campfire_rested":4,"playtime":2652,"current_hp_per_floor":[80,90,90,90,90,90,68,90,90,78,79,79,68,68,90,21,90,80,80,80,64,64,90,72,72,72,72,61,38,38,10,37],"items_purged":[],"gold":42,"score":255,"play_id":"b85d04ae-dda8-4180-a26a-8b666f2cf56f","is_prod":false,"is_daily":false,"is_ascension_mode":false,"campfire_upgraded":2,"path_taken":["M","?","?","$","M","R","?","R","T","?","M","M","?","?","R","BOSS","M","$","?","?","?","R","M","?","T","R","M","E","?","M","R","BOSS"],"build_version":"2018-02-08-PROD1","purchased_purges":0,"victory":false,"master_deck":["Strike_R","Strike_R","Strike_R","Strike_R","Defend_R","Defend_R","Defend_R","Defend_R","Bash","Blood for Blood","Headbutt","Metallicize+1","Ghostly Armor","Pummel","Ghostly Armor","Infernal Blade","Spot Weakness","Bloodletting","Limit Break+1","Anger","Evolve","Iron Wave","Spot Weakness","Sword Boomerang+1","Flex","Twin Strike+1","Anger+1"],"max_hp_per_floor":[80,90,90,90,90,90,90,90,90,90,90,90,90,90,90,90,90,90,90,90,90,90,90,90,90,90,90,90,90,90,90,90],"relics":["Burning Blood","Bronze Scales","Pear","Golden Idol","Unceasing Top","Matryoshka","Mark of Pain","Mercury Hourglass","Ornamental Fan","Molten Egg 2","Centennial Puzzle","Toxic Egg 2"],"card_choices":[{"not_picked":["Cleave","Shrug It Off"],"picked":"Blood for Blood"},{"not_picked":["Sentinel","True Grit"],"picked":"Headbutt"},{"not_picked":["Second Wind","Twin Strike"],"picked":"Pummel"},{"not_picked":["Shrug It Off","Rampage"],"picked":"Ghostly Armor"},{"not_picked":["Warcry","Seeing Red"],"picked":"Infernal Blade"},{"not_picked":["Immolate","Pummel"],"picked":"Spot Weakness"},{"not_picked":["Sword Boomerang","Battle Trance"],"picked":"Bloodletting"},{"not_picked":["Bludgeon","Immolate"],"picked":"Limit Break"},{"not_picked":["Clothesline","Headbutt"],"picked":"Anger"},{"not_picked":["Disarm","Uppercut"],"picked":"Iron Wave"},{"not_picked":["Entrench","Sever Soul"],"picked":"Sword Boomerang"},{"not_picked":["Thunderclap","Reckless Charge"],"picked":"Flex"},{"not_picked":["Fiend Fire","Perfected Strike"],"picked":"Twin Strike"},{"not_picked":["Perfected Strike","Wild Strike"],"picked":"Anger"}],"player_experience":48400,"potions_floor_usage":[],"damage_taken":[{"damage":4,"enemies":"Cultist","floor":1,"turns":4},{"damage":5,"enemies":"Small Slimes","floor":3,"turns":3},{"damage":4,"enemies":"Blue Slaver","floor":5,"turns":4},{"damage":18,"enemies":"3 Sentries","floor":10,"turns":8},{"damage":5,"enemies":"Exordium Wildlife","floor":11,"turns":5},{"damage":6,"enemies":"Large Slime","floor":12,"turns":5},{"damage":6,"enemies":"Red Slaver","floor":14,"turns":4},{"damage":75,"enemies":"The Guardian","floor":16,"turns":8},{"damage":16,"enemies":"2 Thieves","floor":18,"turns":4},{"damage":22,"enemies":"Chosen","floor":21,"turns":7},{"damage":24,"enemies":"3 Cultists","floor":24,"turns":6},{"damage":17,"enemies":"Snake Plant","floor":28,"turns":2},{"damage":29,"enemies":"Gremlin Leader","floor":29,"turns":5},{"damage":34,"enemies":"Slaver and Parasite","floor":31,"turns":5},{"damage":43,"enemies":"Champ","floor":33,"turns":11}],"event_choices":[{"event_name":"Big Fish","player_choice":"Box","floor":2,"damage_taken":0},{"event_name":"Golden Idol","player_choice":"Take Damage","floor":7,"damage_taken":0},{"event_name":"Dead Adventurer","player_choice":"Searched \u00272\u0027 times","floor":10,"damage_taken":0},{"event_name":"World of Goop","player_choice":"Gather Gold","floor":13,"damage_taken":0},{"event_name":"Fountain of Cleansing","player_choice":"Removed Curse","floor":20,"damage_taken":0},{"event_name":"Duplicator","player_choice":"One dupe","floor":22,"damage_taken":0},{"event_name":"Purifier","player_choice":"One Purge","floor":25,"damage_taken":0},{"event_name":"Addict","player_choice":"Obtained Relic","floor":30,"damage_taken":0}],"boss_relics":[{"not_picked":["Astrolabe","Pandora\u0027s Box"],"picked":"Mark of Pain"}],"potions_floor_spawned":[5,10,11,12,16,21,24],"seed_played":"4765026184422669465","killed_by":"Champ","ascension_level":0,"is_trial":false}