{"path_per_floor":["M","?","?","M","$","R","?","M","T","T","$","E","M","?","R","B",null,"M","?","M","$","M","R","T","M","T","R","M","?","M","E","R"],"character_chosen":"IRONCLAD","items_purchased":["Orichalcum","Flex","Spot Weakness","Dream Catcher","Thinking Ahead"],"gold_per_floor":[214,214,214,224,24,24,47,62,88,88,12,43,63,238,238,335,335,352,352,366,25,45,45,45,65,90,90,101,26,39,70,70],"floor_reached":33,"campfire_rested":2,"playtime":1271,"current_hp_per_floor":[80,68,68,73,73,73,64,70,70,70,70,70,76,76,76,40,80,71,71,66,66,60,80,80,70,70,70,65,65,53,15,39],"items_purged":[],"gold":70,"score":316,"play_id":"efeffca2-a4bd-4782-b5f5-af71a6be073f","is_prod":false,"is_daily":false,"is_ascension_mode":false,"campfire_upgraded":3,"path_taken":["M","?","?","M","$","R","?","M","T","?","$","E","?","?","R","BOSS","M","?","?","$","M","R","?","M","T","R","M","?","M","E","R","BOSS"],"build_version":"2018-02-15-PROD1","purchased_purges":0,"victory":false,"master_deck":["Strike_R","Strike_R","Strike_R","Strike_R","Strike_R","Defend_R","Defend_R","Defend_R","Defend_R","Bash","Flame Barrier","Headbutt","Flex+1","Iron Wave","Disarm","Entrench","Spot Weakness+1","Perfected Strike","Clothesline","Doubt","Fiend Fire","Decay","Clumsy","Armaments+1","Writhe","Anger","Thinking Ahead","Thunderclap+1","Flex","Heavy Blade","Flex","Infernal Blade","Flex","Power Through","Flame Barrier","Cleave"],"max_hp_per_floor":[80,80,80,80,80,80,80,80,80,80,80,80,80,80,80,80,80,80,80,80,80,80,80,80,80,80,80,80,80,80,80,80],"relics":["Burning Blood","Anchor","Orichalcum","Odd Mushroom","Prayer Wheel","Bronze Scales","Bag of Marbles","Calling Bell","Ancient Tea Set","Calipers","Happy Flower","Letter Opener","Dream Catcher","Centennial Puzzle","Blood Vial","Meat on the Bone"],"card_choices":[{"not_picked":["Second Wind","Clothesline"],"picked":"Flame Barrier"},{"not_picked":["Feel No Pain","Clothesline"],"picked":"Headbutt"},{"not_picked":["Hemokinesis","Flex"],"picked":"Iron Wave"},{"not_picked":["True Grit","Searing Blow"],"picked":"Disarm"},{"not_picked":["Clothesline","Sword Boomerang"],"picked":"Entrench"},{"not_picked":["Havoc","Dark Embrace"],"picked":"Perfected Strike"},{"not_picked":["Sword Boomerang","Shrug It Off"],"picked":"Clothesline"},{"not_picked":["Reaper","Feed"],"picked":"Fiend Fire"},{"not_picked":["Dropkick","Clothesline"],"picked":"Armaments"},{"not_picked":["True Grit","Havoc"],"picked":"Anger"},{"not_picked":["Immolate","Armaments"],"picked":"Thunderclap"},{"not_picked":["Uppercut","Shockwave"],"picked":"Flex"},{"not_picked":["Headbutt","Combust"],"picked":"Heavy Blade"},{"not_picked":["Perfected Strike","Havoc"],"picked":"Flex"},{"not_picked":["Anger","Uppercut"],"picked":"Infernal Blade"},{"not_picked":["Pummel","Armaments"],"picked":"Flex"},{"not_picked":["Headbutt","Iron Wave"],"picked":"Power Through"},{"not_picked":["Reckless Charge","Sever Soul"],"picked":"Flame Barrier"},{"not_picked":["Burning Pact","Iron Wave"],"picked":"Cleave"}],"player_experience":108110,"potions_floor_usage":[7,16,16,20,31,31,33],"damage_taken":[{"damage":1,"enemies":"2 Louse","floor":1,"turns":2},{"damage":1,"enemies":"Jaw Worm","floor":4,"turns":4},{"damage":15,"enemies":"The Mushroom Lair","floor":7,"turns":4},{"damage":0,"enemies":"Cultist","floor":8,"turns":3},{"damage":6,"enemies":"3 Sentries","floor":12,"turns":7},{"damage":0,"enemies":"Looter","floor":13,"turns":3},{"damage":42,"enemies":"Slime Boss","floor":16,"turns":10},{"damage":15,"enemies":"Chosen","floor":18,"turns":3},{"damage":11,"enemies":"Shell Parasite","floor":20,"turns":7},{"damage":12,"enemies":"Snake Plant","floor":22,"turns":4},{"damage":16,"enemies":"3 Cultists","floor":25,"turns":5},{"damage":13,"enemies":"Centurion and Healer","floor":28,"turns":5},{"damage":20,"enemies":"Snecko","floor":30,"turns":6},{"damage":46,"enemies":"Gremlin Leader","floor":31,"turns":8},{"damage":65,"enemies":"Automaton","floor":33,"turns":6}],"event_choices":[{"event_name":"Scrap Ooze","player_choice":"success","floor":2,"damage_taken":12},{"event_name":"The Woman in Blue","player_choice":"Bought 0 Potions","floor":3,"damage_taken":0},{"event_name":"Mushrooms","player_choice":"Fought Mushrooms","floor":7,"damage_taken":0},{"event_name":"Liars Game","player_choice":"agreed","floor":14,"damage_taken":0},{"event_name":"The Mausoleum","player_choice":"Yes","floor":19,"damage_taken":0},{"event_name":"Beggar","player_choice":"Gave Gold","floor":29,"damage_taken":0}],"boss_relics":[{"not_picked":["Sozu","Runic Pyramid"],"picked":"Calling Bell"}],"potions_floor_spawned":[1,7,13,18,25,30,31],"seed_played":"472416980994176632","killed_by":"Automaton","ascension_level":0,"is_trial":false}