{"path_per_floor":["M","?","M","?","M","E","M","R","T","M","?","R","T","M","R","B",null,"M","$","M","?","M","R","M","?","T","R","M","?","M","M","R"],"character_chosen":"IRONCLAD","items_purchased":["Meat on the Bone","Lantern"],"gold_per_floor":[111,111,123,198,208,233,243,243,293,303,303,303,303,315,315,419,419,435,25,41,41,56,56,75,75,102,102,121,121,132,147,147],"floor_reached":33,"campfire_rested":3,"playtime":1242,"current_hp_per_floor":[75,59,62,51,56,19,27,51,51,59,52,52,52,58,83,17,84,80,80,66,66,58,84,63,63,63,63,44,44,55,82,82],"items_purged":[],"gold":147,"score":251,"play_id":"94607674-2c24-43f7-b6bd-ea753206d9ca","is_prod":false,"is_daily":false,"is_ascension_mode":false,"campfire_upgraded":3,"path_taken":["M","?","M","?","M","E","M","R","T","M","?","R","?","?","R","BOSS","M","$","M","?","M","R","M","?","T","R","M","?","?","M","R","BOSS"],"build_version":"2018-02-12-PROD1","purchased_purges":0,"victory":false,"master_deck":["Strike_R","Strike_R","Strike_R","Strike_R+1","Defend_R+1","Defend_R","Defend_R","Defend_R","Bash","Seeing Red+1","Metallicize","Impervious","Iron Wave","Whirlwind","Fiend Fire+1","Inflame","Normality","Inflame+1","Disarm","Ghostly Armor+1"],"max_hp_per_floor":[80,80,82,82,82,82,82,82,82,84,84,84,84,84,84,84,84,86,86,86,86,88,88,88,88,88,88,88,88,90,90,90],"relics":["Black Blood","Singing Bowl","Bronze Scales","Vajra","Red Skull","Meat on the Bone","Lantern","Letter Opener","Blood Vial","Ice Cream"],"card_choices":[{"not_picked":["Headbutt","Anger"],"picked":"Seeing Red"},{"not_picked":["Anger","Perfected Strike"],"picked":"Metallicize"},{"not_picked":["Clash","Offering"],"picked":"Impervious"},{"not_picked":["Cleave","Warcry"],"picked":"Iron Wave"},{"not_picked":["Shrug It Off","Thunderclap"],"picked":"Whirlwind"},{"not_picked":["Juggernaut","Reaper"],"picked":"Fiend Fire"},{"not_picked":["Clash","Wild Strike"],"picked":"Inflame"},{"not_picked":["True Grit","Cleave"],"picked":"Inflame"},{"not_picked":["Impervious","Warcry"],"picked":"Disarm"},{"not_picked":["Thunderclap","Flex"],"picked":"Ghostly Armor"}],"player_experience":94671,"potions_floor_usage":[6,7,16,18,28,28,28,30,31,33],"damage_taken":[{"damage":11,"enemies":"Jaw Worm","floor":1,"turns":4},{"damage":5,"enemies":"2 Louse","floor":3,"turns":3},{"damage":1,"enemies":"Cultist","floor":5,"turns":3},{"damage":43,"enemies":"Lagavulin","floor":6,"turns":11},{"damage":13,"enemies":"Large Slime","floor":7,"turns":8},{"damage":0,"enemies":"Red Slaver","floor":10,"turns":3},{"damage":0,"enemies":"2 Fungi Beasts","floor":14,"turns":4},{"damage":72,"enemies":"Slime Boss","floor":16,"turns":11},{"damage":16,"enemies":"Chosen","floor":18,"turns":5},{"damage":24,"enemies":"Spheric Guardian","floor":20,"turns":4},{"damage":20,"enemies":"Snecko","floor":22,"turns":7},{"damage":31,"enemies":"Snake Plant","floor":24,"turns":3},{"damage":43,"enemies":"3 Cultists","floor":28,"turns":6},{"damage":15,"enemies":"Snecko","floor":30,"turns":5},{"damage":0,"enemies":"Cultist and Chosen","floor":31,"turns":7},{"damage":97,"enemies":"Champ","floor":33,"turns":15}],"event_choices":[{"event_name":"Shining Light","player_choice":"Entered Light","floor":2,"damage_taken":0},{"event_name":"World of Goop","player_choice":"Gather Gold","floor":4,"damage_taken":0},{"event_name":"Golden Wing","player_choice":"Card Removal","floor":11,"damage_taken":0},{"event_name":"Accursed Blacksmith","player_choice":"Rummage","floor":21,"damage_taken":0},{"event_name":"The Lab","player_choice":"Got Potions","floor":25,"damage_taken":0},{"event_name":"The Mausoleum","player_choice":"Yes","floor":29,"damage_taken":0}],"boss_relics":[{"not_picked":["Tiny House","Astrolabe"],"picked":"Black Blood"}],"potions_floor_spawned":[3,6,14,16,24,28,30,31],"seed_played":"-8361215111392958183","killed_by":"Champ","ascension_level":0,"is_trial":false}