{"path_per_floor":["M","T","$","?","M","R","E","R","T","?","E","?","T","M","R","B",null,"M","$","M","$","?","R","M"],"character_chosen":"IRONCLAD","items_purchased":["Blood Vial","Self Forming Clay","Vajra","Inflame","Clothesline"],"gold_per_floor":[414,414,10,10,28,28,61,61,61,61,90,90,117,136,136,231,231,241,18,34,8,8,8,19],"floor_reached":25,"campfire_rested":3,"playtime":716,"current_hp_per_floor":[57,57,57,24,32,53,44,65,65,65,50,50,50,58,58,25,79,54,54,29,29,29,52,21],"items_purged":[],"gold":19,"score":207,"play_id":"737b9db7-82b3-4af3-8b2b-db0bf9cdc8f2","is_prod":false,"is_daily":false,"is_ascension_mode":false,"campfire_upgraded":1,"path_taken":["M","?","$","?","M","R","E","R","T","?","E","?","?","?","R","BOSS","M","$","?","$","?","R","M","M"],"build_version":"2018-02-08-PROD1","purchased_purges":0,"victory":false,"master_deck":["Strike_R","Strike_R","Strike_R","Strike_R","Defend_R","Defend_R","Defend_R","Defend_R","Bash","Infernal Blade+1","Thunderclap","Perfected Strike","Power Through","Headbutt","Anger","Reaper","Clumsy","Writhe","Writhe","Sword Boomerang+1","Inflame","Iron Wave","Clothesline","Warcry","Berserk","Bash","Armaments+1"],"max_hp_per_floor":[72,72,72,72,72,72,72,72,72,72,72,72,72,72,72,72,79,79,79,79,79,79,79,79],"relics":["Burning Blood","Old Coin","Art of War","Blood Vial","Self Forming Clay","Pen Nib","Lantern","Unceasing Top","Bag of Marbles","Prayer Wheel","Calling Bell","Strawberry","Omamori","Mummified Hand","Vajra"],"card_choices":[{"not_picked":["Shockwave","Brutality"],"picked":"Infernal Blade"},{"not_picked":["Bloodletting","Battle Trance"],"picked":"Thunderclap"},{"not_picked":["Burning Pact","Rage"],"picked":"Perfected Strike"},{"not_picked":["Immolate","True Grit"],"picked":"Headbutt"},{"not_picked":["Blood for Blood","True Grit"],"picked":"Anger"},{"not_picked":["Feed","Immolate"],"picked":"Reaper"},{"not_picked":["Clash","Twin Strike"],"picked":"Sword Boomerang"},{"not_picked":["Body Slam","Corruption"],"picked":"Iron Wave"},{"not_picked":["Warcry","Twin Strike"],"picked":"Armaments"}],"player_experience":68697,"potions_floor_usage":[5,7],"damage_taken":[{"damage":21,"enemies":"Blue Slaver","floor":1,"turns":4},{"damage":0,"enemies":"2 Louse","floor":5,"turns":2},{"damage":17,"enemies":"Gremlin Nob","floor":7,"turns":3},{"damage":23,"enemies":"Lagavulin","floor":11,"turns":8},{"damage":0,"enemies":"Jaw Worm","floor":14,"turns":2},{"damage":41,"enemies":"The Guardian","floor":16,"turns":9},{"damage":35,"enemies":"3 Byrds","floor":18,"turns":8},{"damage":33,"enemies":"Shell Parasite","floor":20,"turns":4},{"damage":44,"enemies":"Snecko","floor":24,"turns":6},{"damage":23,"enemies":"Slaver and Parasite","floor":25,"turns":1}],"event_choices":[{"event_name":"Scrap Ooze","player_choice":"success","floor":4,"damage_taken":33},{"event_name":"Living Wall","player_choice":"Change","floor":10,"damage_taken":0},{"event_name":"Golden Wing","player_choice":"Ignored","floor":12,"damage_taken":0},{"event_name":"Match and Keep!","player_choice":"3 cards matched","floor":22,"damage_taken":0}],"boss_relics":[{"not_picked":["Runic Pyramid","Sozu"],"picked":"Calling Bell"}],"potions_floor_spawned":[1,5,14,18],"seed_played":"1220143968372576362","killed_by":"Slaver and Parasite","ascension_level":0,"is_trial":false}