{"path_per_floor":["M","M","M","M","M","R","M","R","T","M","M","M","M","E","R"],"character_chosen":"IRONCLAD","items_purchased":[],"gold_per_floor":[112,132,149,162,177,177,196,196,223,239,250,270,288,320,320],"floor_reached":16,"campfire_rested":3,"playtime":807,"current_hp_per_floor":[67,65,62,55,33,57,56,80,80,80,80,64,63,15,39],"items_purged":[],"gold":320,"score":110,"play_id":"ee792d93-8b85-4494-983b-af004f9abaed","is_prod":false,"is_daily":false,"is_ascension_mode":false,"campfire_upgraded":0,"path_taken":["M","?","M","M","M","R","M","R","T","M","M","M","M","E","R","BOSS"],"build_version":"2018-02-08-PROD1","purchased_purges":0,"victory":false,"master_deck":["Strike_R","Strike_R","Strike_R","Strike_R","Strike_R","Defend_R","Defend_R","Defend_R","Defend_R","Bash","Dropkick","Twin Strike","Disarm","Whirlwind","Ghostly Armor","Searing Blow","Havoc","Evolve","Inflame","Entrench","Cleave+1"],"max_hp_per_floor":[80,80,80,80,80,80,80,80,80,80,80,80,80,80,80],"relics":["Burning Blood","Oddly Smooth Stone","Anchor","Molten Egg 2"],"card_choices":[{"not_picked":["True Grit","Armaments"],"picked":"Dropkick"},{"not_picked":["Havoc","Feel No Pain"],"picked":"Twin Strike"},{"not_picked":["Armaments","Corruption"],"picked":"Disarm"},{"not_picked":["Heavy Blade","Clothesline"],"picked":"Whirlwind"},{"not_picked":["Uppercut","Twin Strike"],"picked":"Ghostly Armor"},{"not_picked":["Clash","True Grit"],"picked":"Searing Blow"},{"not_picked":["Feel No Pain","Sever Soul"],"picked":"Havoc"},{"not_picked":["Blood for Blood","Dark Embrace"],"picked":"Evolve"},{"not_picked":["Intimidate","Perfected Strike"],"picked":"Inflame"},{"not_picked":["Shrug It Off","Sword Boomerang"],"picked":"Entrench"},{"not_picked":["Clothesline","Havoc"],"picked":"Cleave"}],"player_experience":60402,"potions_floor_usage":[],"damage_taken":[{"damage":19,"enemies":"Blue Slaver","floor":1,"turns":5},{"damage":8,"enemies":"2 Louse","floor":2,"turns":3},{"damage":9,"enemies":"Cultist","floor":3,"turns":4},{"damage":13,"enemies":"3 Louse","floor":4,"turns":4},{"damage":28,"enemies":"Gremlin Gang","floor":5,"turns":5},{"damage":7,"enemies":"2 Fungi Beasts","floor":7,"turns":4},{"damage":5,"enemies":"Exordium Wildlife","floor":10,"turns":4},{"damage":0,"enemies":"3 Louse","floor":11,"turns":3},{"damage":22,"enemies":"Large Slime","floor":12,"turns":5},{"damage":7,"enemies":"Exordium Thugs","floor":13,"turns":4},{"damage":54,"enemies":"Gremlin Nob","floor":14,"turns":5},{"damage":40,"enemies":"The Guardian","floor":16,"turns":15}],"event_choices":[],"boss_relics":[],"potions_floor_spawned":[2,4,5,7,13,14],"seed_played":"1714038144905703969","killed_by":"The Guardian","ascension_level":0,"is_trial":false}