{"path_per_floor":["M","?","$","M","M","R","E","R","T","M","?","?","M","M","R","B",null,"M","?","?","$","?","R","M","M","T","M","M","T","M"],"character_chosen":"IRONCLAD","items_purchased":["Anchor","Meat on the Bone","Disarm"],"gold_per_floor":[111,111,111,131,150,150,184,184,260,271,295,295,306,316,316,415,445,456,456,456,13,13,13,28,40,40,54,74,100,117],"floor_reached":31,"campfire_rested":0,"playtime":1482,"current_hp_per_floor":[80,80,80,80,80,80,61,61,61,62,50,79,86,81,81,10,92,75,75,75,75,75,75,59,52,52,63,53,53,24],"items_purged":[],"gold":117,"score":239,"play_id":"d29a107e-1cc8-46ae-bbdb-32fb50c8e7ee","is_prod":false,"is_daily":false,"is_ascension_mode":false,"campfire_upgraded":4,"path_taken":["M","?","$","M","?","R","E","R","T","M","?","?","M","M","R","BOSS","M","?","?","$","?","R","M","M","T","M","M","?","M","E"],"build_version":"2018-02-15-PROD1","purchased_purges":0,"victory":false,"master_deck":["Strike_R","Strike_R","Strike_R","Strike_R","Strike_R","Defend_R","Defend_R","Defend_R","Defend_R","Bash+1","Carnage+1","Ghostly Armor+1","Pummel+1","Searing Blow","Iron Wave","Rupture","Pommel Strike","Infernal Blade+1","Berserk","Shrug It Off","Flex","Disarm+1","Decay","Inflame+1","Armaments","Limit Break"],"max_hp_per_floor":[80,80,80,80,80,80,87,87,87,87,87,87,87,87,87,87,92,92,92,92,92,92,92,92,92,92,92,92,92,92],"relics":["Burning Blood","NeowsBlessing","Strawberry","Toolbox","Odd Mushroom","Tiny House","Anchor","Meat on the Bone","Du-Vu Doll","Happy Flower"],"card_choices":[{"not_picked":["Iron Wave","Corruption"],"picked":"Carnage"},{"not_picked":["Battle Trance","Sword Boomerang"],"picked":"Ghostly Armor"},{"not_picked":["Searing Blow","Twin Strike"],"picked":"Pummel"},{"not_picked":["True Grit","Body Slam"],"picked":"Searing Blow"},{"not_picked":["Clash","Shrug It Off"],"picked":"Iron Wave"},{"not_picked":["Sword Boomerang","Anger"],"picked":"Rupture"},{"not_picked":["Armaments","Searing Blow"],"picked":"Pommel Strike"},{"not_picked":["Headbutt","Perfected Strike"],"picked":"Infernal Blade"},{"not_picked":["Feed","Impervious"],"picked":"Berserk"},{"not_picked":["Iron Wave","Havoc"],"picked":"Shrug It Off"},{"not_picked":["Metallicize","Infernal Blade"],"picked":"Flex"},{"not_picked":["Shrug It Off","Cleave"],"picked":"Inflame"},{"not_picked":["Havoc","Combust"],"picked":"Armaments"},{"not_picked":["True Grit","Shockwave"],"picked":"Limit Break"}],"player_experience":125723,"potions_floor_usage":[7,11,13,14,14,16,25,27,27,30,31],"damage_taken":[{"damage":0,"enemies":"2 Louse","floor":1,"turns":1},{"damage":0,"enemies":"Cultist","floor":4,"turns":1},{"damage":0,"enemies":"Jaw Worm","floor":5,"turns":1},{"damage":32,"enemies":"3 Sentries","floor":7,"turns":11},{"damage":5,"enemies":"Lots of Slimes","floor":10,"turns":3},{"damage":18,"enemies":"The Mushroom Lair","floor":11,"turns":5},{"damage":5,"enemies":"Looter","floor":13,"turns":3},{"damage":11,"enemies":"Exordium Wildlife","floor":14,"turns":3},{"damage":77,"enemies":"The Guardian","floor":16,"turns":14},{"damage":23,"enemies":"3 Byrds","floor":18,"turns":6},{"damage":22,"enemies":"2 Thieves","floor":24,"turns":5},{"damage":25,"enemies":"Snake Plant","floor":25,"turns":4},{"damage":7,"enemies":"Centurion and Healer","floor":27,"turns":8},{"damage":16,"enemies":"Snecko","floor":28,"turns":6},{"damage":47,"enemies":"Sentry and Sphere","floor":30,"turns":7},{"damage":29,"enemies":"Slavers","floor":31,"turns":3}],"event_choices":[{"event_name":"The Lab","player_choice":"Got Potions","floor":2,"damage_taken":0},{"event_name":"Mushrooms","player_choice":"Fought Mushrooms","floor":11,"damage_taken":0},{"event_name":"Big Fish","player_choice":"Banana","floor":12,"damage_taken":0},{"event_name":"Beggar","player_choice":"Ignored","floor":19,"damage_taken":0},{"event_name":"Upgrade Shrine","player_choice":"Upgraded","floor":20,"damage_taken":0},{"event_name":"Forgotten Altar","player_choice":"Smashed Altar","floor":22,"damage_taken":0}],"boss_relics":[{"not_picked":["Calling Bell","Snecko Eye"],"picked":"Tiny House"}],"potions_floor_spawned":[7,10,11,13,14,24,25,28,30],"seed_played":"4617486083902049891","killed_by":"Slavers","ascension_level":0,"is_trial":false}