{"path_per_floor":["M","?","?","M","M","R","M","R","T","?","M","?","M","$","R","B",null,"M","?","M","$","?","R","M","M","T"],"character_chosen":"IRONCLAD","items_purchased":["Happy Flower","Entrench","Strawberry"],"gold_per_floor":[119,119,119,133,143,143,162,162,162,188,203,203,218,34,34,138,138,154,154,172,27,27,27,40,54,101],"floor_reached":27,"campfire_rested":2,"playtime":946,"current_hp_per_floor":[76,76,76,76,80,80,76,76,76,46,37,47,51,51,78,33,90,71,71,42,49,49,78,51,31,31],"items_purged":[],"gold":101,"score":230,"play_id":"2f891c02-0885-4488-aab3-eef0d086cb2a","is_prod":false,"is_daily":false,"is_ascension_mode":false,"campfire_upgraded":2,"path_taken":["M","?","?","M","M","R","?","R","T","?","?","?","M","$","R","BOSS","M","?","?","?","?","R","M","M","T","E"],"build_version":"2018-02-22-PROD2","purchased_purges":0,"victory":false,"master_deck":["Strike_R","Strike_R","Strike_R","Strike_R","Defend_R","Defend_R","Defend_R","Defend_R","Bash","Iron Wave","Blood for Blood","Flex","Dual Wield+1","Flame Barrier+1","Impervious","Clash","Thunderclap","Entrench","Feed","Infernal Blade","Doubt","Trip","Double Tap","Shrug It Off+1","Twin Strike","Intimidate"],"max_hp_per_floor":[80,80,80,80,80,80,80,80,80,80,80,90,90,90,90,90,90,90,90,90,97,97,97,97,97,97],"relics":["Burning Blood","Ginger","Odd Mushroom","Pear","Happy Flower","Sozu","Strawberry","Lantern"],"card_choices":[{"not_picked":["Twin Strike","Perfected Strike"],"picked":"Iron Wave"},{"not_picked":["Perfected Strike","Armaments"],"picked":"Flex"},{"not_picked":["True Grit","Thunderclap"],"picked":"Dual Wield"},{"not_picked":["Clothesline","Anger"],"picked":"Flame Barrier"},{"not_picked":["Thunderclap","Iron Wave"],"picked":"Impervious"},{"not_picked":["Havoc","Headbutt"],"picked":"Clash"},{"not_picked":["Warcry","Rampage"],"picked":"Thunderclap"},{"not_picked":["Exhume","Fiend Fire"],"picked":"Feed"},{"not_picked":["Dropkick","Headbutt"],"picked":"Infernal Blade"},{"not_picked":["Bloodletting","Entrench"],"picked":"Shrug It Off"},{"not_picked":["Perfected Strike","True Grit"],"picked":"Twin Strike"},{"not_picked":["Seeing Red","True Grit"],"picked":"Intimidate"}],"player_experience":130659,"potions_floor_usage":[10,11,16,16],"damage_taken":[{"damage":10,"enemies":"Small Slimes","floor":1,"turns":3},{"damage":6,"enemies":"Jaw Worm","floor":4,"turns":3},{"damage":0,"enemies":"Cultist","floor":5,"turns":3},{"damage":10,"enemies":"2 Fungi Beasts","floor":7,"turns":3},{"damage":36,"enemies":"The Mushroom Lair","floor":10,"turns":5},{"damage":15,"enemies":"Exordium Thugs","floor":11,"turns":6},{"damage":2,"enemies":"Blue Slaver","floor":13,"turns":4},{"damage":51,"enemies":"Hexaghost","floor":16,"turns":13},{"damage":25,"enemies":"2 Thieves","floor":18,"turns":5},{"damage":35,"enemies":"Spheric Guardian","floor":20,"turns":6},{"damage":33,"enemies":"3 Cultists","floor":24,"turns":6},{"damage":26,"enemies":"Snake Plant","floor":25,"turns":4},{"damage":38,"enemies":"Slavers","floor":27,"turns":3}],"event_choices":[{"event_name":"Living Wall","player_choice":"Change","floor":2,"damage_taken":0},{"event_name":"The Lab","player_choice":"Got Potions","floor":3,"damage_taken":0},{"event_name":"Mushrooms","player_choice":"Fought Mushrooms","floor":10,"damage_taken":0},{"event_name":"Dead Adventurer","player_choice":"Searched \u00272\u0027 times","floor":12,"damage_taken":0},{"event_name":"Match and Keep!","player_choice":"3 cards matched","floor":19,"damage_taken":0},{"event_name":"Drug Dealer","player_choice":"Ignored","floor":22,"damage_taken":0}],"boss_relics":[{"not_picked":["Question Card","Ectoplasm"],"picked":"Sozu"}],"potions_floor_spawned":[7,10,20,25],"seed_played":"-3336278974642786632","killed_by":"Slavers","ascension_level":0,"is_trial":false}