{"path_per_floor":["M","?","?","M","M","R","M","?","T","M","M","R","M","M","R","B",null,"M","?","M","M","?","R","M","R","T","T","M","$","?"],"character_chosen":"IRONCLAD","items_purchased":["Girya","Heavy Blade"],"gold_per_floor":[118,118,118,136,149,149,161,161,161,174,195,195,219,232,232,358,358,382,382,397,418,418,418,441,441,465,465,489,127,217],"floor_reached":31,"campfire_rested":3,"playtime":1269,"current_hp_per_floor":[73,73,57,58,59,59,60,60,60,40,37,76,80,80,80,31,80,84,84,77,58,58,84,24,65,65,65,46,46,30],"items_purged":[],"gold":217,"score":231,"play_id":"a56e4353-ed50-4160-8163-d531697ebc12","local_time":"20180303200555","is_prod":false,"is_daily":false,"is_ascension_mode":false,"campfire_upgraded":2,"timestamp":1520125555,"path_taken":["M","?","?","M","?","R","M","?","T","M","?","R","M","M","R","BOSS","M","?","M","?","?","R","M","R","T","?","M","$","?","E"],"build_version":"2018-03-01-PROD1","purchased_purges":0,"victory":false,"master_deck":["Strike_R+1","Defend_R+1","Defend_R+1","Defend_R+1","Defend_R+1","Bash","Blood for Blood+1","Bloodletting","Entrench+1","Shockwave","Heavy Blade","Injury","Dropkick","Metallicize","Clothesline","Armaments+1","Impervious","Heavy Blade+1","Sever Soul+1","Feed+1","Flame Barrier","Metallicize","Feel No Pain+1","Brutality","Cleave","Reaper","Heavy Blade"],"max_hp_per_floor":[80,80,80,80,80,80,80,80,80,80,80,80,80,80,80,80,80,84,84,84,84,84,84,88,88,88,88,88,88,88],"relics":["Burning Blood","Regal Pillow","Golden Idol","Magic Flower","Astrolabe","Ancient Tea Set","Bronze Scales","Girya"],"card_choices":[{"not_picked":["True Grit","Rampage"],"picked":"Blood for Blood"},{"not_picked":["Flex","Dropkick"],"picked":"Entrench"},{"not_picked":["Thunderclap","Anger"],"picked":"Shockwave"},{"not_picked":["Power Through","True Grit"],"picked":"Heavy Blade"},{"not_picked":["Combust","Warcry"],"picked":"Dropkick"},{"not_picked":["Burning Pact","Ghostly Armor"],"picked":"Metallicize"},{"not_picked":["Dark Embrace","Second Wind"],"picked":"Clothesline"},{"not_picked":["Entrench","Flex"],"picked":"Armaments"},{"not_picked":["Offering","Reaper"],"picked":"Impervious"},{"not_picked":["Wild Strike","Clash"],"picked":"Flame Barrier"},{"not_picked":["Wild Strike","Battle Trance"],"picked":"Feel No Pain"},{"not_picked":["Twin Strike","Warcry"],"picked":"Brutality"},{"not_picked":["Perfected Strike","Warcry"],"picked":"Cleave"},{"not_picked":["Wild Strike","Clash"],"picked":"Reaper"}],"player_experience":139702,"potions_floor_usage":[10,10,11,18,20,28],"damage_taken":[{"damage":13,"enemies":"Jaw Worm","floor":1,"turns":4},{"damage":5,"enemies":"Small Slimes","floor":4,"turns":3},{"damage":5,"enemies":"2 Louse","floor":5,"turns":2},{"damage":5,"enemies":"Looter","floor":7,"turns":2},{"damage":29,"enemies":"Lots of Slimes","floor":10,"turns":6},{"damage":12,"enemies":"Large Slime","floor":11,"turns":4},{"damage":5,"enemies":"Blue Slaver","floor":13,"turns":4},{"damage":8,"enemies":"Looter","floor":14,"turns":3},{"damage":58,"enemies":"The Guardian","floor":16,"turns":15},{"damage":10,"enemies":"Shell Parasite","floor":18,"turns":7},{"damage":16,"enemies":"Chosen","floor":20,"turns":6},{"damage":28,"enemies":"Snecko","floor":21,"turns":9},{"damage":75,"enemies":"Sentry and Sphere","floor":24,"turns":6},{"damage":28,"enemies":"Centurion and Healer","floor":28,"turns":10},{"damage":33,"enemies":"Slavers","floor":31,"turns":3}],"event_choices":[{"event_name":"Living Wall","player_choice":"Change","floor":2,"damage_taken":0},{"event_name":"Shining Light","player_choice":"Entered Light","floor":3,"damage_taken":0},{"event_name":"Golden Idol","player_choice":"Take Wound","floor":8,"damage_taken":0},{"event_name":"The Library","player_choice":"Read","floor":19,"damage_taken":0},{"event_name":"Back to Basics","player_choice":"Simplicity","floor":22,"damage_taken":0},{"event_name":"Knowing Skull","player_choice":"GOLD ","floor":30,"damage_taken":0}],"boss_relics":[{"not_picked":["Sozu","White Beast Statue"],"picked":"Astrolabe"}],"potions_floor_spawned":[5,7,10,16,18,24],"seed_played":"-7584773939609832339","killed_by":"Slavers","ascension_level":0,"is_trial":false}