{"path_per_floor":["M","?","M","?","?","R","E","T","T","M","$","M","R","?","R","B",null,"M","?","$","?","T","R","M","R","T","R","M","M","M"],"character_chosen":"IRONCLAD","items_purchased":["Regal Pillow","Iron Wave"],"gold_per_floor":[109,109,129,129,129,129,165,165,165,179,4,20,20,56,56,177,177,190,190,190,190,217,217,235,235,235,235,260,284,304],"floor_reached":31,"campfire_rested":3,"playtime":955,"current_hp_per_floor":[75,75,69,69,69,69,29,29,29,35,35,31,70,57,80,13,80,74,74,74,74,81,81,53,87,87,87,76,44,22],"items_purged":[],"gold":304,"score":233,"play_id":"d276f626-7b37-4348-b5aa-24eb990baa5b","local_time":"20180303104644","is_prod":false,"is_daily":false,"is_ascension_mode":false,"campfire_upgraded":3,"timestamp":1520092004,"path_taken":["M","?","M","?","?","R","E","?","T","M","$","M","R","?","R","BOSS","M","?","$","?","?","R","M","R","T","R","M","?","M","M"],"build_version":"2018-03-01-PROD1","purchased_purges":0,"victory":false,"master_deck":["Strike_R","Strike_R","Strike_R","Strike_R","Defend_R","Defend_R","Defend_R","Defend_R","Bash","Flex+1","Twin Strike","Injury","Regret","Shockwave","Uppercut","Iron Wave","Uppercut","Armaments+1","Limit Break+1","Thunderclap","Dual Wield","Blood for Blood+1","Flex","Limit Break","Sword Boomerang"],"max_hp_per_floor":[80,80,80,80,80,80,80,80,80,80,80,80,80,80,80,80,80,80,80,80,80,87,87,87,87,87,87,87,87,87],"relics":["Burning Blood","Golden Idol","Happy Flower","Darkstone Periapt","Ice Cream","Calipers","Regal Pillow","Odd Mushroom","Mark of Pain","Strawberry","Bird Faced Urn"],"card_choices":[{"not_picked":["Headbutt","Fiend Fire"],"picked":"Flex"},{"not_picked":["Warcry","Clothesline"],"picked":"Twin Strike"},{"not_picked":["True Grit","Iron Wave"],"picked":"Shockwave"},{"not_picked":["Combust","Anger"],"picked":"Uppercut"},{"not_picked":["Clothesline","Battle Trance"],"picked":"Uppercut"},{"not_picked":["Pommel Strike","Perfected Strike"],"picked":"Armaments"},{"not_picked":["Bludgeon","Exhume"],"picked":"Limit Break"},{"not_picked":["Clothesline","Anger"],"picked":"Thunderclap"},{"not_picked":["Perfected Strike","Anger"],"picked":"Blood for Blood"},{"not_picked":["Perfected Strike","Body Slam"],"picked":"Flex"},{"not_picked":["Wild Strike","Thunderclap"],"picked":"Limit Break"},{"not_picked":["Dropkick","Bloodletting"],"picked":"Sword Boomerang"}],"player_experience":136851,"potions_floor_usage":[10,12,14,28,31],"damage_taken":[{"damage":11,"enemies":"Jaw Worm","floor":1,"turns":4},{"damage":12,"enemies":"Small Slimes","floor":3,"turns":3},{"damage":46,"enemies":"Lagavulin","floor":7,"turns":8},{"damage":0,"enemies":"Cultist","floor":10,"turns":2},{"damage":19,"enemies":"3 Louse","floor":12,"turns":4},{"damage":19,"enemies":"The Mushroom Lair","floor":14,"turns":4},{"damage":73,"enemies":"The Guardian","floor":16,"turns":15},{"damage":12,"enemies":"Chosen","floor":18,"turns":6},{"damage":34,"enemies":"2 Thieves","floor":24,"turns":4},{"damage":17,"enemies":"Cultist and Chosen","floor":28,"turns":7},{"damage":38,"enemies":"3 Cultists","floor":29,"turns":6},{"damage":28,"enemies":"Snake Plant","floor":30,"turns":4},{"damage":31,"enemies":"Slaver and Parasite","floor":31,"turns":3}],"event_choices":[{"event_name":"Golden Wing","player_choice":"Ignored","floor":2,"damage_taken":0},{"event_name":"Golden Idol","player_choice":"Take Wound","floor":4,"damage_taken":0},{"event_name":"Big Fish","player_choice":"Box","floor":5,"damage_taken":0},{"event_name":"Mushrooms","player_choice":"Fought Mushrooms","floor":14,"damage_taken":0},{"event_name":"Transmorgrifier","player_choice":"Transform","floor":19,"damage_taken":0},{"event_name":"Drug Dealer","player_choice":"Ignored","floor":21,"damage_taken":0}],"boss_relics":[{"not_picked":["Astrolabe","Philosopher\u0027s Stone"],"picked":"Mark of Pain"}],"potions_floor_spawned":[7,10,12,18,30],"seed_played":"-5597996280986117230","killed_by":"Slaver and Parasite","ascension_level":0,"is_trial":false}