{"path_per_floor":["M","?","M","M","M","R","M","R","T","?","E","$","M","?","R"],"character_chosen":"IRONCLAD","items_purchased":["Shuriken","Tiny Chest","Bludgeon"],"gold_per_floor":[117,117,135,155,173,173,192,192,242,417,446,15,27,27,27],"floor_reached":16,"campfire_rested":1,"playtime":2367,"current_hp_per_floor":[66,66,67,63,69,69,70,70,70,70,51,51,32,32,56],"items_purged":[],"gold":27,"score":102,"play_id":"c4aca4f0-eea8-45e7-90ac-7131896952ca","local_time":"20180304003854","is_prod":false,"is_daily":false,"is_ascension_mode":false,"campfire_upgraded":2,"timestamp":1520141934,"path_taken":["M","?","M","M","M","R","?","R","T","?","E","$","M","?","R","BOSS"],"build_version":"2018-03-01-PROD1","purchased_purges":0,"victory":false,"master_deck":["Strike_R","Strike_R","Strike_R","Strike_R","Defend_R","Defend_R","Defend_R","Defend_R","Bash","Infernal Blade","Barricade","Flame Barrier","Sword Boomerang","Intimidate+1","Shockwave+1","Doubt","Pommel Strike","Bludgeon","Hemokinesis","Injury"],"max_hp_per_floor":[80,80,80,80,80,80,80,80,80,80,80,80,80,80,80],"relics":["Burning Blood","Pen Nib","Oddly Smooth Stone","Shuriken","Tiny Chest","Golden Idol"],"card_choices":[{"not_picked":["Wild Strike","Disarm"],"picked":"Infernal Blade"},{"not_picked":["Intimidate","Pommel Strike"],"picked":"Flame Barrier"},{"not_picked":["Armaments","Warcry"],"picked":"Sword Boomerang"},{"not_picked":["Body Slam","Disarm"],"picked":"Intimidate"},{"not_picked":["Dual Wield","Double Tap"],"picked":"Shockwave"},{"not_picked":["Sentinel","Clash"],"picked":"Pommel Strike"},{"not_picked":["Havoc","Headbutt"],"picked":"Hemokinesis"}],"player_experience":141324,"potions_floor_usage":[5,11,16,16],"damage_taken":[{"damage":20,"enemies":"Jaw Worm","floor":1,"turns":4},{"damage":5,"enemies":"Small Slimes","floor":3,"turns":4},{"damage":10,"enemies":"Cultist","floor":4,"turns":4},{"damage":0,"enemies":"3 Louse","floor":5,"turns":1},{"damage":5,"enemies":"Large Slime","floor":7,"turns":7},{"damage":25,"enemies":"Lagavulin","floor":11,"turns":8},{"damage":25,"enemies":"Exordium Wildlife","floor":13,"turns":4},{"damage":62,"enemies":"The Guardian","floor":16,"turns":10}],"event_choices":[{"event_name":"Living Wall","player_choice":"Change","floor":2,"damage_taken":0},{"event_name":"Liars Game","player_choice":"agreed","floor":10,"damage_taken":0},{"event_name":"Golden Idol","player_choice":"Take Wound","floor":14,"damage_taken":0}],"boss_relics":[],"potions_floor_spawned":[3,5,7,11],"seed_played":"4117717502435714109","killed_by":"The Guardian","ascension_level":0,"is_trial":false}