{"path_per_floor":["M","$","M","M","?","R","M","?","T","?","M","?","$","M","R"],"character_chosen":"IRONCLAD","items_purchased":["Sentinel"],"gold_per_floor":[117,83,102,120,120,120,136,136,136,136,154,211,211,231,231],"floor_reached":16,"campfire_rested":1,"playtime":627,"current_hp_per_floor":[80,80,80,76,76,76,79,79,79,79,76,42,42,44,68],"items_purged":[],"gold":231,"score":92,"play_id":"ea81b7fb-8867-4d92-9367-e9501b6b3232","local_time":"20180303192714","is_prod":false,"is_daily":false,"is_ascension_mode":false,"campfire_upgraded":1,"timestamp":1520123234,"path_taken":["M","$","M","?","?","R","M","?","T","?","?","?","$","M","R","BOSS"],"build_version":"2018-03-01-PROD1","purchased_purges":0,"victory":false,"master_deck":["Strike_R","Strike_R","Strike_R","Strike_R","Defend_R","Defend_R","Defend_R","Defend_R","Bash","True Grit","Sentinel","Shrug It Off","Armaments+1","Shrug It Off","True Grit","Offering","Dark Embrace","Seeing Red","Burning Pact"],"max_hp_per_floor":[80,80,80,80,80,80,80,80,80,80,80,80,80,80,80],"relics":["Burning Blood","Prayer Wheel","Unceasing Top","Champion Belt"],"card_choices":[{"not_picked":["Dual Wield","Clash"],"picked":"True Grit"},{"not_picked":["Hemokinesis","Body Slam"],"picked":"Shrug It Off"},{"not_picked":["Fire Breathing","Seeing Red"],"picked":"Armaments"},{"not_picked":["Headbutt","Battle Trance"],"picked":"Shrug It Off"},{"not_picked":["Armaments","Body Slam"],"picked":"True Grit"},{"not_picked":["Headbutt","Dropkick"],"picked":"Dark Embrace"},{"not_picked":["Power Through","Heavy Blade"],"picked":"Seeing Red"},{"not_picked":["Bloodletting","Searing Blow"],"picked":"Burning Pact"}],"player_experience":138059,"potions_floor_usage":[3,7,12],"damage_taken":[{"damage":6,"enemies":"Cultist","floor":1,"turns":3},{"damage":6,"enemies":"2 Louse","floor":3,"turns":2},{"damage":10,"enemies":"Jaw Worm","floor":4,"turns":5},{"damage":3,"enemies":"Large Slime","floor":7,"turns":6},{"damage":9,"enemies":"3 Louse","floor":11,"turns":5},{"damage":40,"enemies":"Gremlin Nob","floor":12,"turns":5},{"damage":4,"enemies":"2 Fungi Beasts","floor":14,"turns":4},{"damage":68,"enemies":"Hexaghost","floor":16,"turns":16}],"event_choices":[{"event_name":"Purifier","player_choice":"Skipped","floor":5,"damage_taken":0},{"event_name":"The Cleric","player_choice":"Leave","floor":8,"damage_taken":0},{"event_name":"Living Wall","player_choice":"Change","floor":10,"damage_taken":0},{"event_name":"Dead Adventurer","player_choice":"Searched \u00272\u0027 times","floor":12,"damage_taken":0}],"boss_relics":[],"potions_floor_spawned":[1,4,11],"seed_played":"8160557070742279531","killed_by":"Hexaghost","ascension_level":0,"is_trial":false}