{"path_per_floor":["M","?","?","M","M","E","R","M","T","$","M","M","M","M","R","B",null,"M","?","?","M","$","M","R","M","T","M","R","M","M"],"character_chosen":"IRONCLAD","items_purchased":["Red Skull","War Paint","Clothesline","Rupture"],"gold_per_floor":[359,425,425,442,453,487,487,505,505,27,42,54,73,92,92,187,187,200,125,125,145,73,92,92,105,105,117,117,129,143,143],"floor_reached":31,"campfire_rested":3,"playtime":1565,"current_hp_per_floor":[80,80,80,80,80,56,56,54,54,54,58,50,54,52,76,28,80,65,65,65,58,58,39,63,57,57,20,44,22,23,0],"items_purged":[],"gold":143,"score":245,"play_id":"23d28d66-037c-4dba-af8c-21f1a808b8f6","local_time":"20180415100215","is_prod":false,"is_daily":false,"chose_seed":false,"is_ascension_mode":false,"campfire_upgraded":1,"timestamp":1523800935,"path_taken":["M","?","?","?","M","E","R","M","T","$","M","?","M","M","R","BOSS","M","?","?","M","$","M","R","M","T","M","R","M","M","M"],"build_version":"2018-04-12","seed_source_timestamp":438184540944690,"purchased_purges":0,"victory":false,"master_deck":["Strike_R","Strike_R","Strike_R","Strike_R","Strike_R","Defend_R","Defend_R","Defend_R","Defend_R+1","Bash","Carnage+1","Burning Pact","Hemokinesis+1","Flame Barrier+1","Blood for Blood","Clothesline","Wild Strike","Bloodletting","Hemokinesis","Infernal Blade","Immolate","Uppercut","Burning Pact+1","Rupture","Rage+1","Bloodletting","Burning Pact+1","Twin Strike+1","Barricade"],"max_hp_per_floor":[80,80,80,80,80,80,80,80,80,80,80,80,80,80,80,80,80,80,80,80,80,80,80,80,80,80,80,80,80,80,80],"relics":["Burning Blood","Vajra","Mummified Hand","Red Skull","War Paint","Mark of Pain","Question Card"],"card_choices":[{"not_picked":["Iron Wave","Sword Boomerang"],"picked":"Carnage","floor":1},{"not_picked":["Shrug It Off","Whirlwind"],"picked":"Burning Pact","floor":4},{"not_picked":["Corruption","Sword Boomerang"],"picked":"Hemokinesis","floor":5},{"not_picked":["Clash","Warcry"],"picked":"Flame Barrier","floor":6},{"not_picked":["Sword Boomerang","Sentinel"],"picked":"Blood for Blood","floor":8},{"not_picked":["True Grit","Warcry"],"picked":"Wild Strike","floor":11},{"not_picked":["Havoc","Reckless Charge"],"picked":"Bloodletting","floor":12},{"not_picked":["Warcry","Dropkick"],"picked":"Hemokinesis","floor":13},{"not_picked":["Pommel Strike","Thunderclap"],"picked":"Infernal Blade","floor":14},{"not_picked":["Impervious","Offering"],"picked":"Immolate","floor":16},{"not_picked":["Headbutt","Thunderclap"],"picked":"Uppercut","floor":18},{"not_picked":["Carnage","Warcry"],"picked":"Burning Pact","floor":21},{"not_picked":["Headbutt","Sever Soul"],"picked":"Rage","floor":23},{"not_picked":["Feel No Pain","Anger"],"picked":"Bloodletting","floor":25},{"not_picked":["Second Wind","Searing Blow","Combust"],"picked":"Burning Pact","floor":27},{"not_picked":["Pommel Strike","Havoc","Burning Pact"],"picked":"Twin Strike","floor":29},{"not_picked":["Twin Strike","Warcry","Burning Pact"],"picked":"Barricade","floor":30}],"player_experience":177311,"potions_floor_usage":[5,12,12,13,14,16,23,25],"damage_taken":[{"damage":6,"enemies":"Cultist","floor":1,"turns":3},{"damage":0,"enemies":"Small Slimes","floor":4,"turns":2},{"damage":0,"enemies":"Jaw Worm","floor":5,"turns":1},{"damage":30,"enemies":"3 Sentries","floor":6,"turns":8},{"damage":8,"enemies":"3 Louse","floor":8,"turns":3},{"damage":2,"enemies":"Red Slaver","floor":11,"turns":3},{"damage":14,"enemies":"Gremlin Gang","floor":12,"turns":5},{"damage":2,"enemies":"2 Fungi Beasts","floor":13,"turns":2},{"damage":8,"enemies":"Looter","floor":14,"turns":2},{"damage":54,"enemies":"Slime Boss","floor":16,"turns":10},{"damage":21,"enemies":"Shell Parasite","floor":18,"turns":3},{"damage":13,"enemies":"3 Byrds","floor":21,"turns":3},{"damage":37,"enemies":"Sentry and Sphere","floor":23,"turns":5},{"damage":12,"enemies":"Centurion and Healer","floor":25,"turns":4},{"damage":43,"enemies":"Cultist and Chosen","floor":27,"turns":5},{"damage":28,"enemies":"Snake Plant","floor":29,"turns":3},{"damage":5,"enemies":"3 Cultists","floor":30,"turns":3},{"damage":25,"enemies":"Slaver and Parasite","floor":31,"turns":2}],"event_choices":[{"event_name":"Golden Wing","player_choice":"Gained Gold","floor":2,"damage_taken":0},{"event_name":"Living Wall","player_choice":"Grow","floor":3,"damage_taken":0},{"event_name":"Beggar","player_choice":"Gave Gold","floor":19,"damage_taken":0},{"event_name":"Ghosts","player_choice":"Ignored","floor":20,"damage_taken":0}],"boss_relics":[{"not_picked":["Runic Cube","Cursed Key"],"picked":"Mark of Pain"}],"potions_floor_spawned":[4,6,8,12,13,14,21,23],"seed_played":"6059039276174000210","killed_by":"Slaver and Parasite","ascension_level":0,"is_trial":false}