{"path_per_floor":["M","M","M","?","M","R","E","R","T","M","R","M","?","E","R","B",null,"M","?","M","M","?","R","?","$","T","M","E","R","$","M","R"],"character_chosen":"IRONCLAD","items_purchased":["Lee\u0027s Waffle","Shuriken","Immolate"],"gold_per_floor":[118,137,157,157,174,174,206,206,230,250,250,260,435,463,463,565,565,585,585,595,608,523,523,523,78,78,93,125,125,44,64,64,64],"floor_reached":33,"campfire_rested":5,"playtime":1112,"current_hp_per_floor":[80,74,80,80,80,80,55,79,79,80,80,80,80,78,78,29,80,76,60,43,9,19,46,46,97,97,61,14,43,43,17,46,0],"items_purged":[],"gold":64,"score":316,"play_id":"4d348533-edc8-447c-b5ad-b23a099e57d3","local_time":"20180417001804","is_prod":false,"is_daily":false,"chose_seed":false,"is_ascension_mode":true,"campfire_upgraded":2,"timestamp":1523938684,"path_taken":["M","M","M","?","M","R","E","R","T","?","R","M","?","E","R","BOSS","M","?","M","M","?","R","?","?","T","?","E","R","$","M","R","BOSS"],"build_version":"2018-04-12","seed_source_timestamp":31506924203813,"purchased_purges":0,"victory":false,"master_deck":["Strike_R+1","Strike_R+1","Strike_R+1","Defend_R+1","Defend_R+1","Bash","Flame Barrier","Rage","Heavy Blade","Reckless Charge","Clothesline+1","Perfected Strike","Pummel","Shockwave+1","Pommel Strike","Doubt","Flex","Berserk","Pummel+1","Rupture+1","Shrug It Off+1","Inflame","Swift Strike","Carnage","Uppercut+1","True Grit","Armaments+1","Flame Barrier","Carnage+1","Immolate","Berserk","Heavy Blade+1"],"max_hp_per_floor":[80,80,80,80,80,80,80,80,80,80,80,80,80,80,80,80,80,80,80,80,80,90,90,90,97,97,97,97,97,97,97,97,97],"relics":["Burning Blood","Lantern","Dream Catcher","Vajra","Astrolabe","Pear","Lee\u0027s Waffle","Shuriken","Darkstone Periapt","Art of War"],"card_choices":[{"not_picked":["Seeing Red","True Grit"],"picked":"Flame Barrier","floor":1},{"not_picked":["Body Slam","Dual Wield"],"picked":"Rage","floor":2},{"not_picked":["Searing Blow","Second Wind"],"picked":"Heavy Blade","floor":3},{"not_picked":["Havoc","Twin Strike"],"picked":"Clothesline","floor":5},{"not_picked":["Havoc","Corruption"],"picked":"Perfected Strike","floor":7},{"not_picked":["Sword Boomerang","Iron Wave"],"picked":"Pummel","floor":10},{"not_picked":["Sword Boomerang","Second Wind"],"picked":"Shockwave","floor":11},{"not_picked":["Havoc","Entrench"],"picked":"Pommel Strike","floor":12},{"not_picked":["Armaments","Intimidate"],"picked":"Flex","floor":14},{"not_picked":["Feed","Juggernaut"],"picked":"Berserk","floor":16},{"not_picked":["Evolve","Intimidate"],"picked":"Inflame","floor":18},{"not_picked":["Sentinel","Twin Strike"],"picked":"Carnage","floor":20},{"not_picked":["Warcry","Intimidate"],"picked":"Uppercut","floor":21},{"not_picked":["Evolve","Heavy Blade"],"picked":"True Grit","floor":23},{"not_picked":["Twin Strike","Pommel Strike"],"picked":"Armaments","floor":27},{"not_picked":["Rage","Pommel Strike"],"picked":"Flame Barrier","floor":28},{"not_picked":["Rampage","Heavy Blade"],"picked":"Carnage","floor":29},{"not_picked":["Heavy Blade","Havoc"],"picked":"Berserk","floor":31},{"not_picked":["Rupture","Searing Blow"],"picked":"Heavy Blade","floor":32}],"player_experience":188033,"potions_floor_usage":[5,7,10,12,14,27,28,28],"damage_taken":[{"damage":6,"enemies":"Jaw Worm","floor":1,"turns":3},{"damage":12,"enemies":"Small Slimes","floor":2,"turns":4},{"damage":0,"enemies":"Cultist","floor":3,"turns":4},{"damage":1,"enemies":"Large Slime","floor":5,"turns":5},{"damage":31,"enemies":"3 Sentries","floor":7,"turns":9},{"damage":0,"enemies":"3 Louse","floor":10,"turns":2},{"damage":0,"enemies":"Exordium Wildlife","floor":12,"turns":3},{"damage":8,"enemies":"Lagavulin","floor":14,"turns":7},{"damage":55,"enemies":"Hexaghost","floor":16,"turns":10},{"damage":10,"enemies":"Spheric Guardian","floor":18,"turns":3},{"damage":23,"enemies":"3 Byrds","floor":20,"turns":5},{"damage":40,"enemies":"Cultist and Chosen","floor":21,"turns":7},{"damage":42,"enemies":"3 Cultists","floor":27,"turns":5},{"damage":53,"enemies":"Slavers","floor":28,"turns":6},{"damage":32,"enemies":"Sentry and Sphere","floor":31,"turns":4},{"damage":72,"enemies":"Automaton","floor":33,"turns":6}],"event_choices":[{"event_name":"Living Wall","player_choice":"Change","floor":4,"damage_taken":0},{"event_name":"Liars Game","player_choice":"agreed","floor":13,"damage_taken":0},{"event_name":"Knowing Skull","player_choice":"CARD ","floor":19,"damage_taken":0},{"event_name":"Addict","player_choice":"Obtained Relic","floor":22,"damage_taken":0},{"event_name":"Back to Basics","player_choice":"Simplicity","floor":24,"damage_taken":0}],"boss_relics":[{"not_picked":["Runic Dome","Philosopher\u0027s Stone"],"picked":"Astrolabe"}],"potions_floor_spawned":[1,2,5,10,12,18,21,27],"seed_played":"-3893152337325557315","killed_by":"Automaton","ascension_level":1,"is_trial":false}