{"path_per_floor":["M","?","M","$","$","R","?","$","T","E","M","M","M","E","R","B",null,"M","M","$"],"character_chosen":"IRONCLAD","items_purchased":["Rupture","Bloodletting","Matryoshka"],"gold_per_floor":[109,139,155,45,45,45,45,45,69,102,115,128,139,171,171,276,276,291,301,50,50],"floor_reached":21,"campfire_rested":1,"playtime":793,"current_hp_per_floor":[74,67,68,68,68,68,68,68,68,43,49,55,46,36,60,20,80,55,30,30,0],"items_purged":[],"gold":50,"score":189,"play_id":"89d64b40-468e-405e-88d7-0a5356210fef","local_time":"20180413231700","is_prod":false,"is_daily":false,"chose_seed":false,"is_ascension_mode":false,"campfire_upgraded":1,"timestamp":1523675820,"path_taken":["M","?","M","?","$","R","?","$","T","E","M","M","?","E","R","BOSS","M","M","$","M"],"build_version":"2018-04-12","seed_source_timestamp":313828438784618,"purchased_purges":0,"victory":false,"master_deck":["Strike_R","Strike_R","Strike_R","Strike_R","Strike_R","Defend_R+1","Defend_R","Defend_R+1","Defend_R","Bash","Perfected Strike","Inflame+1","Rupture+1","Bloodletting","Dual Wield","Headbutt","Ghostly Armor","Armaments","Juggernaut","Bludgeon","Injury","Parasite","Normality","Reckless Charge","Sword Boomerang"],"max_hp_per_floor":[80,80,80,80,80,80,80,80,80,80,80,80,80,80,80,80,80,80,80,80,80],"relics":["Burning Blood","Tiny Chest","Lantern","Thread and Needle","War Paint","Calling Bell","Ice Cream","Oddly Smooth Stone","Question Card","Matryoshka"],"card_choices":[{"not_picked":["Rupture","True Grit"],"picked":"Perfected Strike","floor":1},{"not_picked":["Bloodletting","Fire Breathing"],"picked":"Inflame","floor":3},{"not_picked":["Thunderclap","Sever Soul"],"picked":"Dual Wield","floor":10},{"not_picked":["Clothesline","Body Slam"],"picked":"Headbutt","floor":11},{"not_picked":["Combust","Thunderclap"],"picked":"Ghostly Armor","floor":12},{"not_picked":["Sword Boomerang","Uppercut"],"picked":"Armaments","floor":13},{"not_picked":["Sword Boomerang","Iron Wave"],"picked":"Juggernaut","floor":14},{"not_picked":["Juggernaut","Dark Embrace"],"picked":"Bludgeon","floor":16},{"not_picked":["Clothesline","Body Slam","Fiend Fire"],"picked":"Reckless Charge","floor":18},{"not_picked":["Clash","Sentinel","Pummel"],"picked":"Sword Boomerang","floor":19}],"player_experience":173485,"potions_floor_usage":[10,12,13,19],"damage_taken":[{"damage":12,"enemies":"2 Louse","floor":1,"turns":3},{"damage":5,"enemies":"Small Slimes","floor":3,"turns":3},{"damage":31,"enemies":"Gremlin Nob","floor":10,"turns":4},{"damage":0,"enemies":"Cultist","floor":11,"turns":2},{"damage":0,"enemies":"Looter","floor":12,"turns":2},{"damage":15,"enemies":"Exordium Thugs","floor":13,"turns":4},{"damage":16,"enemies":"Lagavulin","floor":14,"turns":5},{"damage":46,"enemies":"Slime Boss","floor":16,"turns":13},{"damage":31,"enemies":"Chosen","floor":18,"turns":7},{"damage":31,"enemies":"3 Byrds","floor":19,"turns":7},{"damage":59,"enemies":"Cultist and Chosen","floor":21,"turns":6}],"event_choices":[{"event_name":"Scrap Ooze","player_choice":"success","floor":2,"damage_taken":7},{"event_name":"Upgrade Shrine","player_choice":"Upgraded","floor":7,"damage_taken":0}],"boss_relics":[{"not_picked":["Ectoplasm","Velvet Choker"],"picked":"Calling Bell"}],"potions_floor_spawned":[1,11,12,16],"seed_played":"-5921729262508633575","killed_by":"Cultist and Chosen","ascension_level":0,"is_trial":false}