{"path_per_floor":["M","?","$","?","?","M","M","M","T","E","R","?","M","M","R"],"character_chosen":"IRONCLAD","items_purchased":[],"gold_per_floor":[219,219,219,219,219,239,259,274,274,307,307,307,321,340,340,340],"floor_reached":16,"campfire_rested":2,"playtime":415,"current_hp_per_floor":[74,74,74,58,58,64,64,58,58,40,79,79,64,45,80,0],"items_purged":[],"gold":340,"score":102,"play_id":"f38d3621-bd94-4402-9cba-000da396fce2","local_time":"20180414152735","is_prod":false,"is_daily":false,"chose_seed":false,"is_ascension_mode":false,"campfire_upgraded":0,"timestamp":1523734055,"path_taken":["M","?","?","?","?","M","?","M","T","E","R","?","M","M","R","BOSS"],"build_version":"2018-04-12","seed_source_timestamp":372451332840743,"purchased_purges":0,"victory":false,"master_deck":["Strike_R","Strike_R","Strike_R","Strike_R+1","Strike_R","Defend_R","Defend_R","Defend_R","Defend_R","Bash+1","Pommel Strike+1","Injury","Clothesline","Exhume","Flex","Heavy Blade","Regret","Whirlwind","Impervious"],"max_hp_per_floor":[80,80,80,80,80,80,80,80,80,80,80,80,80,80,80,80],"relics":["Burning Blood","Golden Idol","Bottled Flame","Regal Pillow","Kunai"],"card_choices":[{"not_picked":["Clothesline","Rage"],"picked":"Pommel Strike","floor":1},{"not_picked":["Intimidate","Body Slam"],"picked":"Clothesline","floor":6},{"not_picked":["Clothesline","Hemokinesis"],"picked":"Exhume","floor":7},{"not_picked":["Havoc","Intimidate"],"picked":"Flex","floor":8},{"not_picked":["Havoc","Iron Wave"],"picked":"Heavy Blade","floor":10},{"not_picked":["Flex","Thunderclap"],"picked":"Whirlwind","floor":13},{"not_picked":["Twin Strike","Shrug It Off"],"picked":"Impervious","floor":14}],"player_experience":175208,"potions_floor_usage":[7,14,16],"damage_taken":[{"damage":12,"enemies":"Small Slimes","floor":1,"turns":3},{"damage":0,"enemies":"Cultist","floor":6,"turns":2},{"damage":6,"enemies":"Jaw Worm","floor":7,"turns":3},{"damage":12,"enemies":"3 Louse","floor":8,"turns":3},{"damage":24,"enemies":"Gremlin Nob","floor":10,"turns":4},{"damage":21,"enemies":"Looter","floor":13,"turns":3},{"damage":25,"enemies":"Large Slime","floor":14,"turns":5},{"damage":80,"enemies":"The Guardian","floor":16,"turns":14}],"event_choices":[{"event_name":"Upgrade Shrine","player_choice":"Upgraded","floor":2,"damage_taken":0},{"event_name":"Shining Light","player_choice":"Entered Light","floor":4,"damage_taken":0},{"event_name":"Golden Idol","player_choice":"Take Wound","floor":5,"damage_taken":0},{"event_name":"Big Fish","player_choice":"Box","floor":12,"damage_taken":0}],"boss_relics":[],"potions_floor_spawned":[6,8,13],"seed_played":"-522646840250667522","killed_by":"The Guardian","ascension_level":0,"is_trial":false}