{"path_per_floor":["M","?","?","M","M","E","R","?","T","T","E","?","M","M","R"],"character_chosen":"IRONCLAD","items_purchased":[],"gold_per_floor":[110,110,110,122,135,163,163,338,338,338,372,337,348,366,366,366],"floor_reached":16,"campfire_rested":2,"playtime":504,"current_hp_per_floor":[78,78,78,78,72,38,62,62,62,62,26,46,43,19,43,0],"items_purged":[],"gold":366,"score":110,"play_id":"00b81cf9-ee26-49fa-80be-fad55f361194","local_time":"20180415101052","is_prod":false,"is_daily":false,"chose_seed":false,"is_ascension_mode":false,"campfire_upgraded":0,"timestamp":1523801452,"path_taken":["M","?","?","M","?","E","R","?","T","?","E","?","M","M","R","BOSS"],"build_version":"2018-04-12","seed_source_timestamp":439764163197424,"purchased_purges":0,"victory":false,"master_deck":["Strike_R","Strike_R","Strike_R","Strike_R","Strike_R","Defend_R","Defend_R","Defend_R","Defend_R","Bash","Rupture+1","Fiend Fire","Doubt","Heavy Blade","Armaments","Doubt","Pommel Strike","Seeing Red","Heavy Blade"],"max_hp_per_floor":[80,80,80,80,80,80,80,80,80,80,80,80,80,80,80,80],"relics":["Mark of Pain","Ornamental Fan","Pen Nib","Sundial","Letter Opener"],"card_choices":[{"not_picked":["Flex","Clothesline"],"picked":"Rupture","floor":1},{"not_picked":["Burning Pact","Pummel"],"picked":"Heavy Blade","floor":5},{"not_picked":["Fire Breathing","Warcry"],"picked":"Armaments","floor":6},{"not_picked":["Armaments","Exhume"],"picked":"Pommel Strike","floor":11},{"not_picked":["Reckless Charge","Heavy Blade"],"picked":"Seeing Red","floor":13},{"not_picked":["Warcry","Body Slam"],"picked":"Heavy Blade","floor":14}],"player_experience":178876,"potions_floor_usage":[11,11],"damage_taken":[{"damage":2,"enemies":"Small Slimes","floor":1,"turns":3},{"damage":0,"enemies":"2 Louse","floor":4,"turns":3},{"damage":6,"enemies":"Cultist","floor":5,"turns":3},{"damage":34,"enemies":"Gremlin Nob","floor":6,"turns":5},{"damage":36,"enemies":"Lagavulin","floor":11,"turns":7},{"damage":3,"enemies":"2 Fungi Beasts","floor":13,"turns":3},{"damage":24,"enemies":"Lots of Slimes","floor":14,"turns":4},{"damage":46,"enemies":"The Guardian","floor":16,"turns":10}],"event_choices":[{"event_name":"Living Wall","player_choice":"Grow","floor":2,"damage_taken":0},{"event_name":"Match and Keep!","player_choice":"2 cards matched","floor":3,"damage_taken":0},{"event_name":"Liars Game","player_choice":"agreed","floor":8,"damage_taken":0},{"event_name":"The Cleric","player_choice":"Healed","floor":12,"damage_taken":0}],"boss_relics":[],"potions_floor_spawned":[1,6],"seed_played":"6660970575361249082","killed_by":"The Guardian","ascension_level":0,"is_trial":false}