{"path_per_floor":["M","?","?","?","$","R","E","R","T","?","M","M","M","M","R"],"character_chosen":"IRONCLAD","items_purchased":["Mind Blast"],"gold_per_floor":[111,111,111,111,14,14,48,48,48,48,65,79,93,109,109,109],"floor_reached":16,"campfire_rested":1,"playtime":378,"current_hp_per_floor":[75,75,75,75,75,75,46,80,80,80,80,80,80,73,73,0],"items_purged":[],"gold":109,"score":100,"play_id":"ba25306b-256e-4522-a613-2dabab926974","local_time":"20180413232403","is_prod":false,"is_daily":false,"chose_seed":false,"is_ascension_mode":false,"campfire_upgraded":2,"timestamp":1523676243,"path_taken":["M","?","?","?","?","R","E","R","T","?","M","M","M","M","R","BOSS"],"build_version":"2018-04-12","seed_source_timestamp":314669488383081,"purchased_purges":0,"victory":false,"master_deck":["Strike_R","Strike_R","Strike_R","Strike_R","Strike_R+1","Defend_R","Defend_R","Defend_R","Bash","Heavy Blade+1","Anger","Regret","Mind Blast+1","Sword Boomerang","Reckless Charge","Pommel Strike","Entrench","Thunderclap","Battle Trance+1"],"max_hp_per_floor":[80,80,80,80,80,80,80,80,80,80,80,80,80,80,80,80],"relics":["Burning Blood","Dream Catcher","Regal Pillow","Whetstone","Matryoshka"],"card_choices":[{"not_picked":["True Grit","Dual Wield"],"picked":"Heavy Blade","floor":1},{"not_picked":["Feel No Pain","Fire Breathing"],"picked":"Sword Boomerang","floor":7},{"not_picked":["Entrench","Body Slam"],"picked":"Reckless Charge","floor":8},{"not_picked":["True Grit","Corruption"],"picked":"Pommel Strike","floor":11},{"not_picked":["Brutality","Feel No Pain"],"picked":"Entrench","floor":12},{"not_picked":["Body Slam","Evolve"],"picked":"Thunderclap","floor":13},{"not_picked":["Perfected Strike","Havoc"],"picked":"Battle Trance","floor":14}],"player_experience":174291,"potions_floor_usage":[13,16,16],"damage_taken":[{"damage":11,"enemies":"Jaw Worm","floor":1,"turns":2},{"damage":35,"enemies":"3 Sentries","floor":7,"turns":7},{"damage":6,"enemies":"Cultist","floor":11,"turns":3},{"damage":0,"enemies":"2 Louse","floor":12,"turns":1},{"damage":0,"enemies":"Looter","floor":13,"turns":1},{"damage":13,"enemies":"Gremlin Gang","floor":14,"turns":2},{"damage":74,"enemies":"Hexaghost","floor":16,"turns":9}],"event_choices":[{"event_name":"Transmorgrifier","player_choice":"Transform","floor":2,"damage_taken":0},{"event_name":"The Woman in Blue","player_choice":"Bought 0 Potions","floor":3,"damage_taken":0},{"event_name":"Big Fish","player_choice":"Box","floor":4,"damage_taken":0},{"event_name":"The Cleric","player_choice":"Leave","floor":10,"damage_taken":0}],"boss_relics":[],"potions_floor_spawned":[7,11,12],"seed_played":"-1569646657696809996","killed_by":"Hexaghost","ascension_level":0,"is_trial":false}