{"path_per_floor":["M","?","?","M","?","E","M","R","T","E","M","M","M","?","R","B",null,"M","?","$","?","M","R","M","E","T","M","E","M","?","M","R","B",null,"M","?","M","?","M","R","M","R","T","?","R","M","M","$","R","B"],"character_chosen":"IRONCLAD","items_purchased":["Orichalcum","Thinking Ahead","Vajra","Immolate"],"gold_per_floor":[119,119,119,130,130,160,170,170,170,203,222,234,251,251,251,355,355,365,365,8,8,28,28,46,73,73,85,120,135,95,112,112,216,216,227,227,239,239,256,256,269,269,269,269,269,289,299,8,8,8],"floor_reached":51,"campfire_rested":3,"playtime":2634,"current_hp_per_floor":[80,80,80,79,61,39,36,75,75,49,41,34,32,32,71,17,80,74,74,74,58,64,64,44,38,38,48,45,37,37,47,87,27,87,76,66,76,76,77,77,87,87,87,87,87,54,85,85,85,35],"items_purged":[],"gold":8,"score":726,"play_id":"dc3b49d1-2055-4a72-a5c7-7c46b9eb2fc9","local_time":"20180416195555","is_prod":false,"is_daily":false,"chose_seed":false,"is_ascension_mode":false,"campfire_upgraded":5,"timestamp":1523922955,"path_taken":["M","?","?","M","?","E","M","R","T","E","M","M","M","?","R","BOSS","M","?","$","?","M","R","M","E","T","?","E","M","?","M","R","BOSS","M","?","M","?","M","R","M","R","T","?","R","M","M","?","R","BOSS"],"build_version":"2018-04-12","seed_source_timestamp":14241532195020,"purchased_purges":0,"victory":true,"master_deck":["Strike_R+1","Strike_R","Strike_R","Strike_R","Defend_R","Defend_R","Defend_R","Defend_R","Bash","Twin Strike","Jack Of All Trades+1","Sword Boomerang","Shrug It Off","Pummel+1","Pommel Strike","Barricade+1","Entrench","Reckless Charge","Flame Barrier","Fiend Fire","Impervious","Shockwave","Thinking Ahead+1","Thunderclap","Inflame","Intimidate+1","Metallicize","Pommel Strike+1","Spot Weakness+1","Flame Barrier","Heavy Blade+1","Immolate","Flex","Apotheosis+1","Bandage Up","Enlightenment+1","Clothesline+1","Sword Boomerang+1","Feel No Pain","Entrench+1","Inflame+1","Metallicize+1","Immolate"],"max_hp_per_floor":[80,80,80,80,80,80,80,80,80,80,80,80,80,80,80,80,80,80,80,80,80,80,80,80,87,87,87,87,87,87,87,87,87,87,87,87,87,87,87,87,87,87,87,87,87,87,87,87,87,87],"relics":["Black Blood","Regal Pillow","Bird Faced Urn","Prayer Wheel","Whetstone","Toolbox","Mark of Pain","Orichalcum","Nilry\u0027s Codex","Strawberry","Thread and Needle","Pen Nib","Paper Frog","Vajra"],"card_choices":[{"not_picked":["Headbutt","True Grit"],"picked":"Twin Strike","floor":1},{"not_picked":["Twin Strike","Rage"],"picked":"Sword Boomerang","floor":4},{"not_picked":["Anger","Heavy Blade"],"picked":"Shrug It Off","floor":6},{"not_picked":["Corruption","Twin Strike"],"picked":"Pummel","floor":7},{"not_picked":["Heavy Blade","Cleave"],"picked":"Pommel Strike","floor":9},{"not_picked":["Sword Boomerang","Anger"],"picked":"Barricade","floor":10},{"not_picked":["Perfected Strike","Clash"],"picked":"Entrench","floor":11},{"not_picked":["Feel No Pain","Bloodletting"],"picked":"Reckless Charge","floor":12},{"not_picked":["Heavy Blade","Clash"],"picked":"Flame Barrier","floor":13},{"not_picked":["Juggernaut","Double Tap"],"picked":"Impervious","floor":16},{"not_picked":["Shrug It Off","Thunderclap"],"picked":"Shockwave","floor":18},{"not_picked":["Rupture","Warcry"],"picked":"Thunderclap","floor":22},{"not_picked":["Clothesline","Battle Trance"],"picked":"Inflame","floor":24},{"not_picked":["Fire Breathing","Rupture"],"picked":"Intimidate","floor":25},{"not_picked":["Searing Blow","Clothesline"],"picked":"Metallicize","floor":26},{"not_picked":["Burning Pact","Perfected Strike"],"picked":"Pommel Strike","floor":27},{"not_picked":["Body Slam","Armaments"],"picked":"Spot Weakness","floor":28},{"not_picked":["Exhume","Heavy Blade"],"picked":"Flame Barrier","floor":29},{"not_picked":["Disarm","True Grit"],"picked":"Heavy Blade","floor":31},{"not_picked":["Bludgeon","Demon Form"],"picked":"Immolate","floor":33},{"not_picked":["Warcry","Heavy Blade"],"picked":"Flex","floor":35},{"not_picked":["Dramatic Entrance","Master of Strategy"],"picked":"Apotheosis","floor":36},{"not_picked":["Transmutation","Deep Breath"],"picked":"Bandage Up","floor":36},{"not_picked":["Finesse","Swift Strike"],"picked":"Enlightenment","floor":36},{"not_picked":["True Grit","Armaments"],"picked":"Clothesline","floor":37},{"not_picked":["Pommel Strike","Entrench"],"picked":"Sword Boomerang","floor":39},{"not_picked":["Metallicize","Fire Breathing"],"picked":"Feel No Pain","floor":41},{"not_picked":["Disarm","Battle Trance"],"picked":"Entrench","floor":43},{"not_picked":["Pummel","Disarm"],"picked":"Inflame","floor":46},{"not_picked":["Cleave","Thunderclap"],"picked":"Metallicize","floor":47}],"player_experience":182439,"potions_floor_usage":[11,13,16,18,25,27,31,31,33,33,37,41,46,47],"damage_taken":[{"damage":6,"enemies":"Cultist","floor":1,"turns":3},{"damage":7,"enemies":"2 Louse","floor":4,"turns":3},{"damage":28,"enemies":"Gremlin Nob","floor":6,"turns":4},{"damage":9,"enemies":"Small Slimes","floor":7,"turns":4},{"damage":32,"enemies":"3 Sentries","floor":10,"turns":5},{"damage":14,"enemies":"Exordium Wildlife","floor":11,"turns":3},{"damage":13,"enemies":"2 Fungi Beasts","floor":12,"turns":3},{"damage":10,"enemies":"Large Slime","floor":13,"turns":4},{"damage":62,"enemies":"Hexaghost","floor":16,"turns":18},{"damage":12,"enemies":"Shell Parasite","floor":18,"turns":5},{"damage":2,"enemies":"2 Thieves","floor":22,"turns":4},{"damage":28,"enemies":"Sentry and Sphere","floor":24,"turns":8},{"damage":35,"enemies":"Gremlin Leader","floor":25,"turns":8},{"damage":0,"enemies":"Snecko","floor":27,"turns":5},{"damage":13,"enemies":"Slavers","floor":28,"turns":6},{"damage":20,"enemies":"3 Cultists","floor":29,"turns":8},{"damage":0,"enemies":"Slaver and Parasite","floor":31,"turns":5},{"damage":73,"enemies":"Champ","floor":33,"turns":11},{"damage":25,"enemies":"3 Shapes","floor":35,"turns":5},{"damage":0,"enemies":"Orb Walker","floor":37,"turns":2},{"damage":17,"enemies":"Sphere and 2 Shapes","floor":39,"turns":4},{"damage":1,"enemies":"Maw","floor":41,"turns":6},{"damage":51,"enemies":"4 Shapes","floor":46,"turns":6},{"damage":6,"enemies":"3 Darklings","floor":47,"turns":6},{"damage":86,"enemies":"Time Eater","floor":50,"turns":13}],"event_choices":[{"event_name":"Match and Keep!","player_choice":"1 cards matched","floor":2,"damage_taken":0},{"event_name":"The Cleric","player_choice":"Leave","floor":3,"damage_taken":0},{"event_name":"Scrap Ooze","player_choice":"success","floor":5,"damage_taken":18},{"event_name":"Living Wall","player_choice":"Change","floor":14,"damage_taken":0},{"event_name":"Beggar","player_choice":"Ignored","floor":19,"damage_taken":0},{"event_name":"Cursed Tome","player_choice":"Obtained Book","floor":21,"damage_taken":0},{"event_name":"The Woman in Blue","player_choice":"Bought 3 Potions","floor":30,"damage_taken":0},{"event_name":"SensoryStone","player_choice":"Memory 3","floor":36,"damage_taken":0},{"event_name":"Accursed Blacksmith","player_choice":"Forge","floor":38,"damage_taken":0},{"event_name":"Mysterious Sphere","player_choice":"Ignore","floor":44,"damage_taken":0}],"boss_relics":[{"not_picked":["Runic Cube","Runic Pyramid"],"picked":"Mark of Pain"},{"not_picked":["Runic Dome","Black Star"],"picked":"Black Blood"}],"potions_floor_spawned":[10,11,12,16,22,25,31,35,37,41,46],"seed_played":"5005068618322792614","ascension_level":0,"is_trial":false}