{"path_per_floor":["M","M","?","M","M","R","M","?","T","?","M","M","M","M","R"],"character_chosen":"IRONCLAD","items_purchased":[],"gold_per_floor":[117,127,127,142,158,158,171,171,220,220,232,249,263,273,273,273],"floor_reached":16,"campfire_rested":2,"playtime":539,"current_hp_per_floor":[74,62,62,51,39,69,59,59,59,43,37,20,13,13,43,0],"items_purged":[],"gold":273,"score":98,"play_id":"8b5d6e05-9921-4e52-a61e-599d2a7ef4d3","local_time":"20180414152030","is_prod":false,"is_daily":false,"chose_seed":false,"is_ascension_mode":false,"campfire_upgraded":0,"timestamp":1523733630,"path_taken":["M","M","?","M","M","R","M","?","T","?","M","M","M","M","R","BOSS"],"build_version":"2018-04-12","seed_source_timestamp":371900017499763,"purchased_purges":0,"victory":false,"master_deck":["Strike_R","Strike_R","Strike_R","Strike_R+1","Strike_R+1","Defend_R","Defend_R","Defend_R","Defend_R","Bash","Dropkick","Ghostly Armor","Twin Strike","Inflame","Pummel","Intimidate","Uppercut","Intimidate","Shrug It Off"],"max_hp_per_floor":[80,80,80,80,80,80,80,80,80,80,80,80,80,80,80,80],"relics":["Eternal Feather","Magic Flower","Juzu Bracelet"],"card_choices":[{"not_picked":["Armaments","True Grit"],"picked":"Dropkick","floor":1},{"not_picked":["True Grit","Fire Breathing"],"picked":"Ghostly Armor","floor":2},{"not_picked":["Perfected Strike","True Grit"],"picked":"Twin Strike","floor":4},{"not_picked":["Rage","Carnage"],"picked":"Inflame","floor":5},{"not_picked":["Armaments","Warcry"],"picked":"Pummel","floor":7},{"not_picked":["Corruption","Anger"],"picked":"Intimidate","floor":11},{"not_picked":["Warcry","Feel No Pain"],"picked":"Uppercut","floor":12},{"not_picked":["Clothesline","Rampage"],"picked":"Intimidate","floor":13},{"not_picked":["Bloodletting","Dual Wield"],"picked":"Shrug It Off","floor":14}],"player_experience":174669,"potions_floor_usage":[12,13,14],"damage_taken":[{"damage":6,"enemies":"Jaw Worm","floor":1,"turns":3},{"damage":12,"enemies":"2 Louse","floor":2,"turns":2},{"damage":11,"enemies":"Small Slimes","floor":4,"turns":5},{"damage":12,"enemies":"3 Louse","floor":5,"turns":4},{"damage":10,"enemies":"Looter","floor":7,"turns":3},{"damage":6,"enemies":"Large Slime","floor":11,"turns":3},{"damage":17,"enemies":"Exordium Thugs","floor":12,"turns":4},{"damage":7,"enemies":"Looter","floor":13,"turns":3},{"damage":0,"enemies":"Large Slime","floor":14,"turns":4},{"damage":45,"enemies":"Slime Boss","floor":16,"turns":10}],"event_choices":[{"event_name":"Big Fish","player_choice":"Box","floor":3,"damage_taken":0},{"event_name":"Fountain of Cleansing","player_choice":"Removed Curse","floor":8,"damage_taken":0},{"event_name":"Shining Light","player_choice":"Entered Light","floor":10,"damage_taken":0}],"boss_relics":[],"potions_floor_spawned":[2,11,12],"seed_played":"129404993437296805","killed_by":"Slime Boss","ascension_level":0,"is_trial":false}