{"path_per_floor":["M","?","T","M","M","E","R","M","T","M","R","T","$","M","R","B",null,"M","?","?","?","M","R","M","R","T","M","M","R","?","E","R","B",null,"M","?","M","$","?","E","R","E","T","$","?","?","T","M","R","B"],"character_chosen":"IRONCLAD","items_purchased":["Bronze Scales","Double Tap","Bottled Lightning","Whirlwind","Corruption"],"gold_per_floor":[209,209,209,225,241,267,267,283,283,303,303,303,9,28,28,132,132,142,142,142,142,157,157,176,176,203,218,231,231,231,258,258,357,357,368,368,387,90,90,115,115,144,144,74,0,0,0,12,12,12],"floor_reached":51,"campfire_rested":3,"playtime":18489,"current_hp_per_floor":[80,80,80,77,72,55,55,66,66,72,72,72,72,78,78,76,80,73,57,42,42,48,48,49,74,74,48,54,54,54,51,85,57,85,85,85,82,82,82,63,63,21,21,21,21,42,42,50,85,17],"items_purged":[],"gold":12,"score":809,"play_id":"3613925d-558a-4cf7-8d72-d748aa81b599","local_time":"20180419180057","is_prod":false,"is_daily":false,"chose_seed":false,"is_ascension_mode":true,"campfire_upgraded":6,"timestamp":1524175257,"path_taken":["M","?","?","M","M","E","R","M","T","?","R","?","$","M","R","BOSS","M","?","?","?","M","R","?","R","T","M","M","R","?","E","R","BOSS","M","?","M","$","?","E","R","E","T","?","?","?","?","M","R","BOSS"],"build_version":"2018-04-12","seed_source_timestamp":250670619893551,"purchased_purges":0,"victory":true,"master_deck":["Bash","Shockwave+1","Sword Boomerang","Flex+1","Armaments","Pommel Strike","Power Through","Double Tap+1","Inflame+1","Juggernaut+1","Pommel Strike","Dual Wield","Sword Boomerang","Clothesline","Iron Wave","Clash","Shockwave","Headbutt","Shrug It Off","Necronomicurse","Seeing Red","Blood for Blood","Sword Boomerang","Whirlwind+1","Inflame+1","Juggernaut","Iron Wave","Twin Strike","Warcry","Flex","Shrug It Off","Flame Barrier+1","Infernal Blade","Whirlwind","Heavy Blade","Feel No Pain","Corruption","Dropkick+1","Metallicize"],"max_hp_per_floor":[80,80,80,80,80,80,80,80,80,80,80,80,80,80,80,80,80,80,80,85,85,85,85,85,85,85,85,85,85,85,85,85,85,85,85,85,85,85,85,85,85,85,85,85,85,85,85,85,85,85],"relics":["Burning Blood","Gambling Chip","Kunai","Orichalcum","Thread and Needle","Smiling Mask","Bronze Scales","Pandora\u0027s Box","Necronomicon","Omamori","Regal Pillow","Orrery","Bottled Lightning","Art of War","Bottled Flame","Blood Vial","Red Mask","Dream Catcher"],"card_choices":[{"not_picked":["Bloodletting","Reckless Charge"],"picked":"Shockwave","floor":1},{"not_picked":["Iron Wave","Metallicize"],"picked":"Sword Boomerang","floor":4},{"not_picked":["Metallicize","Twin Strike"],"picked":"Flex","floor":5},{"not_picked":["Iron Wave","Intimidate"],"picked":"Armaments","floor":6},{"not_picked":["Headbutt","Havoc"],"picked":"Pommel Strike","floor":8},{"not_picked":["Reckless Charge","Combust"],"picked":"Power Through","floor":10},{"not_picked":["Bludgeon","Pommel Strike"],"picked":"Inflame","floor":14},{"not_picked":["Berserk","Bludgeon"],"picked":"Juggernaut","floor":16},{"not_picked":["Anger","Clash"],"picked":"Shrug It Off","floor":18},{"not_picked":["Thunderclap","Rampage"],"picked":"Seeing Red","floor":22},{"not_picked":["Body Slam","Cleave"],"picked":"Blood for Blood","floor":24},{"not_picked":["Corruption","Warcry"],"picked":"Sword Boomerang","floor":27},{"not_picked":["Warcry","Shrug It Off"],"picked":"Whirlwind","floor":28},{"not_picked":["Feed","Bloodletting"],"picked":"Inflame","floor":31},{"not_picked":["Dark Embrace","Exhume"],"picked":"Juggernaut","floor":33},{"not_picked":["Entrench","Rage"],"picked":"Iron Wave","floor":34},{"not_picked":["Body Slam","Rupture"],"picked":"Twin Strike","floor":34},{"not_picked":["Body Slam","Corruption"],"picked":"Warcry","floor":34},{"not_picked":["Twin Strike","Searing Blow"],"picked":"Flex","floor":34},{"not_picked":["Fire Breathing","Havoc"],"picked":"Shrug It Off","floor":34},{"not_picked":["Rupture","Body Slam"],"picked":"Flame Barrier","floor":35},{"not_picked":["Twin Strike","Power Through"],"picked":"Infernal Blade","floor":37},{"not_picked":["Second Wind","Infernal Blade"],"picked":"Heavy Blade","floor":40},{"not_picked":["Dual Wield","Pommel Strike"],"picked":"Feel No Pain","floor":42},{"not_picked":["Body Slam","Infernal Blade"],"picked":"Dropkick","floor":48},{"not_picked":["Warcry","Anger"],"picked":"Metallicize","floor":49}],"player_experience":192071,"potions_floor_usage":[8,8,16,16,18,27,31,33,40,40,40],"damage_taken":[{"damage":5,"enemies":"Small Slimes","floor":1,"turns":3},{"damage":9,"enemies":"2 Louse","floor":4,"turns":3},{"damage":11,"enemies":"Jaw Worm","floor":5,"turns":4},{"damage":23,"enemies":"Gremlin Nob","floor":6,"turns":4},{"damage":4,"enemies":"Exordium Thugs","floor":8,"turns":5},{"damage":0,"enemies":"Exordium Wildlife","floor":10,"turns":3},{"damage":0,"enemies":"2 Fungi Beasts","floor":14,"turns":2},{"damage":8,"enemies":"The Guardian","floor":16,"turns":8},{"damage":13,"enemies":"2 Thieves","floor":18,"turns":3},{"damage":0,"enemies":"Chosen","floor":22,"turns":3},{"damage":5,"enemies":"Centurion and Healer","floor":24,"turns":5},{"damage":32,"enemies":"Slaver and Parasite","floor":27,"turns":4},{"damage":0,"enemies":"Snecko","floor":28,"turns":3},{"damage":9,"enemies":"Gremlin Leader","floor":31,"turns":5},{"damage":34,"enemies":"Collector","floor":33,"turns":7},{"damage":5,"enemies":"3 Darklings","floor":35,"turns":4},{"damage":9,"enemies":"3 Shapes","floor":37,"turns":4},{"damage":25,"enemies":"Nemesis","floor":40,"turns":5},{"damage":48,"enemies":"2 Orb Walkers","floor":42,"turns":5},{"damage":0,"enemies":"Sphere and 2 Shapes","floor":48,"turns":1},{"damage":74,"enemies":"Donu and Deca","floor":50,"turns":7}],"event_choices":[{"event_name":"Big Fish","player_choice":"Box","floor":2,"damage_taken":0},{"event_name":"Cursed Tome","player_choice":"Obtained Book","floor":19,"damage_taken":0},{"event_name":"Forgotten Altar","player_choice":"Shed Blood","floor":20,"damage_taken":0},{"event_name":"Vampires","player_choice":"Ignored","floor":21,"damage_taken":0},{"event_name":"Transmorgrifier","player_choice":"Transform","floor":30,"damage_taken":0},{"event_name":"The Lab","player_choice":"Got Potions","floor":39,"damage_taken":0},{"event_name":"Tomb of Lord Red Mask","player_choice":"Paid","floor":45,"damage_taken":0},{"event_name":"Winding Halls","player_choice":"Writhe","floor":46,"damage_taken":0}],"boss_relics":[{"not_picked":["Snecko Eye","Philosopher\u0027s Stone"],"picked":"Pandora\u0027s Box"},{"not_picked":["Astrolabe","Sozu"],"picked":"Orrery"}],"potions_floor_spawned":[1,6,8,14,16,24,28,31,35,37],"seed_played":"4156738736462975749","ascension_level":1,"is_trial":false}