{"path_per_floor":["M","?","?","M","M","R","E","R","T","M","$","?","M","?","R"],"character_chosen":"THE_SILENT","items_purchased":["Orichalcum","Backflip","Footwork"],"gold_per_floor":[109,69,319,333,350,350,376,376,376,388,42,71,83,83,83],"floor_reached":16,"campfire_rested":2,"playtime":1588,"current_hp_per_floor":[69,69,69,59,58,58,13,34,34,34,34,30,23,20,41],"items_purged":["Regret"],"gold":83,"play_id":"b52c4f1c-3c3a-4917-ad2a-895e08b75fae","is_prod":false,"is_daily":false,"is_ascension_mode":false,"campfire_upgraded":1,"path_taken":["M","?","?","M","M","R","E","R","T","M","$","?","M","?","R","BOSS"],"build_version":"2018-01-25-PROD3","purchased_purges":1,"victory":false,"master_deck":["Defend_G","Defend_G","Defend_G","Defend_G","Defend_G","Strike_G","Strike_G","Strike_G","Strike_G","Strike_G","Survivor","Neutralize","Acrobatics","Deflect","Adrenaline+1","Terror","Escape Plan","Backflip","Footwork","Backflip"],"max_hp_per_floor":[70,70,70,70,70,70,70,70,70,70,70,70,70,70,70],"relics":["Ring of the Snake","Pen Nib","Gremlin Horn","Orichalcum","Odd Mushroom","Shovel"],"card_choices":[{"not_picked":["Deflect","Eviscerate"],"picked":"Acrobatics"},{"not_picked":["Dagger Throw","Flying Knee"],"picked":"Deflect"},{"not_picked":["Riddle With Holes","Flying Knee"],"picked":"Adrenaline"},{"not_picked":["Prepared","Dagger Spray"],"picked":"Terror"},{"not_picked":["Dagger Spray","Choke"],"picked":"Escape Plan"},{"not_picked":["Backstab","Flechettes"],"picked":"Backflip"}],"player_experience":13411,"potions_floor_usage":[16,16,16],"damage_taken":[{"damage":1,"enemies":"2 Louse","floor":1,"turns":3},{"damage":10,"enemies":"Cultist","floor":4,"turns":6},{"damage":1,"enemies":"Small Slimes","floor":5,"turns":4},{"damage":45,"enemies":"3 Sentries","floor":7,"turns":15},{"damage":0,"enemies":"Red Slaver","floor":10,"turns":6},{"damage":4,"enemies":"The Mushroom Lair","floor":12,"turns":6},{"damage":7,"enemies":"Exordium Thugs","floor":13,"turns":7},{"damage":46,"enemies":"Slime Boss","floor":16,"turns":22}],"event_choices":[{"event_name":"The Woman in Blue","player_choice":"Bought 3 Potions","floor":2,"damage_taken":0},{"event_name":"Golden Shrine","player_choice":"Desecrate","floor":3,"damage_taken":0},{"event_name":"Mushrooms","player_choice":"Fought Mushrooms","floor":12,"damage_taken":0},{"event_name":"Scrap Ooze","player_choice":"success","floor":14,"damage_taken":3}],"boss_relics":[],"potions_floor_spawned":[4,13],"seed_played":"185445849581097667","killed_by":"Slime Boss","ascension_level":0,"is_trial":false}