{"path_per_floor":["M","?","$","M","?","R","M","T","T","?","M","$","E","?","R","B",null,"M","?","?","M","?","R","?","R","T","T","R","M","$","M","R","B",null,"M","$","?","T","M","R","E","?","T","R","M","R","$","M","R","B"],"character_chosen":"THE_SILENT","items_purchased":["Whetstone","Apotheosis","Jack Of All Trades","Infinite Blades","Molten Egg 2","Matryoshka","Energy Potion","Block Potion","Shovel","Lee\u0027s Waffle","Toolbox","Caltrops","Backflip","Panache","Dead Branch","Frozen Egg 2","Mercury Hourglass","Bird Faced Urn","Tough Bandages","Orichalcum","Medical Kit","Singing Bowl","Ornamental Fan","Ice Cream","Tiny Chest","Juzu Bracelet","Pantograph","Bronze Scales","Toy Ornithopter","Letter Opener","Gremlin Horn","Thread and Needle","Oddly Smooth Stone","Art of War","Toxic Egg 2","War Paint","Mummified Hand","Unceasing Top","Membership Card","Paper Crane","Strawberry","Darkstone Periapt","Sundial","Ninja Scroll","Bottled Lightning","Gambling Chip","Vajra","Blue Candle","Happy Flower","Dodecahedron","Snake Skull","Anchor","Bag of Preparation","Regal Pillow","Dream Catcher","Peace Pipe","Shuriken","Du-Vu Doll","Calipers","Mango","Torii","Tingsha","Frozen Eye","Circlet","Bottled Flame","Bottled Tornado","Dexterity Potion","Caltrops","Footwork","Blind","Jack Of All Trades","Bandage Up","Dark Shackles","Deep Breath","Jack Of All Trades","Good Instincts","Dramatic Entrance","Deep Breath","Madness","Purity","Master of Strategy","Accuracy","Footwork","Infinite Blades","Infinite Blades","Infinite Blades","Sadistic Nature"],"gold_per_floor":[1009,1084,28,44,44,44,59,59,59,59,75,18854,18880,18880,18880,18978,18978,18989,18989,18989,19003,19003,19003,19003,19003,19084,19110,19110,19126,8862,8876,8876,8979,8979,8990,8633,8633,8683,8698,8698,8729,8729,8729,8729,8748,8748,8505,8517,8517,8517],"floor_reached":51,"campfire_rested":0,"playtime":2132,"current_hp_per_floor":[70,59,59,52,49,49,49,49,59,59,59,87,80,63,63,38,87,77,29,29,38,38,38,67,67,67,67,67,61,82,88,88,110,110,112,112,112,114,116,116,118,118,120,120,122,122,122,124,124,124],"items_purged":["Strike_G","Writhe","Defend_G","Good Instincts"],"gold":8517,"score":747,"play_id":"c21ff5b3-b44c-4685-9674-c198838b4971","is_prod":false,"is_daily":false,"is_ascension_mode":false,"campfire_upgraded":1,"path_taken":["M","?","$","M","?","R","M","?","T","?","?","$","E","?","R","BOSS","M","?","?","?","?","R","?","R","T","?","R","?","$","M","R","BOSS","M","$","?","?","M","R","E","?","T","R","M","R","$","M","R","BOSS"],"build_version":"2018-02-12-PROD1","purchased_purges":4,"victory":true,"master_deck":["Defend_G+1","Neutralize","Apotheosis+1","Jack Of All Trades","Infinite Blades","Dagger Throw+1","Storm of Steel","Well Laid Plans","Caltrops","Backflip+1","Panache","Storm of Steel","Predator+1","Footwork+1","Poisoned Stab+1","Finesse+1","Purity","Madness","Trip","Bite+1","Bite+1","Bite+1","Bite+1","Bite+1","Prepared+1","Caltrops+1","Footwork+1","Blind+1","Jack Of All Trades+1","Bandage Up+1","Dark Shackles+1","Deep Breath+1","Jack Of All Trades+1","Madness+1","Purity+1","Master of Strategy+1","After Image+1","Accuracy+1","Footwork+1","Infinite Blades+1","Infinite Blades+1","Infinite Blades+1","Sadistic Nature+1"],"max_hp_per_floor":[70,70,70,70,70,70,70,70,80,80,80,87,87,87,87,87,87,87,87,87,87,87,87,87,87,87,87,87,87,108,110,110,110,110,112,112,112,114,116,116,118,118,120,120,122,122,122,124,124,124],"relics":["Ring of the Snake","Whetstone","Molten Egg 2","Matryoshka","Pen Nib","Centennial Puzzle","Pear","Ginger","Shovel","Lee\u0027s Waffle","Toolbox","Bag of Marbles","Prayer Wheel","Astrolabe","Kunai","Ancient Tea Set","Omamori","Meat on the Bone","Lantern","The Courier","Dead Branch","Frozen Egg 2","Mercury Hourglass","Bird Faced Urn","Tough Bandages","Orichalcum","Medical Kit","Singing Bowl","Ornamental Fan","Ice Cream","Tiny Chest","Juzu Bracelet","Pantograph","Bronze Scales","Toy Ornithopter","Letter Opener","Gremlin Horn","Thread and Needle","Oddly Smooth Stone","Art of War","Toxic Egg 2","War Paint","Mummified Hand","Unceasing Top","Membership Card","Paper Crane","Strawberry","Darkstone Periapt","Sundial","Ninja Scroll","Bottled Lightning","Gambling Chip","Vajra","Blue Candle","Happy Flower","Dodecahedron","Snake Skull","Anchor","Bag of Preparation","Regal Pillow","Dream Catcher","Peace Pipe","Shuriken","Du-Vu Doll","Calipers","Mango","Torii","Tingsha","Frozen Eye","Circlet","Bottled Flame","Bottled Tornado","Circlet","Cursed Key","Circlet","Circlet"],"card_choices":[{"not_picked":["Calculated Gamble","Deadly Poison"],"picked":"Dagger Throw"},{"not_picked":["Deadly Poison","Prepared"],"picked":"Well Laid Plans"},{"not_picked":["Envenom","Wraith Form"],"picked":"Storm of Steel"},{"not_picked":["Dodge and Roll","PiercingWail"],"picked":"Blade Dance"},{"not_picked":["Flying Knee","Deadly Poison"],"picked":"Prepared"},{"not_picked":["Doppelganger","Venomology"],"picked":"After Image"}],"player_experience":188036,"potions_floor_usage":[13,29,50],"damage_taken":[{"damage":0,"enemies":"Cultist","floor":1,"turns":5},{"damage":7,"enemies":"Small Slimes","floor":4,"turns":4},{"damage":0,"enemies":"2 Louse","floor":7,"turns":3},{"damage":2,"enemies":"Looter","floor":11,"turns":3},{"damage":7,"enemies":"Lagavulin","floor":13,"turns":5},{"damage":27,"enemies":"Hexaghost","floor":16,"turns":7},{"damage":10,"enemies":"3 Byrds","floor":18,"turns":3},{"damage":0,"enemies":"Chosen","floor":21,"turns":3},{"damage":9,"enemies":"Snake Plant","floor":29,"turns":2},{"damage":0,"enemies":"3 Cultists","floor":31,"turns":1},{"damage":0,"enemies":"Automaton","floor":33,"turns":3},{"damage":0,"enemies":"3 Darklings","floor":35,"turns":1},{"damage":0,"enemies":"Orb Walker","floor":39,"turns":1},{"damage":0,"enemies":"Nemesis","floor":41,"turns":1},{"damage":0,"enemies":"Sphere and 2 Shapes","floor":45,"turns":1},{"damage":0,"enemies":"4 Shapes","floor":48,"turns":1},{"damage":0,"enemies":"Awakened One","floor":50,"turns":3}],"event_choices":[{"event_name":"World of Goop","player_choice":"Gather Gold","floor":2,"damage_taken":0},{"event_name":"Scrap Ooze","player_choice":"success","floor":5,"damage_taken":3},{"event_name":"Match and Keep!","player_choice":"1 cards matched","floor":10,"damage_taken":0},{"event_name":"Shining Light","player_choice":"Entered Light","floor":14,"damage_taken":0},{"event_name":"Knowing Skull","player_choice":"CARD CARD CARD CARD CARD ","floor":19,"damage_taken":0},{"event_name":"Vampires","player_choice":"Became a vampire (Vial)","floor":20,"damage_taken":0},{"event_name":"The Mausoleum","player_choice":"Yes","floor":22,"damage_taken":0},{"event_name":"The Library","player_choice":"Heal","floor":24,"damage_taken":0},{"event_name":"Bonfire Elementals","player_choice":"UNCOMMON","floor":42,"damage_taken":0}],"boss_relics":[{"not_picked":["Snecko Eye","Velvet Choker"],"picked":"Astrolabe"},{"not_picked":["Tiny House","Question Card"],"picked":"Cursed Key"}],"potions_floor_spawned":[7,11,13,16,18,31,35,41,45],"seed_played":"-8153816523986320554","ascension_level":0,"is_trial":false}