{"path_per_floor":["M","M","M","?","M","R","$","M","T","E","R","M","E","?","R"],"character_chosen":"THE_SILENT","items_purchased":["Footwork"],"gold_per_floor":[114,124,134,134,153,153,84,95,95,128,128,142,173,229,229],"floor_reached":16,"campfire_rested":1,"playtime":1414,"current_hp_per_floor":[70,68,68,68,49,49,49,43,43,31,31,24,14,10,31],"items_purged":[],"gold":229,"score":112,"play_id":"778afb07-fd45-4e04-85f2-dd9f47d3ec37","is_prod":false,"is_daily":false,"is_ascension_mode":false,"campfire_upgraded":2,"path_taken":["M","M","M","?","?","R","?","?","T","E","R","M","E","?","R","BOSS"],"build_version":"2018-02-08-PROD1","purchased_purges":0,"victory":false,"master_deck":["Defend_G","Defend_G","Defend_G","Defend_G","Defend_G","Strike_G","Strike_G","Strike_G","Strike_G","Strike_G","Survivor","Neutralize","Cloak And Dagger+1","Backflip","Burst+1","Regret","Terror+1","Footwork+1","Malaise","Outmaneuver","Slice"],"max_hp_per_floor":[70,70,70,70,70,70,70,70,70,70,70,70,70,70,70],"relics":["Ring of the Snake","Pen Nib","Dream Catcher","Matryoshka","Lantern","Dead Branch","War Paint"],"card_choices":[{"not_picked":["Dagger Spray","Poisoned Stab"],"picked":"Cloak And Dagger"},{"not_picked":["Deadly Poison","Finisher"],"picked":"Backflip"},{"not_picked":["Poisoned Stab","Bane"],"picked":"Burst"},{"not_picked":["Slice","Sucker Punch"],"picked":"Terror"},{"not_picked":["Dagger Spray","Prepared"],"picked":"Malaise"},{"not_picked":["Crippling Poison","Quick Slash"],"picked":"Outmaneuver"},{"not_picked":["Poisoned Stab","Bane"],"picked":"Slice"}],"player_experience":184229,"potions_floor_usage":[10,13,14,16,16],"damage_taken":[{"damage":0,"enemies":"2 Louse","floor":1,"turns":3},{"damage":2,"enemies":"Blue Slaver","floor":2,"turns":5},{"damage":0,"enemies":"Cultist","floor":3,"turns":4},{"damage":19,"enemies":"Exordium Wildlife","floor":5,"turns":9},{"damage":6,"enemies":"3 Louse","floor":8,"turns":6},{"damage":27,"enemies":"Lagavulin","floor":10,"turns":9},{"damage":7,"enemies":"Large Slime","floor":12,"turns":12},{"damage":10,"enemies":"Gremlin Nob","floor":13,"turns":5},{"damage":19,"enemies":"3 Sentries","floor":14,"turns":10},{"damage":32,"enemies":"Slime Boss","floor":16,"turns":11}],"event_choices":[{"event_name":"Big Fish","player_choice":"Box","floor":4,"damage_taken":0},{"event_name":"Dead Adventurer","player_choice":"Searched \u00271\u0027 times","floor":14,"damage_taken":0}],"boss_relics":[],"potions_floor_spawned":[2,3,13,14],"seed_played":"-7254926005140677904","killed_by":"Slime Boss","ascension_level":0,"is_trial":false}