{"path_per_floor":["M","M","?","M","M","R","?","R","T","$","M","R","T","M","R","B",null,"M","?","$","M","T","E","R","M","T","R","?","R","M","$","R","B",null,"M","M","?","?","M","R","M","?","T","T","$","R","?","?","R","B"],"character_chosen":"THE_SILENT","items_purchased":["Leg Sweep","Escape Plan","Flying Knee","Bronze Scales","Infinite Blades","Caltrops","Prepared"],"gold_per_floor":[111,126,126,141,156,156,156,156,181,28,47,47,47,65,65,169,199,213,213,32,42,42,68,68,84,108,108,108,108,122,3,3,103,103,123,134,0,0,20,20,36,36,36,36,36,36,36,36,36,36],"floor_reached":51,"campfire_rested":0,"playtime":3637,"current_hp_per_floor":[62,62,62,56,56,56,56,56,56,56,53,53,53,53,53,30,68,68,68,68,68,68,65,65,65,65,65,65,65,55,55,55,55,68,58,58,58,58,50,50,50,40,40,40,40,40,40,40,40,55],"items_purged":[],"gold":36,"play_id":"f7193c90-d75d-41a1-b779-06e2ed9dabec","is_prod":false,"is_daily":false,"is_ascension_mode":false,"campfire_upgraded":11,"path_taken":["M","M","?","M","?","R","?","R","T","$","M","R","?","M","R","BOSS","M","?","$","M","?","E","R","M","T","R","?","R","M","$","R","BOSS","M","M","?","?","M","R","M","?","T","?","?","R","?","?","R","BOSS"],"build_version":"2018-02-01-PROD3","purchased_purges":0,"victory":true,"master_deck":["Defend_G+1","Defend_G","Defend_G","Defend_G","Strike_G","Strike_G","Strike_G","Survivor","Glass Knife+1","Calculated Gamble+1","Riddle With Holes+1","Dodge and Roll+1","Blur+1","Dash","Leg Sweep+1","Escape Plan","Flying Knee","Dodge and Roll+1","Adrenaline+1","Prepared","Footwork+1","Infinite Blades","Dodge and Roll+1","Escape Plan","Well Laid Plans+1","Adrenaline+1","Caltrops+1","Prepared+1","After Image+1","Flying Knee","Blur","Flechettes+1","Flying Knee","Madness","Madness","Doubt","Writhe","Predator"],"max_hp_per_floor":[63,63,63,63,63,63,63,63,63,63,63,63,63,63,63,63,68,68,68,68,68,68,68,68,68,68,68,68,68,68,68,68,68,68,68,68,68,68,68,68,68,68,68,68,68,68,68,68,68,68],"relics":["Ring of the Snake","Juzu Bracelet","Calipers","Tiny House","Bronze Scales","Tingsha","Unceasing Top","War Paint","Snake Skull","Cursed Key","Red Mask","Du-Vu Doll","Oddly Smooth Stone"],"card_choices":[{"not_picked":["All Out Attack","Slice"],"picked":"Riddle With Holes"},{"not_picked":["Sucker Punch","Skewer"],"picked":"Dodge and Roll"},{"not_picked":["Bouncing Flask","Slice"],"picked":"Blur"},{"not_picked":["Dagger Throw","Sucker Punch"],"picked":"Dash"},{"not_picked":["Underhanded Strike","Deadly Poison"],"picked":"Dodge and Roll"},{"not_picked":["Phantasmal Killer","Die Die Die"],"picked":"Adrenaline"},{"not_picked":["Slice","Dodge and Roll"],"picked":"Prepared"},{"not_picked":["Quick Slash","Slice"],"picked":"Footwork"},{"not_picked":["PiercingWail","Poisoned Stab"],"picked":"Dodge and Roll"},{"not_picked":["Quick Slash","Dodge and Roll"],"picked":"Escape Plan"},{"not_picked":["Deflect","Leg Sweep"],"picked":"Well Laid Plans"},{"not_picked":["Acrobatics","Blur"],"picked":"Adrenaline"},{"not_picked":["Corpse Explosion","Unload"],"picked":"After Image"},{"not_picked":["Well Laid Plans","Dagger Spray"],"picked":"Flying Knee"},{"not_picked":["Leg Sweep","PiercingWail"],"picked":"Blur"},{"not_picked":["Outmaneuver","Riddle With Holes"],"picked":"Flechettes"},{"not_picked":["Backstab","Skewer"],"picked":"Flying Knee"}],"player_experience":148197,"potions_floor_usage":[50,50,50],"damage_taken":[{"damage":1,"enemies":"Cultist","floor":1,"turns":3},{"damage":0,"enemies":"Jaw Worm","floor":2,"turns":3},{"damage":6,"enemies":"Blue Slaver","floor":4,"turns":3},{"damage":0,"enemies":"2 Fungi Beasts","floor":5,"turns":4},{"damage":3,"enemies":"Lots of Slimes","floor":11,"turns":5},{"damage":0,"enemies":"Looter","floor":14,"turns":2},{"damage":23,"enemies":"Slime Boss","floor":16,"turns":21},{"damage":0,"enemies":"Chosen","floor":18,"turns":8},{"damage":0,"enemies":"Spheric Guardian","floor":21,"turns":5},{"damage":3,"enemies":"Book of Stabbing","floor":23,"turns":8},{"damage":0,"enemies":"Centurion and Healer","floor":25,"turns":5},{"damage":10,"enemies":"Slaver and Parasite","floor":30,"turns":9},{"damage":0,"enemies":"Champ","floor":33,"turns":18},{"damage":10,"enemies":"3 Darklings","floor":35,"turns":6},{"damage":0,"enemies":"Orb Walker","floor":36,"turns":4},{"damage":8,"enemies":"4 Shapes","floor":39,"turns":8},{"damage":0,"enemies":"Maw","floor":41,"turns":9},{"damage":0,"enemies":"Time Eater","floor":50,"turns":14}],"event_choices":[{"event_name":"Living Wall","player_choice":"Grow","floor":3,"damage_taken":0},{"event_name":"Upgrade Shrine","player_choice":"Upgraded","floor":7,"damage_taken":0},{"event_name":"Beggar","player_choice":"Ignored","floor":19,"damage_taken":0},{"event_name":"The Mausoleum","player_choice":"Yes","floor":28,"damage_taken":0},{"event_name":"Tomb of Lord Red Mask","player_choice":"Paid","floor":37,"damage_taken":0},{"event_name":"Winding Halls","player_choice":"Embrace Madness","floor":42,"damage_taken":0},{"event_name":"Transmorgrifier","player_choice":"Transform","floor":47,"damage_taken":0},{"event_name":"Upgrade Shrine","player_choice":"Upgraded","floor":48,"damage_taken":0}],"boss_relics":[{"not_picked":["Sozu","Runic Dome"],"picked":"Tiny House"},{"not_picked":["Orrery","Runic Pyramid"],"picked":"Cursed Key"}],"potions_floor_spawned":[1,2,14,18,21,23,30,39],"seed_played":"-1798259394907027758","ascension_level":0,"is_trial":false}