{"path_per_floor":["M","$","?","M","?","R","M","R","T","M","R","M","?","M","R","B",null,"M","?","M","M","$"],"character_chosen":"THE_SILENT","items_purchased":["Infinite Blades","Cloak And Dagger","Cloak And Dagger","Juzu Bracelet"],"gold_per_floor":[213,14,14,34,209,209,221,221,245,258,258,268,218,229,229,334,334,274,274,294,309,7],"floor_reached":23,"campfire_rested":1,"playtime":959,"current_hp_per_floor":[65,65,58,58,58,58,53,53,53,52,52,48,48,43,64,28,70,63,63,33,32,32],"items_purged":["Strike_G","Sucker Punch"],"gold":7,"score":207,"play_id":"c2062f0b-314d-4b1a-8967-1dfa8be1008a","is_prod":false,"is_daily":false,"is_ascension_mode":false,"campfire_upgraded":3,"path_taken":["M","$","?","M","?","R","M","R","T","?","R","M","?","M","R","BOSS","M","?","M","M","$","E"],"build_version":"2018-02-15-PROD1","purchased_purges":2,"victory":false,"master_deck":["Survivor","Neutralize+1","Outmaneuver","Infinite Blades","Cloak And Dagger+1","Accuracy+1","Dodge and Roll","Backflip","Burst","Leg Sweep","Cloak And Dagger","Bouncing Flask","Masterful Stab","Masterful Stab","Distraction","Flying Knee","Cloak And Dagger","Die Die Die","Neutralize","Well Laid Plans","Caltrops","Cloak And Dagger"],"max_hp_per_floor":[70,70,70,70,70,70,70,70,70,70,70,70,70,70,70,70,70,70,70,70,70,70],"relics":["Ring of the Snake","Dream Catcher","Pandora\u0027s Box","Juzu Bracelet"],"card_choices":[{"not_picked":["Acrobatics","Bane"],"picked":"Outmaneuver"},{"not_picked":["Finisher","Dagger Throw"],"picked":"Accuracy"},{"not_picked":["Concentrate","Dagger Spray"],"picked":"Dodge and Roll"},{"not_picked":["Riddle With Holes","Dagger Throw"],"picked":"Backflip"},{"not_picked":["Envenom","Unload"],"picked":"Burst"},{"not_picked":["Acrobatics","Sucker Punch"],"picked":"Cloak And Dagger"},{"not_picked":["Expertise","Backflip"],"picked":"Well Laid Plans"},{"not_picked":["Prepared","Quick Slash"],"picked":"Caltrops"}],"player_experience":204500,"potions_floor_usage":[14,16,18],"damage_taken":[{"damage":5,"enemies":"2 Louse","floor":1,"turns":4},{"damage":0,"enemies":"Jaw Worm","floor":4,"turns":6},{"damage":5,"enemies":"Small Slimes","floor":7,"turns":5},{"damage":1,"enemies":"Exordium Wildlife","floor":10,"turns":8},{"damage":4,"enemies":"Blue Slaver","floor":12,"turns":5},{"damage":17,"enemies":"Lots of Slimes","floor":14,"turns":5},{"damage":36,"enemies":"Hexaghost","floor":16,"turns":13},{"damage":7,"enemies":"2 Thieves","floor":18,"turns":4},{"damage":30,"enemies":"Spheric Guardian","floor":20,"turns":4},{"damage":1,"enemies":"Snecko","floor":21,"turns":5},{"damage":32,"enemies":"Gremlin Leader","floor":23,"turns":3}],"event_choices":[{"event_name":"Golden Wing","player_choice":"Card Removal","floor":3,"damage_taken":0},{"event_name":"Liars Game","player_choice":"agreed","floor":5,"damage_taken":0},{"event_name":"The Cleric","player_choice":"Card Removal","floor":13,"damage_taken":0},{"event_name":"Match and Keep!","player_choice":"2 cards matched","floor":19,"damage_taken":0}],"boss_relics":[{"not_picked":["Runic Pyramid","Velvet Choker"],"picked":"Pandora\u0027s Box"}],"potions_floor_spawned":[10,12,14,21],"seed_played":"-2447288887991366621","killed_by":"Gremlin Leader","ascension_level":0,"is_trial":false}