{"path_per_floor":["M","?","?","?","M","R","E","M","T","R","$","T","M","M","R","B",null,"M","M","?","?","?","E","M"],"character_chosen":"THE_SILENT","items_purchased":["Footwork","Medical Kit","Prepared"],"gold_per_floor":[113,113,113,413,427,427,454,466,466,466,72,123,139,155,155,252,252,267,281,281,281,281,315,331],"floor_reached":25,"campfire_rested":0,"playtime":961,"current_hp_per_floor":[70,63,56,56,56,56,56,58,58,58,58,58,58,50,50,22,70,66,63,63,63,63,58,67],"items_purged":["Strike_G"],"gold":331,"score":246,"play_id":"84efb6c4-32ce-4583-9412-f7a057a10f48","is_prod":false,"is_daily":false,"is_ascension_mode":false,"campfire_upgraded":3,"path_taken":["M","?","?","?","M","R","E","M","T","R","$","?","M","M","R","BOSS","M","M","?","?","?","E","M","?"],"build_version":"2018-02-15-PROD1","purchased_purges":1,"victory":false,"master_deck":["Defend_G","Defend_G","Defend_G","Strike_G+1","Strike_G","Strike_G+1","Survivor","Neutralize+1","Backflip","Poisoned Stab+1","Poisoned Stab","Footwork+1","Prepared","Backflip","Adrenaline","Concentrate+1","Backflip+1","Envenom"],"max_hp_per_floor":[70,70,70,70,70,70,70,70,70,70,70,70,70,70,70,70,70,70,70,70,70,70,70,70],"relics":["Ring of the Snake","NeowsBlessing","Snake Skull","Old Coin","Blood Vial","Du-Vu Doll","Medical Kit","Whetstone","Question Card","Pantograph"],"card_choices":[{"not_picked":["Slice","Sucker Punch"],"picked":"Backflip"},{"not_picked":["Calculated Gamble","Dodge and Roll"],"picked":"Poisoned Stab"},{"not_picked":["PiercingWail","Die Die Die"],"picked":"Poisoned Stab"},{"not_picked":["Cloak And Dagger","Expertise"],"picked":"Backflip"},{"not_picked":["Venomology","Corpse Explosion"],"picked":"Adrenaline"},{"not_picked":["Outmaneuver","Poisoned Stab","Deflect"],"picked":"Concentrate"},{"not_picked":["Setup","Dagger Spray","Caltrops"],"picked":"Backflip"}],"player_experience":201629,"potions_floor_usage":[19,24],"damage_taken":[{"damage":0,"enemies":"2 Louse","floor":1,"turns":1},{"damage":0,"enemies":"Jaw Worm","floor":5,"turns":1},{"damage":0,"enemies":"Gremlin Nob","floor":7,"turns":1},{"damage":0,"enemies":"Small Slimes","floor":8,"turns":3},{"damage":2,"enemies":"Exordium Wildlife","floor":13,"turns":4},{"damage":10,"enemies":"3 Louse","floor":14,"turns":4},{"damage":30,"enemies":"Slime Boss","floor":16,"turns":12},{"damage":4,"enemies":"Shell Parasite","floor":18,"turns":6},{"damage":5,"enemies":"2 Thieves","floor":19,"turns":4},{"damage":7,"enemies":"Book of Stabbing","floor":23,"turns":5},{"damage":8,"enemies":"Slaver and Parasite","floor":24,"turns":7},{"damage":70,"enemies":"Cultist and Chosen","floor":25,"turns":7}],"event_choices":[{"event_name":"Scrap Ooze","player_choice":"success","floor":2,"damage_taken":7},{"event_name":"Golden Wing","player_choice":"Card Removal","floor":3,"damage_taken":0},{"event_name":"Accursed Blacksmith","player_choice":"Rummage","floor":4,"damage_taken":0},{"event_name":"Bonfire Elementals","player_choice":"BASIC","floor":20,"damage_taken":0},{"event_name":"The Library","player_choice":"Read","floor":21,"damage_taken":0},{"event_name":"Back to Basics","player_choice":"Elegance","floor":22,"damage_taken":0}],"boss_relics":[{"not_picked":["Calling Bell","Black Star"],"picked":"Question Card"}],"potions_floor_spawned":[8,14,18],"seed_played":"-5552665917039652572","killed_by":"Cultist and Chosen","ascension_level":0,"is_trial":false}