{"path_per_floor":["M","?","$","?","?","R","?","R","T","?","E","M","R","$","R","B",null,"M","M","?","$","?","R","M","$","T","E","?","R","M","M","R","B",null,"M","M","$","?","M","R","M","T","T","M","R","$","R","M","R","B"],"character_chosen":"THE_SILENT","items_purchased":["Escape Plan","Apotheosis","Footwork","Footwork","Dagger Spray","Noxious Fumes","Omamori","Noxious Fumes"],"gold_per_floor":[116,116,6,6,6,6,6,6,6,6,333,352,352,66,66,164,164,154,171,171,82,82,82,94,23,23,55,55,55,70,82,82,183,183,200,212,68,68,78,78,91,118,186,206,206,38,38,58,58,58],"floor_reached":51,"campfire_rested":2,"playtime":4550,"current_hp_per_floor":[70,70,70,70,70,70,70,70,70,70,70,70,70,70,70,49,70,66,66,73,73,73,77,74,74,74,66,66,76,68,68,77,69,77,77,56,56,75,63,73,17,17,17,15,50,50,62,45,77,23],"items_purged":["Regret","Injury"],"gold":58,"play_id":"5e373c53-3c27-40b3-ae51-24a36d4e3c1a","is_prod":false,"is_daily":false,"is_ascension_mode":false,"campfire_upgraded":6,"path_taken":["M","?","?","?","?","R","?","R","T","?","E","M","R","$","R","BOSS","M","?","?","$","?","R","M","$","T","E","?","R","M","M","R","BOSS","M","M","$","?","M","R","M","?","T","M","R","$","R","M","R","BOSS"],"build_version":"2018-02-01-PROD3","purchased_purges":3,"victory":true,"master_deck":["Defend_G","Defend_G","Defend_G","Defend_G","Defend_G","Strike_G","Strike_G","Strike_G","Strike_G","Strike_G","Survivor","Neutralize+1","Escape Plan+1","Adrenaline+1","Acrobatics","Escape Plan","Apotheosis+1","Footwork+1","Adrenaline+1","Footwork","Dagger Spray","Caltrops","Dodge and Roll","Noxious Fumes","Heel Hook+1","Deadly Poison","Burst+1","Caltrops","Noxious Fumes","Noxious Fumes","Sucker Punch+1"],"max_hp_per_floor":[70,70,70,70,70,70,70,70,70,70,70,70,70,70,70,70,70,70,70,77,77,77,77,77,77,77,77,77,77,77,77,77,77,77,77,77,77,77,77,77,77,77,77,77,77,77,77,77,77,77],"relics":["Ring of the Snake","NeowsBlessing","Anchor","Girya","Old Coin","Eternal Feather","Strawberry","Sundial","Mercury Hourglass","Cursed Key","Omamori","Orichalcum","Blue Candle"],"card_choices":[{"not_picked":["Dagger Throw","Skewer"],"picked":"Acrobatics"},{"not_picked":["Deflect","Outmaneuver"],"picked":"Escape Plan"},{"not_picked":["Envenom","Wraith Form"],"picked":"Adrenaline"},{"not_picked":["Poisoned Stab","Underhanded Strike"],"picked":"Dodge and Roll"},{"not_picked":["Dagger Throw","Sucker Punch"],"picked":"Heel Hook"},{"not_picked":["Calculated Gamble","Deflect"],"picked":"Deadly Poison"},{"not_picked":["Venomology","After Image"],"picked":"Burst"},{"not_picked":["Deadly Poison","Outmaneuver"],"picked":"Caltrops"},{"not_picked":["Dash","Flying Knee"],"picked":"Noxious Fumes"},{"not_picked":["Dagger Throw","Quick Slash"],"picked":"Sucker Punch"}],"player_experience":143647,"potions_floor_usage":[50,50,50],"damage_taken":[{"damage":0.0,"enemies":"2 Louse","floor":1.0,"turns":1.0},{"damage":0.0,"enemies":"3 Sentries","floor":11.0,"turns":1.0},{"damage":0.0,"enemies":"Jaw Worm","floor":12.0,"turns":1.0},{"damage":21.0,"enemies":"Slime Boss","floor":16.0,"turns":18.0},{"damage":4.0,"enemies":"2 Thieves","floor":18.0,"turns":4.0},{"damage":0.0,"enemies":"3 Byrds","floor":19.0,"turns":6.0},{"damage":3.0,"enemies":"Snake Plant","floor":24.0,"turns":4.0},{"damage":8.0,"enemies":"Book of Stabbing","floor":27.0,"turns":6.0},{"damage":8.0,"enemies":"Snecko","floor":30.0,"turns":4.0},{"damage":0.0,"enemies":"3 Cultists","floor":31.0,"turns":4.0},{"damage":8.0,"enemies":"Automaton","floor":33.0,"turns":10.0},{"damage":0.0,"enemies":"3 Darklings","floor":35.0,"turns":6.0},{"damage":21.0,"enemies":"3 Shapes","floor":36.0,"turns":2.0},{"damage":12.0,"enemies":"Maw","floor":39.0,"turns":7.0},{"damage":56.0,"enemies":"Sphere and 2 Shapes","floor":41.0,"turns":5.0},{"damage":2.0,"enemies":"3 Darklings","floor":44.0,"turns":6.0},{"damage":17,"enemies":"4 Shapes","floor":48,"turns":5},{"damage":54,"enemies":"Donu and Deca","floor":50,"turns":10}],"event_choices":[{"event_name":"Big Fish","player_choice":"Box","floor":2.0,"damage_taken":0.0},{"event_name":"The Lab","player_choice":"Got Potions","floor":4.0,"damage_taken":0.0},{"event_name":"Match and Keep!","player_choice":"1 cards matched","floor":5.0,"damage_taken":0.0},{"event_name":"The Cleric","player_choice":"Leave","floor":7.0,"damage_taken":0.0},{"event_name":"Accursed Blacksmith","player_choice":"Forge","floor":10.0,"damage_taken":0.0},{"event_name":"The Mausoleum","player_choice":"Yes","floor":20.0,"damage_taken":0.0},{"event_name":"The Library","player_choice":"Read","floor":22.0,"damage_taken":0.0},{"event_name":"Addict","player_choice":"Ignored","floor":28.0,"damage_taken":0.0},{"event_name":"Winding Halls","player_choice":"Writhe","floor":38.0,"damage_taken":0.0}],"boss_relics":[],"potions_floor_spawned":[11,12,16,18,31,36,41,44,48],"seed_played":"-7163435002702835446","ascension_level":0,"is_trial":false}