{"path_per_floor":["M","?","M","?","M","R","M","R","T","M","R","?","M","M","R","B",null,"M","?","?","?","M","R","$","M","T","?","?","M","M","M","R","B",null,"M","?","?","?","?","R","$","M","T","R","?","M","M","M","R"],"character_chosen":"THE_SILENT","items_purchased":["Panache","Infinite Blades","Snake Skull"],"gold_per_floor":[119,69,86,86,97,97,109,109,161,179,179,179,198,212,212,308,308,279,379,294,294,308,308,48,61,61,61,41,59,78,98,98,199,199,214,214,214,214,214,214,9,21,21,21,0,10,21,31,31],"floor_reached":50,"campfire_rested":2,"playtime":3393,"current_hp_per_floor":[63,63,61,54,54,54,36,36,36,33,33,33,31,21,39,40,63,58,58,58,58,50,50,50,37,37,37,37,27,37,36,36,29,63,42,32,32,32,32,32,32,35,45,45,45,40,29,26,47],"items_purged":["Decay"],"gold":31,"play_id":"52f71dc7-3e0b-4930-8050-1cebb8166746","is_prod":false,"is_daily":false,"is_ascension_mode":false,"campfire_upgraded":7,"path_taken":["M","?","M","?","?","R","M","R","T","M","R","?","M","M","R","BOSS","M","?","?","?","?","R","$","M","T","?","?","M","M","M","R","BOSS","M","?","?","?","?","R","?","?","T","R","?","M","M","M","R","BOSS"],"build_version":"2018-02-01-PROD3","purchased_purges":1,"victory":false,"master_deck":["Defend_G","Defend_G","Defend_G","Defend_G","Strike_G","Strike_G","Survivor","Neutralize+1","Outmaneuver","Outmaneuver","Choke+1","Outmaneuver","Distraction+1","Backflip","Slice","Escape Plan","A Thousand Cuts+1","Footwork+1","Infinite Blades+1","Panache+1","Infinite Blades","Blade Dance","Deadly Poison+1","Noxious Fumes+1","Tactician+1","Madness","Madness","Deadly Poison+1","Acrobatics+1","Catalyst"],"max_hp_per_floor":[63,63,63,63,63,63,63,63,63,63,63,63,63,63,63,63,63,63,63,63,63,63,63,63,63,63,63,63,63,63,63,63,63,63,63,63,63,63,63,63,63,63,73,73,73,73,73,73,73],"relics":["Ring of the Snake","Bird Faced Urn","Lantern","Runic Pyramid","Smiling Mask","Gambling Chip","Question Card","Snake Skull","Pear","Red Mask"],"card_choices":[{"not_picked":["Leg Sweep","Dagger Spray"],"picked":"Outmaneuver"},{"not_picked":["Unload","Deflect"],"picked":"Outmaneuver"},{"not_picked":["All Out Attack","Calculated Gamble"],"picked":"Choke"},{"not_picked":["Infinite Blades","Dagger Spray"],"picked":"Outmaneuver"},{"not_picked":["Deflect","Dodge and Roll"],"picked":"Distraction"},{"not_picked":["Prepared","Dodge and Roll"],"picked":"Slice"},{"not_picked":["Backflip","Deadly Poison"],"picked":"Escape Plan"},{"not_picked":["After Image","Glass Knife"],"picked":"A Thousand Cuts"},{"not_picked":["Noxious Fumes","Predator"],"picked":"Infinite Blades"},{"not_picked":["Dash","Sucker Punch"],"picked":"Blade Dance"},{"not_picked":["Dodge and Roll","Backflip"],"picked":"Deadly Poison"},{"not_picked":["Underhanded Strike","Slice"],"picked":"Noxious Fumes"},{"not_picked":["Burst","Glass Knife"],"picked":"Tactician"},{"not_picked":["Deflect","Underhanded Strike","Infinite Blades"],"picked":"Deadly Poison"},{"not_picked":["Dagger Throw","Bane","Choke"],"picked":"Acrobatics"},{"not_picked":["Underhanded Strike","Reflex","Sucker Punch"],"picked":"Catalyst"}],"player_experience":140254,"potions_floor_usage":[16,16,18,30,33,33,47,48,50],"damage_taken":[{"damage":0,"enemies":"Cultist","floor":1,"turns":4},{"damage":2,"enemies":"Small Slimes","floor":3,"turns":5},{"damage":0,"enemies":"Jaw Worm","floor":5,"turns":6},{"damage":18,"enemies":"Gremlin Gang","floor":7,"turns":7},{"damage":3,"enemies":"Exordium Thugs","floor":10,"turns":4},{"damage":2,"enemies":"Large Slime","floor":13,"turns":6},{"damage":10,"enemies":"Lots of Slimes","floor":14,"turns":4},{"damage":14,"enemies":"The Guardian","floor":16,"turns":8},{"damage":7,"enemies":"2 Thieves","floor":18,"turns":5},{"damage":12,"enemies":"3 Byrds","floor":22,"turns":8},{"damage":21,"enemies":"Snake Plant","floor":25,"turns":4},{"damage":20,"enemies":"Centurion and Healer","floor":29,"turns":7},{"damage":0,"enemies":"Cultist and Chosen","floor":30,"turns":4},{"damage":9,"enemies":"Snake Plant","floor":31,"turns":4},{"damage":19,"enemies":"Automaton","floor":33,"turns":8},{"damage":23,"enemies":"3 Shapes","floor":35,"turns":3},{"damage":5,"enemies":"Orb Walker","floor":42,"turns":3},{"damage":15,"enemies":"4 Shapes","floor":46,"turns":4},{"damage":23,"enemies":"Maw","floor":47,"turns":6},{"damage":15,"enemies":"Sphere and 2 Shapes","floor":48,"turns":7},{"damage":70,"enemies":"Donu and Deca","floor":50,"turns":4}],"event_choices":[{"event_name":"The Cleric","player_choice":"Card Removal","floor":2,"damage_taken":0},{"event_name":"Golden Wing","player_choice":"Card Removal","floor":4,"damage_taken":0},{"event_name":"Transmorgrifier","player_choice":"Transform","floor":12,"damage_taken":0},{"event_name":"Golden Shrine","player_choice":"Pray","floor":19,"damage_taken":0},{"event_name":"Addict","player_choice":"Obtained Relic","floor":20,"damage_taken":0},{"event_name":"The Library","player_choice":"Read","floor":21,"damage_taken":0},{"event_name":"Forgotten Altar","player_choice":"Smashed Altar","floor":27,"damage_taken":0},{"event_name":"The Woman in Blue","player_choice":"Bought 1 Potion","floor":28,"damage_taken":0},{"event_name":"Winding Halls","player_choice":"Embrace Madness","floor":36,"damage_taken":0},{"event_name":"Mysterious Sphere","player_choice":"Ignore","floor":38,"damage_taken":0},{"event_name":"Upgrade Shrine","player_choice":"Upgraded","floor":39,"damage_taken":0},{"event_name":"Tomb of Lord Red Mask","player_choice":"Paid","floor":45,"damage_taken":0}],"boss_relics":[{"not_picked":["Orrery","Velvet Choker"],"picked":"Runic Pyramid"},{"not_picked":["Sozu","Black Star"],"picked":"Question Card"}],"potions_floor_spawned":[3,10,14,16,25,29,33,46,47],"seed_played":"1450593395027915527","killed_by":"Donu and Deca","ascension_level":0,"is_trial":false}