{"path_per_floor":["M","$","?","?","?","R","M","R","T","R","M","M","$","M","R","B",null,"M","?","?","M","T","R","M","R","T","?","R","$","M","M","R","B",null,"M","M","M","M","T","R","?","M","T","$","$","M","?","M","R"],"character_chosen":"THE_SILENT","items_purchased":["Cloak And Dagger","Noxious Fumes","Accuracy","Torii"],"gold_per_floor":[118,16,16,16,16,16,35,35,35,35,45,59,23,34,34,134,134,144,144,144,154,233,233,248,248,248,248,248,71,90,100,100,200,200,220,240,256,266,266,266,266,282,306,4,4,14,69,87,87],"floor_reached":50,"campfire_rested":2,"playtime":1968,"current_hp_per_floor":[70,70,70,70,70,70,69,69,69,69,69,69,69,67,67,27,70,58,58,58,58,58,58,54,54,54,54,54,54,52,31,31,36,70,58,57,37,25,25,46,46,53,53,53,53,44,44,27,48],"items_purged":["Strike_G","Regret"],"gold":87,"score":435,"play_id":"fc0228a6-13bb-4066-9daf-4c893e7f9cda","is_prod":false,"is_daily":false,"is_ascension_mode":false,"campfire_upgraded":8,"path_taken":["M","$","?","?","?","R","M","R","T","R","M","M","?","?","R","BOSS","M","?","?","M","?","R","M","R","T","?","R","$","?","M","R","BOSS","M","?","M","?","?","R","?","M","T","?","$","M","?","M","R","BOSS"],"build_version":"2018-02-22-PROD2","purchased_purges":3,"victory":false,"master_deck":["Defend_G","Defend_G+1","Defend_G","Defend_G+1","Defend_G","Strike_G","Strike_G","Survivor","Neutralize+1","Cloak And Dagger+1","Cloak And Dagger+1","Dodge and Roll","Accuracy+1","Noxious Fumes+1","Storm of Steel","Adrenaline+1","Cloak And Dagger+1","Cloak And Dagger","Noxious Fumes","Escape Plan","Writhe","Accuracy+1","Outmaneuver+1","Footwork","Malaise","Burst","Cloak And Dagger+1"],"max_hp_per_floor":[70,70,70,70,70,70,70,70,70,70,70,70,70,70,70,70,70,70,70,70,70,70,70,70,70,70,70,70,70,70,70,70,70,70,70,70,70,70,70,70,70,70,70,70,70,70,70,70,70],"relics":["Ring of the Snake","Gambling Chip","Prayer Wheel","Runic Dome","Gremlin Horn","Calipers","Ancient Tea Set","The Specimen","Omamori","War Paint","Torii","Du-Vu Doll"],"card_choices":[{"not_picked":["Distraction","Underhanded Strike"],"picked":"Cloak And Dagger"},{"not_picked":["Malaise","Flying Knee"],"picked":"Dodge and Roll"},{"not_picked":["Dodge and Roll","Outmaneuver"],"picked":"Accuracy"},{"not_picked":["Flying Knee","Sucker Punch"],"picked":"Storm of Steel"},{"not_picked":["Burst","Envenom"],"picked":"Adrenaline"},{"not_picked":["PiercingWail","Dagger Throw"],"picked":"Cloak And Dagger"},{"not_picked":["Acrobatics","Dodge and Roll"],"picked":"Noxious Fumes"},{"not_picked":["Underhanded Strike","Acrobatics"],"picked":"Escape Plan"},{"not_picked":["Acrobatics","Dash"],"picked":"Outmaneuver"},{"not_picked":["Masterful Stab","Distraction"],"picked":"Footwork"},{"not_picked":["Acrobatics","Poisoned Stab"],"picked":"Malaise"},{"not_picked":["Deadly Poison","Dagger Spray"],"picked":"Burst"},{"not_picked":["Dagger Spray","Eviscerate"],"picked":"Cloak And Dagger"}],"player_experience":252223,"potions_floor_usage":[33,33,42,42,50,50],"damage_taken":[{"damage":0.0,"enemies":"Small Slimes","floor":1.0,"turns":4.0},{"damage":1.0,"enemies":"Cultist","floor":7.0,"turns":4.0},{"damage":0.0,"enemies":"2 Louse","floor":11.0,"turns":2.0},{"damage":0.0,"enemies":"2 Fungi Beasts","floor":12.0,"turns":4.0},{"damage":2.0,"enemies":"Looter","floor":14.0,"turns":3.0},{"damage":40.0,"enemies":"Slime Boss","floor":16.0,"turns":11.0},{"damage":12.0,"enemies":"Spheric Guardian","floor":18.0,"turns":4.0},{"damage":0.0,"enemies":"3 Byrds","floor":21.0,"turns":4.0},{"damage":4.0,"enemies":"3 Cultists","floor":24.0,"turns":6.0},{"damage":2,"enemies":"Snake Plant","floor":30,"turns":5},{"damage":21,"enemies":"Chosen and Byrds","floor":31,"turns":7},{"damage":10,"enemies":"Champ","floor":33,"turns":8},{"damage":12,"enemies":"3 Darklings","floor":35,"turns":4},{"damage":1,"enemies":"3 Shapes","floor":36,"turns":4},{"damage":20,"enemies":"3 Darklings","floor":37,"turns":4},{"damage":12,"enemies":"Sphere and 2 Shapes","floor":38,"turns":6},{"damage":8,"enemies":"4 Shapes","floor":42,"turns":6},{"damage":9,"enemies":"Maw","floor":46,"turns":7},{"damage":0,"enemies":"Mysterious Sphere","floor":47,"turns":5},{"damage":17,"enemies":"Sphere and 2 Shapes","floor":48,"turns":5},{"damage":68,"enemies":"Time Eater","floor":50,"turns":12}],"event_choices":[{"event_name":"Purifier","player_choice":"One Purge","floor":3.0,"damage_taken":0.0},{"event_name":"Big Fish","player_choice":"Box","floor":4.0,"damage_taken":0.0},{"event_name":"The Lab","player_choice":"Got Potions","floor":5.0,"damage_taken":0.0},{"event_name":"The Library","player_choice":"Read","floor":19.0,"damage_taken":0.0},{"event_name":"Back to Basics","player_choice":"Elegance","floor":20.0,"damage_taken":0.0},{"event_name":"The Mausoleum","player_choice":"Yes","floor":27,"damage_taken":0},{"event_name":"Tomb of Lord Red Mask","player_choice":"Ignored","floor":41,"damage_taken":0},{"event_name":"Mysterious Sphere","player_choice":"Fight","floor":47,"damage_taken":0}],"boss_relics":[{"not_picked":["Orrery","Astrolabe"],"picked":"The Specimen"}],"potions_floor_spawned":[1,7,11,12,18,21,30,35,37,38,47],"seed_played":"-3975152587687963000","killed_by":"Time Eater","ascension_level":0,"is_trial":false}