{"path_per_floor":["M","$","M","?","M","R","M","R","T","M","E","$","R","M","R","B",null,"M","$","?","M","?","R","$","E","T","?","R","M","$","?","R","B",null,"M","$","?","?","M"],"character_chosen":"THE_SILENT","items_purchased":["Noxious Fumes","Footwork","Footwork","Footwork"],"gold_per_floor":[113,37,47,147,160,160,172,172,198,210,241,129,129,147,147,245,245,258,120,120,130,130,130,90,122,145,145,145,162,37,137,137,233,233,250,100,100,100,115],"floor_reached":40,"campfire_rested":3,"playtime":1311,"current_hp_per_floor":[70,70,70,70,70,70,46,46,46,42,27,27,27,22,44,19,76,71,71,71,52,36,36,36,6,6,6,30,23,23,23,47,31,84,61,61,53,53,42],"items_purged":["Predator","Strike_G","Doubt","Strike_G"],"gold":115,"score":377,"play_id":"d03a1e93-02eb-44b0-8690-cef1a882f04e","is_prod":false,"is_daily":false,"is_ascension_mode":false,"campfire_upgraded":4,"path_taken":["M","?","?","?","M","R","M","R","T","M","E","$","R","?","R","BOSS","M","$","?","M","?","R","$","E","T","?","R","M","$","?","R","BOSS","M","$","?","?","?","E"],"build_version":"2018-02-15-PROD1","purchased_purges":4,"victory":false,"master_deck":["Defend_G","Defend_G","Defend_G","Defend_G","Defend_G","Strike_G","Strike_G","Survivor","Neutralize","Bouncing Flask","Noxious Fumes+1","Catalyst","Noxious Fumes+1","Noxious Fumes+1","Footwork","Adrenaline+1","Catalyst","Footwork","Footwork"],"max_hp_per_floor":[70,70,70,70,70,70,70,70,70,72,74,74,74,76,76,76,76,76,76,76,78,78,78,78,80,80,80,80,82,82,82,82,84,84,86,86,86,86,88],"relics":["Ring of the Snake","Singing Bowl","Dodecahedron","Cursed Key","Tough Bandages","Nilry\u0027s Codex","Bronze Scales","Lantern","The Specimen"],"card_choices":[{"not_picked":["Eviscerate","PiercingWail"],"picked":"Bouncing Flask"},{"not_picked":["Predator","Dodge and Roll"],"picked":"Catalyst"},{"not_picked":["Slice","Dagger Throw"],"picked":"Noxious Fumes"},{"not_picked":["Leg Sweep","Infinite Blades"],"picked":"Noxious Fumes"},{"not_picked":["Envenom","Corpse Explosion"],"picked":"Adrenaline"},{"not_picked":["Cloak And Dagger","Bane"],"picked":"Catalyst"}],"player_experience":221021,"potions_floor_usage":[16,25,25,29,33,40],"damage_taken":[{"damage":0,"enemies":"Cultist","floor":1,"turns":4},{"damage":0,"enemies":"Small Slimes","floor":3,"turns":3},{"damage":0,"enemies":"2 Louse","floor":5,"turns":2},{"damage":24,"enemies":"Gremlin Gang","floor":7,"turns":3},{"damage":6,"enemies":"Looter","floor":10,"turns":4},{"damage":17,"enemies":"3 Sentries","floor":11,"turns":5},{"damage":7,"enemies":"Blue Slaver","floor":14,"turns":4},{"damage":25,"enemies":"The Guardian","floor":16,"turns":6},{"damage":5,"enemies":"Spheric Guardian","floor":18,"turns":4},{"damage":21,"enemies":"2 Thieves","floor":21,"turns":4},{"damage":32,"enemies":"Slavers","floor":25,"turns":5},{"damage":9,"enemies":"Snake Plant","floor":29,"turns":4},{"damage":33,"enemies":"Collector","floor":33,"turns":7},{"damage":25,"enemies":"3 Darklings","floor":35,"turns":4},{"damage":13,"enemies":"3 Shapes","floor":39,"turns":5},{"damage":53,"enemies":"2 Orb Walkers","floor":40,"turns":3}],"event_choices":[{"event_name":"Golden Shrine","player_choice":"Pray","floor":4,"damage_taken":0},{"event_name":"The Mausoleum","player_choice":"Yes","floor":20,"damage_taken":0},{"event_name":"Cursed Tome","player_choice":"Obtained Book","floor":22,"damage_taken":0},{"event_name":"Vampires","player_choice":"Ignored","floor":27,"damage_taken":0},{"event_name":"Golden Shrine","player_choice":"Pray","floor":31,"damage_taken":0},{"event_name":"Wheel of Change","player_choice":"Damage","floor":37,"damage_taken":0},{"event_name":"Tomb of Lord Red Mask","player_choice":"Ignored","floor":38,"damage_taken":0}],"boss_relics":[{"not_picked":["Calling Bell","Question Card"],"picked":"Cursed Key"},{"not_picked":["Snecko Eye","Runic Dome"],"picked":"The Specimen"}],"potions_floor_spawned":[1,7,11,16,25,29,33,39],"seed_played":"-5488064327413126593","killed_by":"2 Orb Walkers","ascension_level":0,"is_trial":false}