{"path_per_floor":["M","?","?","?","$","E","$","M","T","M","M","R","E","M","R","B",null,"M","?","?","M","M","R","M","R","T","R","M","M","$","M","R","B",null,"M","?","?","M","M","R","E","R","T","R","?","?","?","?","R","B"],"character_chosen":"THE_SILENT","items_purchased":["Ninja Scroll","Cloak And Dagger","Infinite Blades","Mummified Hand","Well Laid Plans"],"gold_per_floor":[111,111,286,361,25,50,50,61,61,72,89,89,117,128,128,230,230,241,241,241,254,274,274,290,290,313,313,329,346,31,41,41,139,139,152,204,204,223,236,236,270,270,270,270,570,570,570,670,670,670],"floor_reached":51,"campfire_rested":4,"playtime":2475,"current_hp_per_floor":[70,70,70,59,59,44,44,44,44,44,35,35,25,23,44,40,70,50,50,50,50,28,49,34,34,34,34,34,25,25,14,35,35,70,34,29,29,37,30,61,67,70,70,70,70,61,61,61,70,64],"items_purged":[],"gold":670,"score":636,"play_id":"2ce351d2-1641-4b42-a741-8f7f0a521e9c","is_prod":false,"is_daily":false,"is_ascension_mode":false,"campfire_upgraded":6,"path_taken":["M","?","?","?","$","E","$","M","T","M","M","R","E","M","R","BOSS","M","?","?","?","?","R","M","R","T","R","M","M","$","M","R","BOSS","M","?","?","M","M","R","E","R","T","R","?","?","?","?","R","BOSS"],"build_version":"2018-02-22-PROD2","purchased_purges":0,"victory":true,"master_deck":["Defend_G+1","Defend_G","Defend_G","Defend_G","Defend_G","Strike_G","Strike_G","Neutralize","Cloak And Dagger+1","Infinite Blades+1","Choke+1","Cloak And Dagger+1","Accuracy+1","Storm of Steel+1","Expertise+1","Night Terror+1","Bouncing Flask+1","Bouncing Flask","Cloak And Dagger+1","Acrobatics+1","Outmaneuver+1","Footwork+1","Terror","Well Laid Plans+1","Cloak And Dagger+1","Concentrate+1","Blade Dance+1","Blur","Madness","Madness"],"max_hp_per_floor":[70,70,70,70,70,70,70,70,70,70,70,70,70,70,70,70,70,70,70,70,70,70,70,70,70,70,70,70,70,70,70,70,70,70,70,70,70,70,70,70,70,70,70,70,70,70,70,70,70,70],"relics":["Ring of the Snake","Omamori","Ninja Scroll","Dead Branch","Ancient Tea Set","War Paint","Astrolabe","Juzu Bracelet","Mummified Hand","Eternal Feather","Bird Faced Urn","Shuriken","Peace Pipe"],"card_choices":[{"not_picked":["Flying Knee","PiercingWail"],"picked":"Choke"},{"not_picked":["Acrobatics","PiercingWail"],"picked":"Cloak And Dagger"},{"not_picked":["Venomology","Prepared"],"picked":"Accuracy"},{"not_picked":["A Thousand Cuts","Wraith Form"],"picked":"Storm of Steel"},{"not_picked":["Deadly Poison","Backstab"],"picked":"Bouncing Flask"},{"not_picked":["Poisoned Stab","Dagger Throw"],"picked":"Acrobatics"},{"not_picked":["Prepared","Blade Dance"],"picked":"Outmaneuver"},{"not_picked":["Prepared","Reflex"],"picked":"Footwork"},{"not_picked":["Cloak And Dagger","Doppelganger"],"picked":"Terror"},{"not_picked":["Dagger Spray","Blade Dance"],"picked":"Cloak And Dagger"},{"not_picked":["Backflip","Leg Sweep"],"picked":"Concentrate"},{"not_picked":["Deflect","Flechettes"],"picked":"Blade Dance"},{"not_picked":["Crippling Poison","Cloak And Dagger"],"picked":"Blur"}],"player_experience":248463,"potions_floor_usage":[16,22,24,24,29,33,33,50,50,50],"damage_taken":[{"damage":0,"enemies":"Small Slimes","floor":1,"turns":5},{"damage":15,"enemies":"3 Sentries","floor":6,"turns":9},{"damage":0,"enemies":"Jaw Worm","floor":8,"turns":1},{"damage":0,"enemies":"2 Louse","floor":10,"turns":1},{"damage":9,"enemies":"Exordium Thugs","floor":11,"turns":4},{"damage":10,"enemies":"Gremlin Nob","floor":13,"turns":3},{"damage":2,"enemies":"Large Slime","floor":14,"turns":6},{"damage":4,"enemies":"Slime Boss","floor":16,"turns":8},{"damage":20,"enemies":"Shell Parasite","floor":18,"turns":5},{"damage":0,"enemies":"Chosen","floor":21,"turns":4},{"damage":31,"enemies":"Slaver and Parasite","floor":22,"turns":5},{"damage":15,"enemies":"Cultist and Chosen","floor":24,"turns":5},{"damage":0,"enemies":"3 Cultists","floor":28,"turns":3},{"damage":9,"enemies":"Centurion and Healer","floor":29,"turns":3},{"damage":11,"enemies":"Snake Plant","floor":31,"turns":3},{"damage":15,"enemies":"Automaton","floor":33,"turns":6},{"damage":36,"enemies":"Orb Walker","floor":35,"turns":4},{"damage":5,"enemies":"Mysterious Sphere","floor":36,"turns":5},{"damage":0,"enemies":"3 Darklings","floor":38,"turns":2},{"damage":13,"enemies":"Maw","floor":39,"turns":7},{"damage":0,"enemies":"2 Orb Walkers","floor":41,"turns":4},{"damage":21,"enemies":"Donu and Deca","floor":50,"turns":4}],"event_choices":[{"event_name":"The Cleric","player_choice":"Leave","floor":2,"damage_taken":0},{"event_name":"Liars Game","player_choice":"agreed","floor":3,"damage_taken":0},{"event_name":"World of Goop","player_choice":"Gather Gold","floor":4,"damage_taken":0},{"event_name":"Beggar","player_choice":"Ignored","floor":19,"damage_taken":0},{"event_name":"Duplicator","player_choice":"One dupe","floor":20,"damage_taken":0},{"event_name":"Mysterious Sphere","player_choice":"Fight","floor":36,"damage_taken":0},{"event_name":"Tomb of Lord Red Mask","player_choice":"Ignored","floor":37,"damage_taken":0},{"event_name":"Wheel of Change","player_choice":"Gold","floor":45,"damage_taken":0},{"event_name":"Winding Halls","player_choice":"Embrace Madness","floor":46,"damage_taken":0},{"event_name":"Golden Shrine","player_choice":"Pray","floor":48,"damage_taken":0}],"boss_relics":[{"not_picked":["Orrery","Calling Bell"],"picked":"Astrolabe"},{"not_picked":["Black Star","The Specimen"],"picked":"Eternal Feather"}],"potions_floor_spawned":[1,8,11,14,21,22,29,31,33,38,41],"seed_played":"-7316949063145885471","ascension_level":0,"is_trial":false}