{"path_per_floor":["M","M","?","M","?","R","E","T","T","M","M","?","$","M","R","B",null,"M","M","$","?","M","R","?"],"character_chosen":"THE_SILENT","items_purchased":["Ice Cream","Caltrops","Oddly Smooth Stone"],"gold_per_floor":[113,126,126,145,145,145,189,235,258,276,289,464,15,28,28,159,159,144,159,14,14,35,35,35],"floor_reached":25,"campfire_rested":2,"playtime":882,"current_hp_per_floor":[70,70,63,63,46,46,38,38,38,38,31,31,31,29,50,22,70,60,46,46,30,14,35,35],"items_purged":["Strike_G"],"gold":35,"score":203,"play_id":"296e73cf-87b4-48a4-b951-1ac287007561","is_prod":false,"is_daily":false,"is_ascension_mode":false,"campfire_upgraded":1,"path_taken":["M","?","?","M","?","R","E","?","T","M","?","?","$","M","R","BOSS","M","M","$","?","M","R","?","E"],"build_version":"2018-02-22-PROD2","purchased_purges":1,"victory":false,"master_deck":["Defend_G","Defend_G","Defend_G","Defend_G","Defend_G","Strike_G","Strike_G","Strike_G","Survivor","Neutralize","Cloak And Dagger","Bouncing Flask","Noxious Fumes+1","Well Laid Plans","Caltrops","Doppelganger","Outmaneuver","Concentrate"],"max_hp_per_floor":[70,70,70,70,70,70,70,70,70,70,70,70,70,70,70,70,70,70,70,70,70,70,70,70],"relics":["Ring of the Snake","Anchor","Golden Idol","Frozen Eye","Omamori","Bag of Marbles","Ice Cream","Runic Dome","Oddly Smooth Stone","Enchiridion"],"card_choices":[{"not_picked":["Dagger Spray","Calculated Gamble"],"picked":"Cloak And Dagger"},{"not_picked":["Deadly Poison","Caltrops"],"picked":"Bouncing Flask"},{"not_picked":["Acrobatics","Doppelganger"],"picked":"Noxious Fumes"},{"not_picked":["Sucker Punch","Die Die Die"],"picked":"Well Laid Plans"},{"not_picked":["Wraith Form","Tools of the Trade"],"picked":"Doppelganger"},{"not_picked":["Deflect","Infinite Blades"],"picked":"Outmaneuver"},{"not_picked":["Riddle With Holes","Eviscerate"],"picked":"Concentrate"}],"player_experience":247581,"potions_floor_usage":[7,22,22],"damage_taken":[{"damage":0,"enemies":"Cultist","floor":1,"turns":3},{"damage":0,"enemies":"Small Slimes","floor":2,"turns":4},{"damage":0,"enemies":"Jaw Worm","floor":4,"turns":3},{"damage":8,"enemies":"Gremlin Nob","floor":7,"turns":4},{"damage":0,"enemies":"Exordium Thugs","floor":10,"turns":4},{"damage":7,"enemies":"Blue Slaver","floor":11,"turns":3},{"damage":2,"enemies":"Looter","floor":14,"turns":3},{"damage":28,"enemies":"Slime Boss","floor":16,"turns":11},{"damage":10,"enemies":"2 Thieves","floor":18,"turns":5},{"damage":14,"enemies":"Spheric Guardian","floor":19,"turns":4},{"damage":31,"enemies":"Cultist and Chosen","floor":22,"turns":7},{"damage":40,"enemies":"Gremlin Leader","floor":25,"turns":5}],"event_choices":[{"event_name":"Golden Wing","player_choice":"Card Removal","floor":3,"damage_taken":0},{"event_name":"Golden Idol","player_choice":"Take Damage","floor":5,"damage_taken":0},{"event_name":"Liars Game","player_choice":"agreed","floor":12,"damage_taken":0},{"event_name":"Cursed Tome","player_choice":"Obtained Book","floor":21,"damage_taken":0},{"event_name":"Drug Dealer","player_choice":"Ignored","floor":24,"damage_taken":0}],"boss_relics":[{"not_picked":["Calling Bell","Astrolabe"],"picked":"Runic Dome"}],"potions_floor_spawned":[2,4,11,16],"seed_played":"8415857963113739055","killed_by":"Gremlin Leader","ascension_level":0,"is_trial":false}