{"path_per_floor":["M","?","$","?","$","E","R","E","T","M","M","M","M","M","R","B",null,"M","$","?","M","M","R","?","R","T","R","?","M","T","M","R","B",null,"M","M","?","M","?","R","?","M","T","$","R","T","M","M","R","B"],"character_chosen":"THE_SILENT","items_purchased":["Cloak And Dagger","Cloak And Dagger","Footwork","Art of War","Pen Nib","Pantograph"],"gold_per_floor":[117,117,68,68,46,80,80,113,137,162,182,207,228,243,243,362,362,377,65,65,83,99,99,99,99,155,155,155,169,169,187,187,316,316,340,361,361,375,375,375,375,394,470,63,63,132,145,168,168,168],"floor_reached":51,"campfire_rested":1,"playtime":1836,"current_hp_per_floor":[70,65,65,58,58,58,58,58,58,57,59,56,58,57,57,48,75,77,77,77,79,66,66,66,66,66,66,66,49,49,43,43,5,93,85,84,84,76,76,76,76,76,86,86,86,86,79,70,104,111],"items_purged":["Heel Hook"],"gold":168,"score":685,"play_id":"af195c9e-955a-4063-a803-5a3fda1d55a2","is_prod":false,"is_daily":false,"is_ascension_mode":false,"campfire_upgraded":8,"path_taken":["M","?","$","?","$","E","R","E","T","M","M","M","M","M","R","BOSS","M","$","?","M","M","R","?","R","T","R","?","?","?","M","R","BOSS","M","M","?","?","?","R","?","M","T","$","R","?","?","M","R","BOSS"],"build_version":"2018-02-15-PROD1","purchased_purges":1,"victory":true,"master_deck":["Defend_G","Defend_G","Defend_G","Defend_G","Strike_G+1","Survivor","Neutralize+1","Accuracy+1","Cloak And Dagger+1","Cloak And Dagger+1","Accuracy+1","Footwork+1","Terror+1","Blur+1","Footwork+1","Cloak And Dagger+1","Cloak And Dagger+1","Escape Plan+1","Escape Plan+1","Cloak And Dagger+1"],"max_hp_per_floor":[70,65,65,65,65,65,65,65,65,67,69,69,71,73,73,75,75,77,77,77,79,81,81,81,81,81,81,81,81,81,81,81,83,93,93,93,93,95,95,95,95,97,107,107,107,107,109,109,111,111],"relics":["Ring of the Snake","NeowsBlessing","Golden Idol","Matryoshka","Unceasing Top","Snake Skull","Singing Bowl","Art of War","Tiny Chest","Whetstone","Nloth\u0027s Gift","Dream Catcher","Orrery","Pear","Pen Nib","Pantograph","The Courier"],"card_choices":[{"not_picked":["Catalyst","Venomology"],"picked":"Accuracy"},{"not_picked":["Cloak And Dagger","Slice"],"picked":"Accuracy"},{"not_picked":["Dagger Throw","Choke"],"picked":"Footwork"},{"not_picked":["Outmaneuver","Dagger Throw"],"picked":"Cloak And Dagger"},{"not_picked":["Prepared","Tools of the Trade"],"picked":"Cloak And Dagger"},{"not_picked":["Slice","A Thousand Cuts"],"picked":"Escape Plan"},{"not_picked":["Slice","Backflip"],"picked":"Escape Plan"},{"not_picked":["Dagger Throw","Sucker Punch"],"picked":"Cloak And Dagger"}],"player_experience":218305,"potions_floor_usage":[16,33,50,50,50],"damage_taken":[{"damage":0,"enemies":"Jaw Worm","floor":1,"turns":1},{"damage":0,"enemies":"Lagavulin","floor":6,"turns":1},{"damage":0,"enemies":"Gremlin Nob","floor":8,"turns":1},{"damage":3,"enemies":"Cultist","floor":10,"turns":4},{"damage":0,"enemies":"Small Slimes","floor":11,"turns":4},{"damage":3,"enemies":"2 Fungi Beasts","floor":12,"turns":5},{"damage":0,"enemies":"Exordium Thugs","floor":13,"turns":6},{"damage":3,"enemies":"Red Slaver","floor":14,"turns":4},{"damage":11,"enemies":"The Guardian","floor":16,"turns":14},{"damage":0,"enemies":"3 Byrds","floor":18,"turns":8},{"damage":0,"enemies":"Chosen","floor":21,"turns":7},{"damage":15,"enemies":"3 Cultists","floor":22,"turns":9},{"damage":17,"enemies":"Slaver and Parasite","floor":29,"turns":7},{"damage":6,"enemies":"Snake Plant","floor":31,"turns":3},{"damage":40,"enemies":"Champ","floor":33,"turns":8},{"damage":8,"enemies":"3 Darklings","floor":35,"turns":5},{"damage":1,"enemies":"3 Shapes","floor":36,"turns":8},{"damage":10,"enemies":"Sphere and 2 Shapes","floor":38,"turns":6},{"damage":2,"enemies":"Maw","floor":42,"turns":6},{"damage":9,"enemies":"4 Shapes","floor":47,"turns":5},{"damage":9,"enemies":"Sphere and 2 Shapes","floor":48,"turns":7},{"damage":5,"enemies":"Time Eater","floor":50,"turns":12}],"event_choices":[{"event_name":"Golden Idol","player_choice":"Lose Max HP","floor":2,"damage_taken":0},{"event_name":"Golden Wing","player_choice":"Card Removal","floor":4,"damage_taken":0},{"event_name":"Transmorgrifier","player_choice":"Transform","floor":20,"damage_taken":0},{"event_name":"Vampires","player_choice":"Ignored","floor":24,"damage_taken":0},{"event_name":"N\u0027loth","player_choice":"Traded a Astrolabe","floor":28,"damage_taken":0},{"event_name":"Tomb of Lord Red Mask","player_choice":"Ignored","floor":39,"damage_taken":0},{"event_name":"Mysterious Sphere","player_choice":"Ignore","floor":41,"damage_taken":0}],"boss_relics":[{"not_picked":["Lizard Tail","Tiny House"],"picked":"Astrolabe"},{"not_picked":["Runic Dome","Philosopher\u0027s Stone"],"picked":"Orrery"}],"potions_floor_spawned":[1,8,11,14,31,33,42,48],"seed_played":"-5611655382236996306","ascension_level":0,"is_trial":false}