{"path_per_floor":["M","$","M","M","M","R","?","E","T","$","M","M","?","?","R","B",null,"M","M","M","M","?","R","$","?","T","?","$","M","E","M","R","B",null,"M","?","$","M","$","R","T","E","T","M","?","M","R","M","R","B"],"character_chosen":"THE_SILENT","items_purchased":["Dead Branch","Tough Bandages","Ornamental Fan","Caltrops","Dodge and Roll","Leg Sweep","Strength Potion","Energy Potion","Centennial Puzzle","Snake Skull","Pear","Noxious Fumes","Deadly Poison","Swift Potion","Secret Technique","Dodge and Roll","Bag of Preparation","Happy Flower","Footwork","Flash of Steel","Bottled Flame","Cloak And Dagger","Blue Candle","Girya","Gremlin Horn","Noxious Fumes","Night Terror","Backflip","Sundial","Prayer Wheel","Master of Strategy","Cauldron","Blur","Tingsha","Shuriken","Mummified Hand","Footwork","Cloak And Dagger","Thinking Ahead","Energy Potion"],"gold_per_floor":[100012,98852,98866,98886,98898,98898,98898,98941,98964,97858,97876,97894,97922,97922,97922,98047,98047,98047,98047,98047,98047,98047,98047,97155,97155,97155,97155,95930,95930,95930,95930,95930,95930,95930,95930,95930,94855,94855,93511,93511,93511,93511,93511,93511,93511,93511,93511,93511,93511,93511],"floor_reached":51,"campfire_rested":1,"playtime":3449,"current_hp_per_floor":[66,66,66,56,56,56,56,55,55,65,64,64,49,49,49,64,75,68,74,74,70,70,70,70,70,70,54,54,50,32,32,54,44,75,64,64,64,64,64,64,64,66,74,75,75,75,75,76,76,67],"items_purged":["Strike_G","Injury","Strike_G","Strike_G","Strike_G","Defend_G"],"gold":93511,"score":600,"play_id":"1dfeaca5-cac0-4da0-b719-432339d4e842","local_time":"20180307155351","is_prod":false,"is_daily":false,"is_ascension_mode":false,"campfire_upgraded":3,"timestamp":1520430831,"path_taken":["M","$","?","M","M","R","?","E","T","$","M","M","?","?","R","BOSS","M","M","M","M","?","R","$","?","T","?","$","M","E","M","R","BOSS","M","?","$","M","$","R","?","E","T","?","?","M","R","M","R","BOSS"],"build_version":"2018-03-01-PROD1","purchased_purges":6,"victory":true,"master_deck":["Defend_G+1","Defend_G+1","Defend_G+1","Defend_G+1","Survivor","Neutralize","Malaise","Caltrops+1","Dodge and Roll","Leg Sweep","Heel Hook","Blur","Underhanded Strike","Venomology","Noxious Fumes+1","Deadly Poison","Secret Technique","Dodge and Roll","Outmaneuver","Tools of the Trade","Cloak And Dagger","Noxious Fumes+1","Footwork","Flash of Steel","Cloak And Dagger","Noxious Fumes","Night Terror","Backflip","Bullet Time","Master of Strategy","Blur","Footwork","Cloak And Dagger","Thinking Ahead","Pain","Concentrate+1","Escape Plan","Clumsy","Distraction+1","Bouncing Flask+1","Dodge and Roll+1"],"max_hp_per_floor":[70,70,70,70,70,70,65,65,65,75,75,75,75,75,75,75,75,75,75,75,75,75,75,75,75,75,75,75,75,75,75,75,75,75,75,75,75,75,75,75,75,75,83,83,83,83,83,83,83,83],"relics":["Ring of the Snake","Ginger","Dead Branch","Tough Bandages","Ornamental Fan","Golden Idol","Pen Nib","Lantern","Centennial Puzzle","Snake Skull","Pear","Odd Mushroom","Ectoplasm","Bag of Preparation","Happy Flower","Bottled Flame","Ice Cream","Nilry\u0027s Codex","Blue Candle","Girya","Gremlin Horn","Dream Catcher","Cursed Key","Frozen Eye","Sundial","Prayer Wheel","Cauldron","Tingsha","Shuriken","Mummified Hand","Blood Vial","Darkstone Periapt","Singing Bowl"],"card_choices":[{"not_picked":["Sucker Punch","Quick Slash"],"picked":"Malaise"},{"not_picked":["Skewer","Bane"],"picked":"Heel Hook"},{"not_picked":["Dash","Slice"],"picked":"Blur"},{"not_picked":["Sucker Punch","Dagger Throw"],"picked":"Underhanded Strike"},{"not_picked":["Dagger Throw","Slice"],"picked":"Venomology"},{"not_picked":["Flying Knee","Dodge and Roll"],"picked":"Outmaneuver"},{"not_picked":["Venomology","A Thousand Cuts"],"picked":"Tools of the Trade"},{"not_picked":["Backflip","Endless Agony"],"picked":"Cloak And Dagger"},{"not_picked":["Eviscerate","Quick Slash"],"picked":"Noxious Fumes"},{"not_picked":["Night Terror","Corpse Explosion"],"picked":"Bullet Time"},{"not_picked":["Sucker Punch","Skewer"],"picked":"Concentrate"},{"not_picked":["Well Laid Plans","PiercingWail"],"picked":"Escape Plan"},{"not_picked":["Escape Plan","Underhanded Strike"],"picked":"Distraction"},{"not_picked":["Backflip","Deadly Poison"],"picked":"Bouncing Flask"},{"not_picked":["Deadly Poison","Dagger Throw"],"picked":"Dodge and Roll"}],"player_experience":289673,"potions_floor_usage":[5,8,11,12,13,16,16,18,19,20,21,29,30,30,31,33,33,35,36,38,42,44,44,48,50,50,50],"damage_taken":[{"damage":4,"enemies":"Cultist","floor":1,"turns":4},{"damage":0,"enemies":"2 Louse","floor":3,"turns":4},{"damage":10,"enemies":"Small Slimes","floor":4,"turns":4},{"damage":0,"enemies":"Gremlin Gang","floor":5,"turns":6},{"damage":1,"enemies":"Lagavulin","floor":8,"turns":11},{"damage":1,"enemies":"Blue Slaver","floor":11,"turns":5},{"damage":0,"enemies":"3 Louse","floor":12,"turns":3},{"damage":15,"enemies":"The Mushroom Lair","floor":13,"turns":5},{"damage":0,"enemies":"Hexaghost","floor":16,"turns":9},{"damage":7,"enemies":"Spheric Guardian","floor":18,"turns":6},{"damage":0,"enemies":"Chosen","floor":19,"turns":6},{"damage":0,"enemies":"Snake Plant","floor":20,"turns":3},{"damage":4,"enemies":"Snecko","floor":21,"turns":6},{"damage":4,"enemies":"Chosen and Byrds","floor":29,"turns":6},{"damage":18,"enemies":"Gremlin Leader","floor":30,"turns":5},{"damage":0,"enemies":"3 Cultists","floor":31,"turns":4},{"damage":25,"enemies":"Collector","floor":33,"turns":7},{"damage":11,"enemies":"3 Shapes","floor":35,"turns":4},{"damage":0,"enemies":"Mysterious Sphere","floor":36,"turns":5},{"damage":0,"enemies":"Orb Walker","floor":38,"turns":5},{"damage":0,"enemies":"2 Orb Walkers","floor":42,"turns":3},{"damage":1,"enemies":"Sphere and 2 Shapes","floor":44,"turns":3},{"damage":2,"enemies":"Maw","floor":46,"turns":5},{"damage":1,"enemies":"3 Darklings","floor":48,"turns":4},{"damage":11,"enemies":"Awakened One","floor":50,"turns":7}],"event_choices":[{"event_name":"Golden Idol","player_choice":"Lose Max HP","floor":7,"damage_taken":0},{"event_name":"Mushrooms","player_choice":"Fought Mushrooms","floor":13,"damage_taken":0},{"event_name":"Transmorgrifier","player_choice":"Transform","floor":14,"damage_taken":0},{"event_name":"Back to Basics","player_choice":"Simplicity","floor":22,"damage_taken":0},{"event_name":"Vampires","player_choice":"Ignored","floor":25,"damage_taken":0},{"event_name":"Cursed Tome","player_choice":"Obtained Book","floor":27,"damage_taken":0},{"event_name":"Mysterious Sphere","player_choice":"Fight","floor":36,"damage_taken":0}],"boss_relics":[{"not_picked":["Astrolabe","Velvet Choker"],"picked":"Ectoplasm"},{"not_picked":["Orrery","Question Card"],"picked":"Cursed Key"}],"potions_floor_spawned":[1,3,5,11,13,18,20,30,33,35,42,48],"seed_played":"-3074574686684379386","ascension_level":0,"is_trial":false}