{"path_per_floor":["M","M","$","?","M","R","M","M","T","$","R","?","R","T","R","B",null,"M","M","?","M","T"],"character_chosen":"THE_SILENT","items_purchased":["Accuracy","Ginger","Tiny Chest","Noxious Fumes"],"gold_per_floor":[368,382,53,228,243,243,259,271,297,26,26,26,26,26,26,126,126,145,165,165,175,175],"floor_reached":23,"campfire_rested":0,"playtime":707,"current_hp_per_floor":[61,58,58,58,57,57,52,47,47,47,47,35,35,35,35,38,63,48,32,32,13,27],"items_purged":["Doubt"],"gold":175,"score":181,"play_id":"9996d0da-77c8-4278-b709-89f938e7a47c","local_time":"20180320195612","is_prod":false,"is_daily":false,"is_ascension_mode":false,"campfire_upgraded":4,"timestamp":1521568572,"path_taken":["M","M","$","?","M","R","M","M","T","$","R","?","R","?","R","BOSS","M","?","?","M","?","E"],"build_version":"2018-03-15v3","purchased_purges":1,"victory":false,"master_deck":["Defend_G","Defend_G","Defend_G","Defend_G","Defend_G","Strike_G","Strike_G","Strike_G","Strike_G","Strike_G","Survivor","Neutralize+1","Dash+1","Accuracy","Wraith Form+1","Noxious Fumes+1","Venomology","Deadly Poison","Cloak And Dagger+1","Noxious Fumes+1"],"max_hp_per_floor":[63,63,63,63,63,63,63,63,63,63,63,63,63,63,63,63,63,63,63,63,63,77],"relics":["Ring of the Snake","Ginger","Orichalcum","Tiny Chest","Sundial","Bird Faced Urn","The Specimen","Dream Catcher","Mango"],"card_choices":[{"not_picked":["Reflex","Dagger Throw"],"picked":"Dash"},{"not_picked":["All Out Attack","Dodge and Roll"],"picked":"Wraith Form"},{"not_picked":["Grand Finale","Night Terror"],"picked":"Venomology"},{"not_picked":["Outmaneuver","PiercingWail"],"picked":"Deadly Poison"},{"not_picked":["Quick Slash","Tools of the Trade"],"picked":"Cloak And Dagger"},{"not_picked":["Flechettes","Deflect"],"picked":"Noxious Fumes"}],"player_experience":336906,"potions_floor_usage":[16,18,19,21,23],"damage_taken":[{"damage":2,"enemies":"Small Slimes","floor":1,"turns":6},{"damage":3,"enemies":"2 Louse","floor":2,"turns":3},{"damage":1,"enemies":"Jaw Worm","floor":5,"turns":4},{"damage":5,"enemies":"2 Fungi Beasts","floor":7,"turns":5},{"damage":5,"enemies":"Looter","floor":8,"turns":4},{"damage":3,"enemies":"The Guardian","floor":16,"turns":11},{"damage":17,"enemies":"Spheric Guardian","floor":18,"turns":7},{"damage":22,"enemies":"3 Byrds","floor":19,"turns":6},{"damage":23,"enemies":"Snake Plant","floor":21,"turns":6},{"damage":34,"enemies":"Gremlin Leader","floor":23,"turns":2}],"event_choices":[{"event_name":"Liars Game","player_choice":"agreed","floor":4,"damage_taken":0},{"event_name":"Scrap Ooze","player_choice":"success","floor":12,"damage_taken":12},{"event_name":"Wheel of Change","player_choice":"Relic","floor":20,"damage_taken":0}],"boss_relics":[{"not_picked":["Philosopher\u0027s Stone","Snecko Eye"],"picked":"The Specimen"}],"potions_floor_spawned":[1,2,7,8],"seed_played":"-259644451846718568","killed_by":"Gremlin Leader","ascension_level":0,"is_trial":false}