{"path_per_floor":["M","?","$","?","M","R","M","E","T","M","R","T","M","M","R","B",null,"M","?","M","M","M","R","M","E","T","$","?","M","M","?","R"],"character_chosen":"IRONCLAD","items_purchased":["Twin Strike","Clothesline","Poison Potion","Ornamental Fan"],"gold_per_floor":[115,177,55,55,73,73,91,126,153,173,173,473,488,507,507,609,609,629,629,649,661,673,673,690,724,797,466,466,481,500,500,500],"floor_reached":33,"campfire_rested":4,"playtime":3456,"current_hp_per_floor":[66,66,66,66,68,68,66,44,44,33,59,59,61,60,86,27,87,76,61,52,49,31,58,41,20,20,20,20,16,8,8,35],"items_purged":["Strike_R"],"gold":500,"play_id":"aafffeb7-ea75-4e16-ba1f-350d804ad7b3","is_prod":false,"is_daily":false,"campfire_rituals":0,"campfire_upgraded":1,"is_hardmode":false,"path_taken":["M","?","$","?","?","R","M","E","T","M","R","?","M","M","R","BOSS","M","?","M","?","M","R","M","E","T","$","?","M","M","?","R","BOSS"],"build_version":"2017-12-21-PROD1","purchased_purges":1,"victory":false,"master_deck":["Strike_R","Strike_R","Strike_R","Strike_R","Defend_R","Defend_R","Defend_R","Defend_R","Bash","Uppercut","Twin Strike","Clothesline","Rupture","Headbutt","Pommel Strike","Headbutt","Armaments","Sever Soul","Double Tap","Pommel Strike","Flame Barrier","Infernal Blade","Whirlwind","Anger","Perfected Strike","Searing Blow","Seeing Red"],"max_hp_per_floor":[80,80,80,80,80,80,80,87,87,87,87,87,87,87,87,87,87,87,92,92,92,92,92,92,92,92,92,92,92,92,92,92],"relics":["Burning Blood","Strawberry","Lantern","Old Coin","Snecko Eye","Ice Cream","Mummified Hand","Ornamental Fan","Ancient Tea Set"],"campfire_meditates":0,"card_choices":[{"not_picked":["Clothesline","Perfected Strike"],"picked":"Uppercut"},{"not_picked":["Clothesline","Thunderclap"],"picked":"Rupture"},{"not_picked":["Body Slam","Warcry"],"picked":"Headbutt"},{"not_picked":["Reaper","Metallicize"],"picked":"Pommel Strike"},{"not_picked":["Twin Strike","Warcry"],"picked":"Headbutt"},{"not_picked":["Iron Wave","True Grit"],"picked":"Armaments"},{"not_picked":["Shrug It Off","Iron Wave"],"picked":"Sever Soul"},{"not_picked":["Feed","Berserk"],"picked":"Double Tap"},{"not_picked":["Dropkick","Feel No Pain"],"picked":"Pommel Strike"},{"not_picked":["Armaments","Flex"],"picked":"Flame Barrier"},{"not_picked":["Warcry","Burning Pact"],"picked":"Infernal Blade"},{"not_picked":["Cleave","Flex"],"picked":"Whirlwind"},{"not_picked":["Perfected Strike","Headbutt"],"picked":"Anger"},{"not_picked":["Second Wind","Cleave"],"picked":"Perfected Strike"},{"not_picked":["Disarm","True Grit"],"picked":"Searing Blow"},{"not_picked":["Battle Trance","Whirlwind"],"picked":"Seeing Red"}],"player_experience":0,"potions_floor_usage":[16,25],"damage_taken":[{"damage":20,"enemies":"Looter","floor":1,"turns":3},{"damage":4,"enemies":"Cultist","floor":5,"turns":3},{"damage":8,"enemies":"Jaw Worm","floor":7,"turns":2},{"damage":35,"enemies":"3 Sentries","floor":8,"turns":8},{"damage":17,"enemies":"Exordium Thugs","floor":10,"turns":5},{"damage":4,"enemies":"Exordium Wildlife","floor":13,"turns":3},{"damage":7,"enemies":"3 Louse","floor":14,"turns":3},{"damage":65,"enemies":"The Guardian","floor":16,"turns":12},{"damage":17,"enemies":"2 Thieves","floor":18,"turns":4},{"damage":15,"enemies":"3 Byrds","floor":20,"turns":5},{"damage":9,"enemies":"Centurion and Healer","floor":21,"turns":4},{"damage":24,"enemies":"Snake Plant","floor":22,"turns":5},{"damage":23,"enemies":"Sentry and Sphere","floor":24,"turns":4},{"damage":27,"enemies":"Gremlin Leader","floor":25,"turns":5},{"damage":10,"enemies":"3 Cultists","floor":29,"turns":6},{"damage":14,"enemies":"Centurion and Healer","floor":30,"turns":3},{"damage":38,"enemies":"Champ","floor":33,"turns":7}],"event_choices":[{"event_name":"Golden Wing","player_choice":"Gained Gold","floor":2,"damage_taken":0},{"event_name":"Living Wall","player_choice":"Grow","floor":4,"damage_taken":0},{"event_name":"Forgotten Altar","player_choice":"Shed Blood","floor":19,"damage_taken":0},{"event_name":"Accursed Blacksmith","player_choice":"Forge","floor":28,"damage_taken":0},{"event_name":"The Mausoleum","player_choice":"Yes","floor":31,"damage_taken":0}],"boss_relics":[{"not_picked":["Orrery","Calling Bell"],"picked":"Snecko Eye"}],"potions_floor_spawned":[1,10,13,14,20,22],"seed_played":"4577727863494287528","killed_by":"Champ","is_trial":false}