{"path_per_floor":["M","M","?","M","$","E","R","M","T","R","?","$","M","M","R","B",null,"M","M","?","M","?","E","R","E","T","?","$","?","?","E","R","B",null,"M","M","?","$","$","R","T","R","T","E","?","R","M","E","R"],"character_chosen":"IRONCLAD","items_purchased":["Flash of Steel","Finesse","Toxic Egg","Madness","Thinking Ahead","Madness","Inflame","Dual Wield"],"gold_per_floor":[111,121,121,136,32,59,59,74,127,127,127,36,47,59,59,161,161,179,197,197,210,110,139,139,171,471,471,30,30,30,55,55,159,159,174,189,189,5,5,5,5,5,32,59,0,0,20,47,47],"floor_reached":50,"campfire_rested":6,"playtime":2936,"current_hp_per_floor":[68,69,69,70,70,24,48,41,41,65,65,65,63,68,68,43,80,71,74,74,49,49,52,80,44,44,44,44,28,28,17,56,20,80,64,63,63,63,63,80,80,80,80,80,80,80,34,25,64],"items_purged":[],"gold":47,"play_id":"10789f6c-03e6-42b9-8b65-1593eefde593","is_prod":false,"is_daily":false,"campfire_rituals":0,"campfire_upgraded":3,"is_hardmode":false,"path_taken":["M","?","?","M","?","E","R","M","T","R","?","$","M","M","R","BOSS","M","?","?","M","?","E","R","E","T","?","$","?","?","E","R","BOSS","M","M","?","?","$","R","?","R","T","E","?","R","?","E","R","BOSS"],"build_version":"2017-12-21-PROD1","purchased_purges":0,"victory":false,"master_deck":["Strike_R","Strike_R","Strike_R","Strike_R","Strike_R","Defend_R","Defend_R","Defend_R","Bash","Offering","Cleave","Headbutt","Regret","Shrug It Off","Flash of Steel","Shrug It Off","Anger","Battle Trance","Finesse","Dual Wield","Sword Boomerang","Double Tap","Infernal Blade","Whirlwind","Writhe","Pommel Strike","Armaments","Bloodletting","Clumsy","Flex","Madness","Thinking Ahead","Inflame","Double Tap","Writhe","Infernal Blade","Intimidate","Madness","Inflame","Dual Wield","Injury","Warcry","Decay","Thunderclap","Dark Embrace","Warcry","Sentinel"],"max_hp_per_floor":[80,80,80,80,80,80,80,80,80,80,80,80,80,80,80,80,80,80,80,80,80,80,80,80,80,80,80,80,80,80,80,80,80,80,80,80,80,80,80,80,80,80,80,80,80,80,80,80,80],"relics":["Black Blood","Gambling Chip","Prayer Wheel","Happy Flower","Bag of Marbles","Cursed Key","Regal Pillow","Bronze Scales","Matryoshka","Oddly Smooth Stone","Old Coin","Blue Candle","Toxic Egg","Enchiridion","Red Skull","Ginger","Bottled Lightning","Lantern","Ornamental Fan","Red Mask","Orichalcum"],"campfire_meditates":0,"card_choices":[{"not_picked":["Thunderclap","Shockwave"],"picked":"Cleave"},{"not_picked":["Rupture","Fire Breathing"],"picked":"Headbutt"},{"not_picked":["Twin Strike","Clothesline"],"picked":"Shrug It Off"},{"not_picked":["Flame Barrier","Body Slam"],"picked":"Shrug It Off"},{"not_picked":["Bloodletting","Rage"],"picked":"Anger"},{"not_picked":["Sever Soul","Iron Wave"],"picked":"Battle Trance"},{"not_picked":["Flame Barrier","Reckless Charge"],"picked":"Dual Wield"},{"not_picked":["Dark Embrace","Warcry"],"picked":"Sword Boomerang"},{"not_picked":["Fiend Fire","Feed"],"picked":"Double Tap"},{"not_picked":["Warcry","Intimidate"],"picked":"Infernal Blade"},{"not_picked":["Uppercut","Intimidate"],"picked":"Whirlwind"},{"not_picked":["Perfected Strike","Rage"],"picked":"Pommel Strike"},{"not_picked":["Shrug It Off","Perfected Strike"],"picked":"Armaments"},{"not_picked":["Sentinel","Dropkick"],"picked":"Bloodletting"},{"not_picked":["Dual Wield","Body Slam"],"picked":"Flex"},{"not_picked":["Anger","Dual Wield"],"picked":"Inflame"},{"not_picked":["Berserk","Exhume"],"picked":"Double Tap"},{"not_picked":["Shockwave","Shrug It Off"],"picked":"Infernal Blade"},{"not_picked":["Feel No Pain","Hemokinesis"],"picked":"Intimidate"},{"not_picked":["Disarm","Wild Strike"],"picked":"Warcry"},{"not_picked":["Heavy Blade","Wild Strike"],"picked":"Thunderclap"},{"not_picked":["Warcry","Iron Wave"],"picked":"Dark Embrace"},{"not_picked":["Pommel Strike","Clash"],"picked":"Warcry"},{"not_picked":["Dark Embrace","Body Slam"],"picked":"Sentinel"}],"player_experience":47968,"potions_floor_usage":[14,16,16,25,31,44,44,50,50],"damage_taken":[{"damage":18,"enemies":"Blue Slaver","floor":1,"turns":5},{"damage":5,"enemies":"Looter","floor":2,"turns":4},{"damage":5,"enemies":"Cultist","floor":4,"turns":2},{"damage":52,"enemies":"Lagavulin","floor":6,"turns":6},{"damage":13,"enemies":"3 Louse","floor":8,"turns":3},{"damage":8,"enemies":"Exordium Thugs","floor":13,"turns":4},{"damage":1,"enemies":"2 Fungi Beasts","floor":14,"turns":3},{"damage":31,"enemies":"Slime Boss","floor":16,"turns":13},{"damage":15,"enemies":"Spheric Guardian","floor":18,"turns":4},{"damage":3,"enemies":"Chosen","floor":19,"turns":2},{"damage":31,"enemies":"Sentry and Sphere","floor":21,"turns":4},{"damage":3,"enemies":"Slavers","floor":23,"turns":1},{"damage":42,"enemies":"Gremlin Leader","floor":25,"turns":4},{"damage":17,"enemies":"Slavers","floor":31,"turns":2},{"damage":42,"enemies":"Collector","floor":33,"turns":6},{"damage":26,"enemies":"3 Shapes","floor":35,"turns":3},{"damage":11,"enemies":"3 Darklings","floor":36,"turns":2},{"damage":7,"enemies":"Giant Head","floor":44,"turns":5},{"damage":56,"enemies":"Maw","floor":47,"turns":6},{"damage":19,"enemies":"2 Orb Walkers","floor":48,"turns":3},{"damage":66,"enemies":"Donu and Deca","floor":50,"turns":4}],"event_choices":[{"event_name":"Big Fish","player_choice":"Box","floor":3,"damage_taken":0},{"event_name":"Accursed Blacksmith","player_choice":"Rummage","floor":11,"damage_taken":0},{"event_name":"The Mausoleum","player_choice":"Yes","floor":20,"damage_taken":0},{"event_name":"Drug Dealer","player_choice":"Got JAXXED","floor":22,"damage_taken":0},{"event_name":"Addict","player_choice":"Gave JAX","floor":27,"damage_taken":0},{"event_name":"Cursed Tome","player_choice":"Obtained Book","floor":29,"damage_taken":0},{"event_name":"Purifier","player_choice":"One Purge","floor":30,"damage_taken":0},{"event_name":"The Lab","player_choice":"Got Potions","floor":37,"damage_taken":0},{"event_name":"Tomb of Lord Red Mask","player_choice":"Paid","floor":45,"damage_taken":0}],"boss_relics":[{"not_picked":["Astrolabe","Question Card"],"picked":"Cursed Key"},{"not_picked":["Runic Cube","Runic Pyramid"],"picked":"Black Blood"}],"potions_floor_spawned":[2,6,13,14,23,33,36,47],"seed_played":"-7144460490203125318","killed_by":"Donu and Deca","is_trial":false}