{"path_per_floor":["M","?","M","M","M","E","?","M","T","?","M","M","R","$","R","B",null,"M","M","M"],"character_chosen":"IRONCLAD","items_purchased":["Blood Vial","Poison Potion"],"gold_per_floor":[119,119,129,145,156,186,151,169,169,169,187,203,203,5,5,103,103,119,132,148],"floor_reached":21,"campfire_rested":2,"playtime":1818,"current_hp_per_floor":[79,61,66,68,74,61,80,65,65,65,49,15,39,39,63,21,80,51,59,19],"items_purged":[],"gold":148,"play_id":"61559e2f-3fa1-4e19-93ef-04746ee61f39","is_prod":false,"is_daily":false,"campfire_rituals":0,"campfire_upgraded":0,"is_hardmode":false,"path_taken":["M","?","M","M","M","E","?","?","T","?","M","M","R","$","R","BOSS","M","M","M","M"],"build_version":"2017-12-21-PROD1","purchased_purges":0,"victory":false,"master_deck":["Strike_R","Strike_R","Strike_R","Strike_R","Strike_R","Defend_R","Defend_R","Defend_R","Defend_R","Bash","Twin Strike","Twin Strike","Armaments","Fire Breathing","Inflame","Pommel Strike","Sever Soul","Bash","Finesse","Offering","Blood for Blood","Spot Weakness","Berserk","Battle Trance","Feel No Pain","Disarm"],"max_hp_per_floor":[80,80,80,80,80,80,80,80,80,80,80,80,80,80,80,80,80,80,80,80],"relics":["Burning Blood","Calipers","Ginger","Girya","Blood Vial","Eternal Feather"],"campfire_meditates":0,"card_choices":[{"not_picked":["Hemokinesis","Bloodletting"],"picked":"Twin Strike"},{"not_picked":["Sword Boomerang","Body Slam"],"picked":"Twin Strike"},{"not_picked":["Juggernaut","Thunderclap"],"picked":"Armaments"},{"not_picked":["Perfected Strike","Dual Wield"],"picked":"Fire Breathing"},{"not_picked":["True Grit","Perfected Strike"],"picked":"Inflame"},{"not_picked":["Dual Wield","Limit Break"],"picked":"Pommel Strike"},{"not_picked":["Flex","Body Slam"],"picked":"Sever Soul"},{"not_picked":["Searing Blow","Flex"],"picked":"Blood for Blood"},{"not_picked":["Heavy Blade","Flex"],"picked":"Spot Weakness"},{"not_picked":["Offering","Bludgeon"],"picked":"Berserk"},{"not_picked":["Clothesline","Pummel"],"picked":"Battle Trance"},{"not_picked":["Flex","Cleave"],"picked":"Feel No Pain"},{"not_picked":["Flex","Perfected Strike"],"picked":"Disarm"}],"player_experience":3456,"potions_floor_usage":[],"damage_taken":[{"damage":7,"enemies":"Looter","floor":1,"turns":4},{"damage":1,"enemies":"Jaw Worm","floor":3,"turns":3},{"damage":4,"enemies":"Blue Slaver","floor":4,"turns":3},{"damage":0,"enemies":"Large Slime","floor":5,"turns":5},{"damage":19,"enemies":"Gremlin Nob","floor":6,"turns":4},{"damage":21,"enemies":"Lots of Slimes","floor":8,"turns":4},{"damage":22,"enemies":"Exordium Thugs","floor":11,"turns":4},{"damage":40,"enemies":"Gremlin Gang","floor":12,"turns":4},{"damage":50,"enemies":"Hexaghost","floor":16,"turns":9},{"damage":35,"enemies":"Shell Parasite","floor":18,"turns":7},{"damage":0,"enemies":"Chosen","floor":19,"turns":4},{"damage":48,"enemies":"3 Cultists","floor":20,"turns":6},{"damage":23,"enemies":"Chosen and Byrds","floor":21,"turns":7}],"event_choices":[{"event_name":"Scrap Ooze","player_choice":"success","floor":2,"damage_taken":18},{"event_name":"The Cleric","player_choice":"Healed","floor":7,"damage_taken":0},{"event_name":"Match and Keep!","player_choice":"3 cards matched","floor":10,"damage_taken":0}],"boss_relics":[{"not_picked":["Calling Bell","White Beast Statue"],"picked":"Eternal Feather"}],"potions_floor_spawned":[5,8,11],"seed_played":"-8185625736143464659","killed_by":"Chosen and Byrds","is_trial":false}