{"path_per_floor":["M","?","?","M","$","E","M","M","T","?","M","T","M","E","R","B",null,"M","$","M","?","$","R","T","E","T","M","R","M","R","M","R","B",null,"M","$","M","?"],"character_chosen":"IRONCLAD","items_purchased":["Inflame","Iron Wave","Apotheosis","Spot Weakness","Paper Frog"],"gold_per_floor":[116,191,141,156,33,65,82,100,100,100,112,112,124,149,149,250,250,270,86,104,104,35,35,62,97,97,108,108,125,125,144,144,248,248,260,5,16,16],"floor_reached":39,"campfire_rested":5,"playtime":2086,"current_hp_per_floor":[76,65,65,70,70,34,30,35,35,35,37,37,43,43,67,23,80,63,63,63,48,48,73,73,9,23,7,36,9,38,39,68,59,99,34,34,10,10],"items_purged":[],"gold":16,"play_id":"7e2f8a5c-bf66-40c8-bf03-fb93e563a55b","is_prod":false,"is_daily":false,"campfire_rituals":0,"campfire_upgraded":0,"is_hardmode":false,"path_taken":["M","?","?","M","$","E","M","M","T","?","?","?","?","E","R","BOSS","M","$","M","?","?","R","?","E","T","?","R","M","R","M","R","BOSS","M","$","?","?","M"],"build_version":"2017-12-21-PROD1","purchased_purges":1,"victory":false,"master_deck":["Strike_R","Strike_R","Strike_R","Strike_R","Strike_R","Defend_R","Defend_R","Defend_R","Bash","Exhume","Sword Boomerang","Dropkick","Inflame","Iron Wave","Cleave","Inflame","Blood for Blood","Shrug It Off","Heavy Blade","Exhume","Infernal Blade","Apotheosis","Burning Pact","Spot Weakness","Writhe","Seeing Red","Clumsy","Battle Trance","Pommel Strike","Headbutt","Double Tap","Parasite","Twin Strike","Sword Boomerang","Dual Wield","Sword Boomerang","Cleave","Iron Wave","Cleave"],"max_hp_per_floor":[80,80,80,80,80,80,80,80,80,80,80,80,80,80,80,80,80,80,80,80,85,85,85,85,85,99,99,99,99,99,99,99,99,99,99,99,99,99],"relics":["Burning Blood","Lantern","Sundial","Peace Pipe","Toxic Egg","Cursed Key","Bronze Scales","Mercury Hourglass","Mango","Orrery","Paper Frog"],"campfire_meditates":0,"card_choices":[{"not_picked":["Sever Soul","Intimidate"],"picked":"Sword Boomerang"},{"not_picked":["Evolve","Heavy Blade"],"picked":"Dropkick"},{"not_picked":["Corruption","Flame Barrier"],"picked":"Cleave"},{"not_picked":["Corruption","Evolve"],"picked":"Inflame"},{"not_picked":["Warcry","Wild Strike"],"picked":"Blood for Blood"},{"not_picked":["Perfected Strike","Intimidate"],"picked":"Shrug It Off"},{"not_picked":["Havoc","Body Slam"],"picked":"Heavy Blade"},{"not_picked":["Offering","Brutality"],"picked":"Exhume"},{"not_picked":["Dropkick","Shrug It Off"],"picked":"Infernal Blade"},{"not_picked":["Feel No Pain","Body Slam"],"picked":"Burning Pact"},{"not_picked":["Uppercut","Twin Strike"],"picked":"Seeing Red"},{"not_picked":["Wild Strike","Offering"],"picked":"Battle Trance"},{"not_picked":["Dual Wield","Intimidate"],"picked":"Pommel Strike"},{"not_picked":["Reckless Charge","Wild Strike"],"picked":"Headbutt"},{"not_picked":["Impervious","Bludgeon"],"picked":"Double Tap"},{"not_picked":["Searing Blow","Headbutt"],"picked":"Twin Strike"},{"not_picked":["Twin Strike","Iron Wave"],"picked":"Sword Boomerang"},{"not_picked":["Twin Strike","Shrug It Off"],"picked":"Dual Wield"},{"not_picked":["Uppercut","Anger"],"picked":"Sword Boomerang"},{"not_picked":["Warcry","Heavy Blade"],"picked":"Cleave"},{"not_picked":["Power Through","Impervious"],"picked":"Iron Wave"},{"not_picked":["Iron Wave","Anger"],"picked":"Cleave"}],"player_experience":45882,"potions_floor_usage":[11,14,14,27,37],"damage_taken":[{"damage":10,"enemies":"Jaw Worm","floor":1,"turns":5},{"damage":1,"enemies":"Cultist","floor":4,"turns":3},{"damage":42,"enemies":"3 Sentries","floor":6,"turns":8},{"damage":10,"enemies":"Looter","floor":7,"turns":3},{"damage":1,"enemies":"3 Louse","floor":8,"turns":3},{"damage":4,"enemies":"Large Slime","floor":11,"turns":4},{"damage":0,"enemies":"Exordium Wildlife","floor":13,"turns":2},{"damage":6,"enemies":"Gremlin Nob","floor":14,"turns":3},{"damage":50,"enemies":"Hexaghost","floor":16,"turns":9},{"damage":23,"enemies":"2 Thieves","floor":18,"turns":4},{"damage":6,"enemies":"Chosen","floor":20,"turns":4},{"damage":70,"enemies":"Slavers","floor":25,"turns":5},{"damage":22,"enemies":"3 Cultists","floor":27,"turns":4},{"damage":33,"enemies":"Sentry and Sphere","floor":29,"turns":4},{"damage":15,"enemies":"Centurion and Healer","floor":31,"turns":4},{"damage":15,"enemies":"Automaton","floor":33,"turns":6},{"damage":71,"enemies":"3 Shapes","floor":35,"turns":4},{"damage":30,"enemies":"3 Darklings","floor":37,"turns":6},{"damage":11,"enemies":"Sphere and 2 Shapes","floor":39,"turns":1}],"event_choices":[{"event_name":"World of Goop","player_choice":"Gather Gold","floor":2,"damage_taken":0},{"event_name":"The Cleric","player_choice":"Card Removal","floor":3,"damage_taken":0},{"event_name":"Golden Wing","player_choice":"Ignored","floor":10,"damage_taken":0},{"event_name":"Forgotten Altar","player_choice":"Shed Blood","floor":21,"damage_taken":0},{"event_name":"Upgrade Shrine","player_choice":"Upgraded","floor":38,"damage_taken":0}],"boss_relics":[{"not_picked":["White Beast Statue","Calling Bell"],"picked":"Cursed Key"},{"not_picked":["Tiny House","Snecko Eye"],"picked":"Orrery"}],"potions_floor_spawned":[6,8,11,14,25,29,37],"seed_played":"-3386765531612994335","killed_by":"Sphere and 2 Shapes","is_trial":false}