{"path_per_floor":["M","M","M","$","M","E","R","E","T","M","M","M","?","?","R","B",null,"M","?","M","$","?"],"character_chosen":"IRONCLAD","items_purchased":["Metallicize","Lantern","Armaments"],"gold_per_floor":[119,136,146,0,18,51,51,81,81,92,112,124,124,94,94,189,189,202,202,222,23,23],"floor_reached":23,"campfire_rested":1,"playtime":1955,"current_hp_per_floor":[74,67,72,72,73,56,80,61,61,67,77,80,80,80,80,37,80,67,56,35,35,35],"items_purged":["Defend_R"],"gold":23,"play_id":"da11d974-8a3f-4559-909d-57d71f72cb74","is_prod":false,"is_daily":false,"campfire_rituals":0,"campfire_upgraded":1,"is_hardmode":false,"path_taken":["M","M","M","$","M","E","R","E","T","M","M","M","?","?","R","BOSS","M","?","M","$","?","E"],"build_version":"2017-12-21-PROD1","purchased_purges":1,"victory":false,"master_deck":["Defend_R","Defend_R","Defend_R","Bash","Reaper","Infernal Blade","Headbutt","Metallicize","Pommel Strike","Shrug It Off","Iron Wave","Battle Trance","Iron Wave","Rampage","Berserk","Anger","Bite_R","Bite_R","Bite_R","Bite_R","Bite_R","Searing Blow","Armaments"],"max_hp_per_floor":[80,80,80,80,80,80,80,80,80,80,80,80,80,80,80,80,80,80,56,56,56,56],"relics":["Black Blood","Vajra","Mummified Hand","Ice Cream","Lantern"],"campfire_meditates":0,"card_choices":[{"not_picked":["Uppercut","Body Slam"],"picked":"Reaper"},{"not_picked":["Thunderclap","Armaments"],"picked":"Infernal Blade"},{"not_picked":["True Grit","Pummel"],"picked":"Headbutt"},{"not_picked":["Body Slam","Heavy Blade"],"picked":"Pommel Strike"},{"not_picked":["Corruption","Dark Embrace"],"picked":"Shrug It Off"},{"not_picked":["Headbutt","Warcry"],"picked":"Iron Wave"},{"not_picked":["True Grit","Bloodletting"],"picked":"Body Slam"},{"not_picked":["Body Slam","Flex"],"picked":"Battle Trance"},{"not_picked":["Clash","Burning Pact"],"picked":"Iron Wave"},{"not_picked":["Reaper","Offering"],"picked":"Berserk"},{"not_picked":["Dual Wield","Clash"],"picked":"Anger"},{"not_picked":["Iron Wave","Anger"],"picked":"Searing Blow"}],"player_experience":5274,"potions_floor_usage":[23],"damage_taken":[{"damage":12,"enemies":"Looter","floor":1,"turns":4},{"damage":13,"enemies":"Blue Slaver","floor":2,"turns":6},{"damage":1,"enemies":"Cultist","floor":3,"turns":4},{"damage":5,"enemies":"Red Slaver","floor":5,"turns":5},{"damage":31,"enemies":"3 Sentries","floor":6,"turns":7},{"damage":32,"enemies":"Gremlin Nob","floor":8,"turns":5},{"damage":0,"enemies":"2 Fungi Beasts","floor":10,"turns":2},{"damage":9,"enemies":"Exordium Wildlife","floor":11,"turns":4},{"damage":1,"enemies":"Exordium Thugs","floor":12,"turns":5},{"damage":59,"enemies":"Slime Boss","floor":16,"turns":11},{"damage":23,"enemies":"2 Thieves","floor":18,"turns":5},{"damage":37,"enemies":"Chosen","floor":20,"turns":5},{"damage":71,"enemies":"Gremlin Leader","floor":23,"turns":4}],"event_choices":[{"event_name":"Transmorgrifier","player_choice":"Transform","floor":13,"damage_taken":0},{"event_name":"The Woman in Blue","player_choice":"Bought 2 Potions","floor":14,"damage_taken":0},{"event_name":"Vampires","player_choice":"Became a vampire","floor":19,"damage_taken":0},{"event_name":"Back to Basics","player_choice":"Simplicity","floor":22,"damage_taken":0}],"boss_relics":[{"not_picked":["Velvet Choker","Astrolabe"],"picked":"Black Blood"}],"potions_floor_spawned":[1,2,5,12,16,18],"seed_played":"3744055293872748912","killed_by":"Gremlin Leader","is_trial":false}