{"path_per_floor":["M","?","?","T","M","E","$","?","T","M","M","E","R","M","R","B",null,"M","?","M","M","?","E","M","R","T","$","?","M","M","E","R","B",null,"M","M","$","M","M","R","E","?","T","R","M","M","R","E","R","B"],"character_chosen":"IRONCLAD","items_purchased":["Mercury Hourglass","Apotheosis","Pear","Pen Nib","Finesse"],"gold_per_floor":[363,363,363,418,430,457,23,23,23,46,71,111,111,127,127,256,256,281,281,304,325,325,356,377,377,404,9,9,21,31,57,57,155,155,167,178,4,21,31,31,64,0,0,0,18,35,35,62,62,62],"floor_reached":51,"campfire_rested":6,"playtime":3590,"current_hp_per_floor":[72,72,72,72,65,52,52,52,52,58,64,67,72,72,72,72,72,72,72,72,47,47,34,40,61,61,71,71,60,54,55,79,56,82,55,38,38,33,23,59,37,37,37,73,23,34,70,71,85,23],"items_purged":["Armaments"],"gold":62,"play_id":"2ce72298-8fdd-448b-b649-0cb562694351","is_prod":false,"is_daily":false,"campfire_rituals":0,"campfire_upgraded":2,"is_hardmode":false,"path_taken":["M","?","?","?","M","E","$","?","T","M","M","E","R","M","R","BOSS","M","?","?","?","?","E","M","R","T","$","?","M","M","E","R","BOSS","M","M","$","M","?","R","E","?","T","R","M","M","R","E","R","BOSS"],"build_version":"2017-12-21-PROD1","purchased_purges":1,"victory":true,"master_deck":["Strike_R","Strike_R","Strike_R","Strike_R","Strike_R","Defend_R","Defend_R","Bash","Seeing Red","Iron Wave","Battle Trance","Apotheosis","Injury","Cleave","Thunderclap","Flex","Flex","Double Tap","Blood for Blood","Shrug It Off","Metallicize","Flex","Seeing Red","Heavy Blade","Feed","Battle Trance","Infernal Blade","Finesse","Burning Pact","Infernal Blade","Cleave","Perfected Strike","Shrug It Off","Warcry","Headbutt"],"max_hp_per_floor":[72,72,72,72,72,72,72,72,72,72,72,72,72,72,72,72,72,72,72,72,72,72,72,72,72,72,82,82,82,82,82,82,82,82,82,82,82,82,82,82,82,82,82,82,82,82,82,85,85,85],"relics":["Burning Blood","Prayer Wheel","Unceasing Top","Mercury Hourglass","Bloody Idol","Anchor","Pantograph","Mark of Pain","Bag of Preparation","Whetstone","Pear","Pen Nib","Self Forming Clay","Eternal Feather","Juzu Bracelet","Red Mask","Peace Pipe","Happy Flower"],"campfire_meditates":0,"card_choices":[{"not_picked":["Clash","Fire Breathing"],"picked":"Seeing Red"},{"not_picked":["Twin Strike","Rupture"],"picked":"Iron Wave"},{"not_picked":["Intimidate","Iron Wave"],"picked":"Battle Trance"},{"not_picked":["Clash","Disarm"],"picked":"Cleave"},{"not_picked":["Dropkick","Warcry"],"picked":"Thunderclap"},{"not_picked":["Limit Break","Iron Wave"],"picked":"Armaments"},{"not_picked":["Clothesline","Anger"],"picked":"Flex"},{"not_picked":["Headbutt","Brutality"],"picked":"Flex"},{"not_picked":["Offering","Bludgeon"],"picked":"Double Tap"},{"not_picked":["Dual Wield","Burning Pact"],"picked":"Blood for Blood"},{"not_picked":["Warcry","Spot Weakness"],"picked":"Shrug It Off"},{"not_picked":["Armaments","Combust"],"picked":"Metallicize"},{"not_picked":["Wild Strike","Feed"],"picked":"Flex"},{"not_picked":["Armaments","Disarm"],"picked":"Seeing Red"},{"not_picked":["Warcry","Uppercut"],"picked":"Heavy Blade"},{"not_picked":["Offering","Impervious"],"picked":"Feed"},{"not_picked":["Flex","Disarm"],"picked":"Battle Trance"},{"not_picked":["Bloodletting","Anger"],"picked":"Infernal Blade"},{"not_picked":["Pommel Strike","True Grit"],"picked":"Burning Pact"},{"not_picked":["Flex","Iron Wave"],"picked":"Infernal Blade"},{"not_picked":["Armaments","True Grit"],"picked":"Cleave"},{"not_picked":["Burning Pact","Iron Wave"],"picked":"Perfected Strike"},{"not_picked":["Feed","Sever Soul"],"picked":"Shrug It Off"},{"not_picked":["Rupture","Armaments"],"picked":"Warcry"},{"not_picked":["Battle Trance","Clash"],"picked":"Headbutt"}],"player_experience":25356,"potions_floor_usage":[12,12,21,31,33,41,45],"damage_taken":[{"damage":5,"enemies":"Cultist","floor":1,"turns":4},{"damage":13,"enemies":"Jaw Worm","floor":5,"turns":3},{"damage":19,"enemies":"Gremlin Nob","floor":6,"turns":5},{"damage":0,"enemies":"Blue Slaver","floor":10,"turns":2},{"damage":0,"enemies":"Lots of Slimes","floor":11,"turns":1},{"damage":9,"enemies":"3 Sentries","floor":12,"turns":3},{"damage":0,"enemies":"Exordium Wildlife","floor":14,"turns":2},{"damage":3,"enemies":"Slime Boss","floor":16,"turns":7},{"damage":4,"enemies":"3 Byrds","floor":18,"turns":4},{"damage":0,"enemies":"Chosen","floor":20,"turns":3},{"damage":40,"enemies":"Snecko","floor":21,"turns":6},{"damage":19,"enemies":"Gremlin Leader","floor":23,"turns":4},{"damage":0,"enemies":"3 Cultists","floor":24,"turns":2},{"damage":22,"enemies":"Chosen and Byrds","floor":29,"turns":5},{"damage":17,"enemies":"Snake Plant","floor":30,"turns":3},{"damage":10,"enemies":"Slavers","floor":31,"turns":3},{"damage":37,"enemies":"Collector","floor":33,"turns":7},{"damage":38,"enemies":"3 Shapes","floor":35,"turns":4},{"damage":28,"enemies":"Orb Walker","floor":36,"turns":4},{"damage":16,"enemies":"3 Darklings","floor":38,"turns":4},{"damage":21,"enemies":"4 Shapes","floor":39,"turns":3},{"damage":33,"enemies":"Giant Head","floor":41,"turns":6},{"damage":61,"enemies":"Maw","floor":45,"turns":8},{"damage":0,"enemies":"3 Darklings","floor":46,"turns":3},{"damage":13,"enemies":"2 Orb Walkers","floor":48,"turns":3},{"damage":68,"enemies":"Awakened One","floor":50,"turns":9}],"event_choices":[{"event_name":"Living Wall","player_choice":"Forget","floor":2,"damage_taken":0},{"event_name":"Bonfire Elementals","player_choice":"SKILL","floor":3,"damage_taken":0},{"event_name":"Golden Idol","player_choice":"Take Wound","floor":8,"damage_taken":0},{"event_name":"Accursed Blacksmith","player_choice":"Ignore","floor":19,"damage_taken":0},{"event_name":"Upgrade Shrine","player_choice":"Upgraded","floor":22,"damage_taken":0},{"event_name":"Forgotten Altar","player_choice":"Gave Idol","floor":28,"damage_taken":0},{"event_name":"Tomb of Lord Red Mask","player_choice":"Paid","floor":42,"damage_taken":0}],"boss_relics":[{"not_picked":["Runic Cube","Question Card"],"picked":"Mark of Pain"},{"not_picked":["Snecko Eye","Orrery"],"picked":"Eternal Feather"}],"potions_floor_spawned":[5,11,12,14,16,18,20,24,30,38,39,41],"seed_played":"-3146405117555486921","is_trial":false}