{"path_per_floor":["M","?","M","$","M","E","R","?","T","M","M","$","?","M","R","B",null,"M","M","M","$","M"],"character_chosen":"IRONCLAD","items_purchased":["Dramatic Entrance","Master of Strategy","Singing Bowl","Dramatic Entrance","Infernal Blade"],"gold_per_floor":[110,285,296,29,43,75,75,75,122,140,160,16,16,26,26,123,123,141,159,173,28,46],"floor_reached":23,"campfire_rested":1,"playtime":1586,"current_hp_per_floor":[76,76,76,76,71,36,60,60,60,66,72,72,72,78,78,39,80,64,62,27,27,26],"items_purged":[],"gold":46,"play_id":"8f961f38-cc9c-496c-9b6d-5238e554558d","is_prod":false,"is_daily":false,"campfire_rituals":0,"campfire_upgraded":1,"is_hardmode":false,"path_taken":["M","?","M","$","M","E","R","?","T","?","M","?","?","M","R","BOSS","M","M","?","$","M","E"],"build_version":"2017-12-21-PROD1","purchased_purges":0,"victory":false,"master_deck":["Strike_R","Strike_R","Strike_R","Strike_R","Strike_R","Defend_R","Defend_R","Defend_R","Bash","Cleave","Doubt","Blood for Blood","Dramatic Entrance","Master of Strategy","Twin Strike","Thunderclap","Iron Wave","Battle Trance","Regret","Seeing Red","Exhume","Burning Pact","Anger","Pommel Strike","Dramatic Entrance","Infernal Blade","Seeing Red"],"max_hp_per_floor":[80,80,80,80,80,80,80,80,80,80,80,80,80,80,80,80,80,80,80,80,80,80],"relics":["Burning Blood","Happy Flower","Mercury Hourglass","Anchor","Singing Bowl","War Paint","Cursed Key"],"campfire_meditates":0,"card_choices":[{"not_picked":["Perfected Strike","Armaments"],"picked":"Cleave"},{"not_picked":["Shockwave","Headbutt"],"picked":"Blood for Blood"},{"not_picked":["Metallicize","Reckless Charge"],"picked":"Twin Strike"},{"not_picked":["Brutality","Pommel Strike"],"picked":"Thunderclap"},{"not_picked":["Clothesline","Rampage"],"picked":"Iron Wave"},{"not_picked":["Heavy Blade","Body Slam"],"picked":"Battle Trance"},{"not_picked":["Clothesline","Armaments"],"picked":"Seeing Red"},{"not_picked":["Juggernaut","Barricade"],"picked":"Exhume"},{"not_picked":["True Grit","Battle Trance"],"picked":"Burning Pact"},{"not_picked":["Body Slam","Wild Strike"],"picked":"Anger"},{"not_picked":["Intimidate","Rage"],"picked":"Pommel Strike"},{"not_picked":["Power Through","Perfected Strike"],"picked":"Seeing Red"}],"player_experience":39292,"potions_floor_usage":[19,20,22,22,23],"damage_taken":[{"damage":10,"enemies":"Jaw Worm","floor":1,"turns":4},{"damage":6,"enemies":"Cultist","floor":3,"turns":3},{"damage":11,"enemies":"Blue Slaver","floor":5,"turns":4},{"damage":41,"enemies":"Gremlin Nob","floor":6,"turns":5},{"damage":0,"enemies":"3 Louse","floor":10,"turns":2},{"damage":0,"enemies":"Lots of Slimes","floor":11,"turns":1},{"damage":0,"enemies":"Gremlin Gang","floor":14,"turns":2},{"damage":45,"enemies":"Slime Boss","floor":16,"turns":9},{"damage":22,"enemies":"3 Byrds","floor":18,"turns":4},{"damage":8,"enemies":"Spheric Guardian","floor":19,"turns":3},{"damage":41,"enemies":"Snake Plant","floor":20,"turns":5},{"damage":7,"enemies":"3 Cultists","floor":22,"turns":3},{"damage":26,"enemies":"Book of Stabbing","floor":23,"turns":4}],"event_choices":[{"event_name":"Liars Game","player_choice":"agreed","floor":2,"damage_taken":0},{"event_name":"Wheel of Change","player_choice":"Relic","floor":8,"damage_taken":0},{"event_name":"Big Fish","player_choice":"Box","floor":13,"damage_taken":0}],"boss_relics":[{"not_picked":["Velvet Choker","Tiny House"],"picked":"Cursed Key"}],"potions_floor_spawned":[3,6,10,11,20,22],"seed_played":"1046202826152627531","killed_by":"Book of Stabbing","is_trial":false}