{"path_per_floor":["M","M","M","?","M","E","M","E","T","M","M","?","M","M","R","B",null,"M","$","M","M"],"character_chosen":"IRONCLAD","items_purchased":["Bronze Scales","Dramatic Entrance","Fire Breathing"],"gold_per_floor":[115,133,144,144,157,189,201,229,229,244,256,210,221,236,236,339,339,354,27,47,64],"floor_reached":22,"campfire_rested":1,"playtime":1888,"current_hp_per_floor":[77,75,75,75,80,58,42,17,17,14,20,20,26,28,52,21,80,39,39,30,18],"items_purged":[],"gold":64,"play_id":"7f065f24-347b-48b7-b1cb-781bf1c627bd","is_prod":false,"is_daily":false,"campfire_rituals":0,"campfire_upgraded":0,"is_hardmode":false,"path_taken":["M","M","M","?","M","E","M","E","T","M","M","?","?","M","R","BOSS","M","$","?","M","M"],"build_version":"2017-12-21-PROD1","purchased_purges":0,"victory":false,"master_deck":["Strike_R","Strike_R","Strike_R","Strike_R","Strike_R","Defend_R","Defend_R","Defend_R","Defend_R","Bash","Impervious","Second Wind","Heavy Blade","Twin Strike","Mind Blast","Shockwave","Berserk","Cleave","Dropkick","Armaments","Armaments","Dual Wield","Whirlwind","Limit Break","Thunderclap","Anger","Whirlwind","Blood for Blood","Perfected Strike","Thunderclap","Dramatic Entrance","Fire Breathing","Perfected Strike","Rage"],"max_hp_per_floor":[80,80,80,80,80,80,80,80,80,80,80,80,80,80,80,80,80,80,80,80,80],"relics":["Burning Blood","Bag of Preparation","Bottled Flame","Paper Frog","Orrery","Bronze Scales"],"campfire_meditates":0,"card_choices":[{"not_picked":["Flex","True Grit"],"picked":"Second Wind"},{"not_picked":["Cleave","Brutality"],"picked":"Heavy Blade"},{"not_picked":["Searing Blow","Body Slam"],"picked":"Twin Strike"},{"not_picked":["Hemokinesis","Power Through"],"picked":"Shockwave"},{"not_picked":["Cleave","Headbutt"],"picked":"Berserk"},{"not_picked":["Burning Pact","True Grit"],"picked":"Cleave"},{"not_picked":["Fire Breathing","Flex"],"picked":"Dropkick"},{"not_picked":["Second Wind","Power Through"],"picked":"Armaments"},{"not_picked":["Sword Boomerang","Rupture"],"picked":"Armaments"},{"not_picked":["Offering","Headbutt"],"picked":"Dual Wield"},{"not_picked":["Heavy Blade","Body Slam"],"picked":"Whirlwind"},{"not_picked":["Berserk","Juggernaut"],"picked":"Limit Break"},{"not_picked":["Second Wind","Sword Boomerang"],"picked":"Thunderclap"},{"not_picked":["Clash","Body Slam"],"picked":"Anger"},{"not_picked":["Feel No Pain","Burning Pact"],"picked":"Whirlwind"},{"not_picked":["Body Slam","Perfected Strike"],"picked":"Blood for Blood"},{"not_picked":["Anger","Flex"],"picked":"Perfected Strike"},{"not_picked":["Rage","Cleave"],"picked":"Thunderclap"},{"not_picked":["Clash","Pummel"],"picked":"Perfected Strike"},{"not_picked":["Flex","Iron Wave"],"picked":"Rage"}],"player_experience":7229,"potions_floor_usage":[16,16],"damage_taken":[{"damage":9,"enemies":"Jaw Worm","floor":1,"turns":4},{"damage":8,"enemies":"Blue Slaver","floor":2,"turns":6},{"damage":6,"enemies":"Cultist","floor":3,"turns":3},{"damage":0,"enemies":"3 Louse","floor":5,"turns":3},{"damage":28,"enemies":"Gremlin Nob","floor":6,"turns":5},{"damage":22,"enemies":"Exordium Thugs","floor":7,"turns":6},{"damage":31,"enemies":"Lagavulin","floor":8,"turns":8},{"damage":9,"enemies":"Gremlin Gang","floor":10,"turns":4},{"damage":0,"enemies":"2 Fungi Beasts","floor":11,"turns":3},{"damage":0,"enemies":"Lots of Slimes","floor":13,"turns":3},{"damage":4,"enemies":"Exordium Thugs","floor":14,"turns":5},{"damage":37,"enemies":"The Guardian","floor":16,"turns":8},{"damage":47,"enemies":"Shell Parasite","floor":18,"turns":7},{"damage":15,"enemies":"Chosen","floor":20,"turns":4},{"damage":18,"enemies":"Snake Plant","floor":21,"turns":3},{"damage":21,"enemies":"3 Cultists","floor":22,"turns":3}],"event_choices":[{"event_name":"Match and Keep!","player_choice":"1 cards matched","floor":4,"damage_taken":0},{"event_name":"World of Goop","player_choice":"Left","floor":12,"damage_taken":0}],"boss_relics":[{"not_picked":["Runic Cube","Tiny House"],"picked":"Orrery"}],"potions_floor_spawned":[3,6,8,10,13,14,16,21],"seed_played":"8309292031470120244","killed_by":"3 Cultists","is_trial":false}