{"path_per_floor":["M","?","?","?","M","E","R","M","T","$","M","M","M","?","R","B",null,"M","M","?","?","M","R"],"character_chosen":"IRONCLAD","items_purchased":["Orichalcum","Flash of Steel"],"gold_per_floor":[110,110,110,110,123,157,157,177,257,17,35,45,64,64,64,166,166,186,203,203,203,220,220],"floor_reached":24,"campfire_rested":3,"playtime":1485,"current_hp_per_floor":[80,80,80,64,64,38,62,58,58,58,60,57,56,31,55,10,80,61,34,47,31,38,65],"items_purged":[],"gold":220,"play_id":"907ff805-35f4-4c4b-9411-7b5c27b54e23","is_prod":false,"is_daily":false,"campfire_rituals":0,"campfire_upgraded":0,"is_hardmode":false,"path_taken":["M","?","?","?","M","E","R","M","T","$","M","M","?","?","R","BOSS","M","M","?","?","M","R","E"],"build_version":"2017-12-21-PROD1","purchased_purges":0,"victory":false,"master_deck":["Strike_R","Strike_R","Strike_R","Strike_R","Strike_R","Defend_R","Defend_R","Defend_R","Bash","Combust","Combust","Pommel Strike","Armaments","Flash of Steel","Thunderclap","Dual Wield","Demon Form","Armaments","Intimidate","Writhe","Battle Trance"],"max_hp_per_floor":[80,80,80,80,80,80,80,80,80,80,80,80,80,80,80,80,80,80,80,93,93,93,93],"relics":["Burning Blood","Happy Flower","Calipers","Darkstone Periapt","Orichalcum","Lantern","Black Star","Strawberry","Nilry\u0027s Codex"],"campfire_meditates":0,"card_choices":[{"not_picked":["Clash","Heavy Blade"],"picked":"Combust"},{"not_picked":["Headbutt","Cleave"],"picked":"Combust"},{"not_picked":["Feel No Pain","Thunderclap"],"picked":"Pommel Strike"},{"not_picked":["Burning Pact","Reaper"],"picked":"Armaments"},{"not_picked":["Iron Wave","Hemokinesis"],"picked":"Thunderclap"},{"not_picked":["Cleave","Metallicize"],"picked":"Dual Wield"},{"not_picked":["Impervious","Bludgeon"],"picked":"Demon Form"},{"not_picked":["Thunderclap","Flex"],"picked":"Armaments"},{"not_picked":["Pommel Strike","Second Wind"],"picked":"Intimidate"},{"not_picked":["Wild Strike","Metallicize"],"picked":"Battle Trance"}],"player_experience":17383,"potions_floor_usage":[18,22,22,22],"damage_taken":[{"damage":6,"enemies":"Cultist","floor":1,"turns":3},{"damage":6,"enemies":"Blue Slaver","floor":5,"turns":4},{"damage":32,"enemies":"Gremlin Nob","floor":6,"turns":4},{"damage":10,"enemies":"Looter","floor":8,"turns":3},{"damage":4,"enemies":"Gremlin Gang","floor":11,"turns":2},{"damage":9,"enemies":"Red Slaver","floor":12,"turns":2},{"damage":7,"enemies":"2 Fungi Beasts","floor":13,"turns":3},{"damage":51,"enemies":"Slime Boss","floor":16,"turns":8},{"damage":25,"enemies":"Shell Parasite","floor":18,"turns":4},{"damage":33,"enemies":"3 Byrds","floor":19,"turns":4},{"damage":11,"enemies":"Snecko","floor":22,"turns":6},{"damage":67,"enemies":"Gremlin Leader","floor":24,"turns":5}],"event_choices":[{"event_name":"Wheel of Change","player_choice":"Card Removal","floor":2,"damage_taken":0},{"event_name":"The Lab","player_choice":"Got Potions","floor":3,"damage_taken":0},{"event_name":"Shining Light","player_choice":"Entered Light","floor":4,"damage_taken":0},{"event_name":"Scrap Ooze","player_choice":"success","floor":14,"damage_taken":25},{"event_name":"The Mausoleum","player_choice":"Yes","floor":20,"damage_taken":0},{"event_name":"Cursed Tome","player_choice":"Obtained Book","floor":21,"damage_taken":0}],"boss_relics":[{"not_picked":["Black Blood","Tiny House"],"picked":"Black Star"}],"potions_floor_spawned":[5,13,16,19],"seed_played":"-2512818828269809038","killed_by":"Gremlin Leader","is_trial":false}