{"path_per_floor":["M","M","M","M","$","R","?","?","T","R","M","M","E","M","R","B",null,"M","M"],"character_chosen":"IRONCLAD","items_purchased":["Metallicize","Finesse"],"gold_per_floor":[117,137,149,162,34,34,64,239,239,239,250,261,294,305,305,402,402,416,426],"floor_reached":20,"campfire_rested":2,"playtime":2294,"current_hp_per_floor":[71,70,76,67,67,67,53,53,53,77,74,73,59,58,80,18,80,63,50],"items_purged":[],"gold":426,"play_id":"9f97a131-c278-4977-a748-6cbfb056f0d6","is_prod":false,"is_daily":false,"campfire_rituals":0,"campfire_upgraded":1,"is_hardmode":false,"path_taken":["M","M","M","M","$","R","?","?","T","R","M","M","E","M","R","BOSS","M","M","M"],"build_version":"2017-12-21-PROD1","purchased_purges":0,"victory":false,"master_deck":["Strike_R","Strike_R","Strike_R","Strike_R","Strike_R","Defend_R","Defend_R","Defend_R","Defend_R","Bash","Dark Embrace","Pommel Strike","Metallicize","Immolate","Anger","Metallicize","Finesse","Anger","Doubt","Flex","Rampage","Armaments","Double Tap","Demon Form","Cleave","Blood for Blood"],"max_hp_per_floor":[80,80,80,80,80,80,80,80,80,80,80,80,80,80,80,80,80,80,80],"relics":["Burning Blood","Odd Mushroom","Calipers","Dream Catcher","Snecko Eye"],"campfire_meditates":0,"card_choices":[{"not_picked":["Thunderclap","Seeing Red"],"picked":"Pommel Strike"},{"not_picked":["Clothesline","Clash"],"picked":"Metallicize"},{"not_picked":["Pummel","Intimidate"],"picked":"Immolate"},{"not_picked":["Corruption","Shrug It Off"],"picked":"Anger"},{"not_picked":["True Grit","Sword Boomerang"],"picked":"Anger"},{"not_picked":["Second Wind","Cleave"],"picked":"Flex"},{"not_picked":["Thunderclap","Wild Strike"],"picked":"Rampage"},{"not_picked":["Shrug It Off","Cleave"],"picked":"Armaments"},{"not_picked":["True Grit","Combust"],"picked":"Double Tap"},{"not_picked":["Bludgeon","Limit Break"],"picked":"Demon Form"},{"not_picked":["Twin Strike","Battle Trance"],"picked":"Cleave"},{"not_picked":["Clash","Thunderclap"],"picked":"Blood for Blood"}],"player_experience":18868,"potions_floor_usage":[],"damage_taken":[{"damage":15,"enemies":"Jaw Worm","floor":1,"turns":4},{"damage":7,"enemies":"Looter","floor":2,"turns":4},{"damage":0,"enemies":"Blue Slaver","floor":3,"turns":6},{"damage":15,"enemies":"3 Louse","floor":4,"turns":5},{"damage":20,"enemies":"The Mushroom Lair","floor":7,"turns":6},{"damage":9,"enemies":"Large Slime","floor":11,"turns":10},{"damage":7,"enemies":"2 Fungi Beasts","floor":12,"turns":5},{"damage":20,"enemies":"3 Sentries","floor":13,"turns":9},{"damage":7,"enemies":"Exordium Wildlife","floor":14,"turns":6},{"damage":68,"enemies":"Slime Boss","floor":16,"turns":14},{"damage":23,"enemies":"3 Byrds","floor":18,"turns":6},{"damage":19,"enemies":"2 Thieves","floor":19,"turns":4},{"damage":54,"enemies":"Chosen and Byrds","floor":20,"turns":7}],"event_choices":[{"event_name":"Mushrooms","player_choice":"Fought Mushrooms","floor":7,"damage_taken":0},{"event_name":"Liars Game","player_choice":"agreed","floor":8,"damage_taken":0}],"boss_relics":[{"not_picked":["Ectoplasm","Velvet Choker"],"picked":"Snecko Eye"}],"potions_floor_spawned":[4,12,13,16,18],"seed_played":"134286212476702180","killed_by":"Chosen and Byrds","is_trial":false}