{"path_per_floor":["M","?","$","?","M","E","R","M","T","$","R","$","E","M","R","B",null,"M","?","M","M","$","R","E","R","T","R","M","?","M","E","R","B",null,"M","M","$","?","?","R","E","T","T","M","?","$","?","M","R","B"],"character_chosen":"IRONCLAD","items_purchased":["Madness","Jack Of All Trades","Ornamental Fan","Apotheosis","Regen Potion","Bludgeon"],"gold_per_floor":[109,109,18,18,29,59,59,72,121,21,21,21,55,70,70,173,173,186,286,303,321,71,71,96,96,96,96,111,111,122,157,157,256,256,276,292,41,41,89,89,116,143,143,156,156,19,19,38,38,38],"floor_reached":51,"campfire_rested":7,"playtime":4408,"current_hp_per_floor":[80,80,80,64,68,56,80,80,80,80,80,80,69,48,72,26,80,63,63,52,19,19,43,34,60,60,86,87,71,66,56,83,45,90,88,68,68,68,62,89,36,36,36,37,80,80,80,74,74,57],"items_purged":[],"gold":38,"play_id":"dd246f84-73b2-45e4-82ac-7074aeb19e12","is_prod":false,"is_daily":false,"campfire_rituals":0,"campfire_upgraded":2,"is_hardmode":false,"path_taken":["M","?","$","?","M","E","R","M","T","?","R","$","E","M","R","BOSS","M","?","M","M","$","R","E","R","T","R","?","?","M","E","R","BOSS","M","M","$","?","?","R","E","?","T","M","?","$","?","M","R","BOSS"],"build_version":"2018-01-11-PROD2","purchased_purges":0,"victory":true,"master_deck":["Strike_R","Strike_R","Strike_R","Strike_R","Strike_R","Defend_R","Defend_R","Defend_R","Bash","Rupture","Armaments","Madness","Iron Wave","Metallicize","Iron Wave","Jack Of All Trades","Flex","Wild Strike","Exhume","Wild Strike","Carnage","Pommel Strike","Pommel Strike","Wild Strike","Limit Break","Clothesline","Demon Form","Clothesline","Pommel Strike","Apotheosis","Inflame","Thunderclap","Twin Strike","Body Slam","Shockwave","Bludgeon","Flash of Steel"],"max_hp_per_floor":[80,80,80,80,80,80,80,80,80,80,80,80,80,80,80,80,80,80,80,80,80,80,80,87,87,87,87,87,87,90,90,90,90,90,90,90,90,90,90,90,90,90,90,90,80,80,80,80,80,80],"relics":["Black Blood","Ancient Tea Set","Lantern","Prayer Wheel","Snecko Eye","Ornamental Fan","Strawberry","Magic Flower","Nilry\u0027s Codex","Blue Candle","Red Skull","Regal Pillow","Omamori","Pen Nib"],"campfire_meditates":0,"card_choices":[{"not_picked":["Shrug It Off","Clothesline"],"picked":"Armaments"},{"not_picked":["Ghostly Armor","Havoc"],"picked":"Iron Wave"},{"not_picked":["Bloodletting","Corruption"],"picked":"Metallicize"},{"not_picked":["Hemokinesis","Corruption"],"picked":"Iron Wave"},{"not_picked":["Hemokinesis","Dropkick"],"picked":"Flex"},{"not_picked":["Body Slam","Uppercut"],"picked":"Wild Strike"},{"not_picked":["Demon Form","Juggernaut"],"picked":"Exhume"},{"not_picked":["Twin Strike","Sword Boomerang"],"picked":"Wild Strike"},{"not_picked":["Rupture","Iron Wave"],"picked":"Armaments"},{"not_picked":["Headbutt","Rupture"],"picked":"Carnage"},{"not_picked":["Bloodletting","Ghostly Armor"],"picked":"Pommel Strike"},{"not_picked":["Warcry","Power Through"],"picked":"Pommel Strike"},{"not_picked":["Thunderclap","Clash"],"picked":"Wild Strike"},{"not_picked":["Body Slam","Evolve"],"picked":"Limit Break"},{"not_picked":["Body Slam","Reckless Charge"],"picked":"Clothesline"},{"not_picked":["Limit Break","Exhume"],"picked":"Demon Form"},{"not_picked":["Dual Wield","Twin Strike"],"picked":"Clothesline"},{"not_picked":["Infernal Blade","Clash"],"picked":"Pommel Strike"},{"not_picked":["Iron Wave","Cleave"],"picked":"Inflame"},{"not_picked":["Armaments","Wild Strike"],"picked":"Thunderclap"},{"not_picked":["Armaments","Headbutt"],"picked":"Twin Strike"},{"not_picked":["Combust","Hemokinesis"],"picked":"Body Slam"},{"not_picked":["Feel No Pain","Sword Boomerang"],"picked":"Shockwave"}],"player_experience":52130,"potions_floor_usage":[6,16,16,31,31,33,36,39,39,50],"damage_taken":[{"damage":0,"enemies":"Small Slimes","floor":1,"turns":3},{"damage":2,"enemies":"Blue Slaver","floor":5,"turns":4},{"damage":18,"enemies":"3 Sentries","floor":6,"turns":7},{"damage":0,"enemies":"Cultist","floor":8,"turns":3},{"damage":21,"enemies":"Lagavulin","floor":13,"turns":6},{"damage":27,"enemies":"Exordium Thugs","floor":14,"turns":7},{"damage":52,"enemies":"Hexaghost","floor":16,"turns":13},{"damage":23,"enemies":"Shell Parasite","floor":18,"turns":7},{"damage":17,"enemies":"3 Byrds","floor":20,"turns":6},{"damage":39,"enemies":"Snake Plant","floor":21,"turns":5},{"damage":22,"enemies":"Slavers","floor":24,"turns":6},{"damage":2,"enemies":"3 Cultists","floor":28,"turns":5},{"damage":19,"enemies":"Centurion and Healer","floor":30,"turns":6},{"damage":19,"enemies":"Book of Stabbing","floor":31,"turns":5},{"damage":72,"enemies":"Collector","floor":33,"turns":13},{"damage":17,"enemies":"Orb Walker","floor":35,"turns":4},{"damage":74,"enemies":"3 Darklings","floor":36,"turns":8},{"damage":41,"enemies":"Mysterious Sphere","floor":39,"turns":5},{"damage":68,"enemies":"2 Orb Walkers","floor":41,"turns":5},{"damage":14,"enemies":"4 Shapes","floor":44,"turns":5},{"damage":21,"enemies":"Sphere and 2 Shapes","floor":48,"turns":4},{"damage":57,"enemies":"Time Eater","floor":50,"turns":7}],"event_choices":[{"event_name":"The Woman in Blue","player_choice":"Bought 0 Potions","floor":2,"damage_taken":0},{"event_name":"Shining Light","player_choice":"Entered Light","floor":4,"damage_taken":0},{"event_name":"Golden Shrine","player_choice":"Pray","floor":19,"damage_taken":0},{"event_name":"Cursed Tome","player_choice":"Obtained Book","floor":29,"damage_taken":0},{"event_name":"Mysterious Sphere","player_choice":"Fight","floor":39,"damage_taken":0},{"event_name":"The Moai Head","player_choice":"Heal","floor":45,"damage_taken":0},{"event_name":"Match and Keep!","player_choice":"1 cards matched","floor":47,"damage_taken":0}],"boss_relics":[{"not_picked":["Question Card","Velvet Choker"],"picked":"Snecko Eye"},{"not_picked":["Black Star","Calling Bell"],"picked":"Black Blood"}],"potions_floor_spawned":[5,13,14,21,30,31,33,36,41],"seed_played":"-2418015494806190083","is_trial":false}