{"path_per_floor":["M","?","?","M","M","E","$","E","T","R","?","M","M","M","R","B",null,"M","?","M","?","M","E","$","?","T","M","?","E","M"],"character_chosen":"IRONCLAD","items_purchased":["Happy Flower","Ornamental Fan"],"gold_per_floor":[115,115,115,130,144,170,17,42,66,66,31,50,69,86,86,186,186,205,205,225,225,241,274,26,26,51,66,66,100,119],"floor_reached":31,"campfire_rested":0,"playtime":1727,"current_hp_per_floor":[80,64,64,68,73,70,70,61,61,61,80,80,80,77,77,46,80,73,73,79,79,63,20,20,20,20,23,23,32,17],"items_purged":[],"gold":119,"play_id":"6f2ab6c7-363b-429d-906f-de14ff97053a","is_prod":false,"is_daily":false,"campfire_rituals":0,"campfire_upgraded":2,"is_hardmode":false,"path_taken":["M","?","?","M","?","E","$","E","T","R","?","M","M","?","R","BOSS","M","?","M","?","M","E","$","?","T","M","?","E","?","M"],"build_version":"2018-01-11-PROD2","purchased_purges":0,"victory":false,"master_deck":["Strike_R","Strike_R","Strike_R","Defend_R","Defend_R","Bash","Twin Strike","Spot Weakness","Flex","Metallicize","Infernal Blade","Infernal Blade","Double Tap","Metallicize","Juggernaut","Rage","Sentinel","Dark Embrace","Twin Strike","Pommel Strike","Feed","Anger","Bloodletting","Berserk","Spot Weakness","Pommel Strike","Thunderclap","Disarm"],"max_hp_per_floor":[80,80,80,80,80,80,80,80,80,80,80,80,80,80,80,80,80,83,83,83,83,86,86,86,86,86,86,86,89,89],"relics":["Burning Blood","Toxic Egg","Molten Egg","Happy Flower","Pen Nib","Astrolabe","Nloth\u0027s Gift","Bird Faced Urn","Ornamental Fan","War Paint","Vajra"],"campfire_meditates":0,"card_choices":[{"not_picked":["Disarm","Searing Blow"],"picked":"Twin Strike"},{"not_picked":["Rampage","Havoc"],"picked":"Flex"},{"not_picked":["Dropkick","Rupture"],"picked":"Metallicize"},{"not_picked":["Pommel Strike","Wild Strike"],"picked":"Infernal Blade"},{"not_picked":["Cleave","Twin Strike"],"picked":"Infernal Blade"},{"not_picked":["Sword Boomerang","Intimidate"],"picked":"Double Tap"},{"not_picked":["True Grit","Iron Wave"],"picked":"Metallicize"},{"not_picked":["Impervious","Dark Embrace"],"picked":"Juggernaut"},{"not_picked":["Flame Barrier","Clash"],"picked":"Twin Strike"},{"not_picked":["Sword Boomerang","Thunderclap"],"picked":"Pommel Strike"},{"not_picked":["Warcry","Ghostly Armor"],"picked":"Anger"},{"not_picked":["Ghostly Armor","Havoc"],"picked":"Bloodletting"},{"not_picked":["Spot Weakness","Clash"],"picked":"Pommel Strike"},{"not_picked":["Impervious","Brutality"],"picked":"Thunderclap"},{"not_picked":["Carnage","Feel No Pain"],"picked":"Disarm"}],"player_experience":61907,"potions_floor_usage":[6,16,22,23,27,27,29,29,29,30],"damage_taken":[{"damage":5,"enemies":"Jaw Worm","floor":1,"turns":4},{"damage":2,"enemies":"Small Slimes","floor":4,"turns":3},{"damage":1,"enemies":"2 Louse","floor":5,"turns":3},{"damage":9,"enemies":"Gremlin Nob","floor":6,"turns":4},{"damage":15,"enemies":"Lagavulin","floor":8,"turns":5},{"damage":2,"enemies":"Lots of Slimes","floor":12,"turns":3},{"damage":0,"enemies":"Large Slime","floor":13,"turns":3},{"damage":9,"enemies":"2 Fungi Beasts","floor":14,"turns":2},{"damage":40,"enemies":"Hexaghost","floor":16,"turns":7},{"damage":16,"enemies":"Shell Parasite","floor":18,"turns":4},{"damage":0,"enemies":"Spheric Guardian","floor":20,"turns":3},{"damage":25,"enemies":"3 Cultists","floor":22,"turns":6},{"damage":49,"enemies":"Book of Stabbing","floor":23,"turns":5},{"damage":11,"enemies":"Snecko","floor":27,"turns":4},{"damage":6,"enemies":"Slavers","floor":29,"turns":5},{"damage":23,"enemies":"Slaver and Parasite","floor":30,"turns":4},{"damage":20,"enemies":"Centurion and Healer","floor":31,"turns":1}],"event_choices":[{"event_name":"Shining Light","player_choice":"Entered Light","floor":2,"damage_taken":0},{"event_name":"Living Wall","player_choice":"Change","floor":3,"damage_taken":0},{"event_name":"The Cleric","player_choice":"Healed","floor":11,"damage_taken":0},{"event_name":"N\u0027loth","player_choice":"Traded a Blood Vial","floor":19,"damage_taken":0},{"event_name":"The Library","player_choice":"Read","floor":21,"damage_taken":0},{"event_name":"Match and Keep!","player_choice":"2 cards matched","floor":25,"damage_taken":0},{"event_name":"The Lab","player_choice":"Got Potions","floor":28,"damage_taken":0}],"boss_relics":[{"not_picked":["Black Blood","Eternal Feather"],"picked":"Astrolabe"}],"potions_floor_spawned":[1,4,8,14,22,23,27,29],"seed_played":"8400491350090228435","killed_by":"Centurion and Healer","is_trial":false}