{"path_per_floor":["M","?","M","?","M","R","?","R","T","?","M","E","M","M","R","B",null,"M","M","$","?","$","R","M","M","T","M","M","?"],"character_chosen":"IRONCLAD","items_purchased":["Orichalcum","Secret Weapon","Headbutt","Metallicize","Armaments"],"gold_per_floor":[117,117,130,305,315,315,315,315,315,315,333,363,379,392,392,487,517,527,543,159,209,87,87,103,121,191,202,222,222],"floor_reached":30,"campfire_rested":2,"playtime":2338,"current_hp_per_floor":[80,80,72,72,68,68,68,68,68,73,58,50,55,54,79,37,90,79,58,58,58,58,85,76,57,57,54,52,52],"items_purged":[],"gold":222,"play_id":"0cea8ace-90a6-4a52-b211-1e5fa2b25d4e","is_prod":false,"is_daily":false,"is_ascension_mode":false,"campfire_upgraded":2,"path_taken":["M","?","M","?","?","R","?","R","T","?","M","E","M","M","R","BOSS","M","M","$","?","$","R","M","M","T","M","M","?","E"],"build_version":"2018-01-25-PROD3","purchased_purges":0,"victory":false,"master_deck":["Strike_R","Strike_R","Strike_R","Strike_R","Strike_R","Defend_R","Defend_R","Defend_R","Defend_R","Bash","Searing Blow+1","Body Slam+1","Berserk","Anger","Inflame","Impervious","Body Slam","Impervious","Body Slam","Fire Breathing+1","Cleave+1","Secret Weapon","Headbutt","Metallicize","Armaments","Twin Strike","Shockwave","Twin Strike","Shrug It Off+1","Writhe"],"max_hp_per_floor":[80,80,80,80,80,80,80,80,80,85,85,85,85,85,85,85,90,90,90,90,90,90,90,90,90,90,90,90,90],"relics":["Burning Blood","Meat on the Bone","Torii","Calipers","Tiny House","Orichalcum","Centennial Puzzle","Pen Nib"],"card_choices":[{"not_picked":["True Grit","Body Slam"],"picked":"Searing Blow"},{"not_picked":["Sever Soul","Flex"],"picked":"Body Slam"},{"not_picked":["Clothesline","Shrug It Off"],"picked":"Berserk"},{"not_picked":["Perfected Strike","Burning Pact"],"picked":"Anger"},{"not_picked":["True Grit","Warcry"],"picked":"Inflame"},{"not_picked":["Uppercut","Thunderclap"],"picked":"Impervious"},{"not_picked":["Sword Boomerang","Second Wind"],"picked":"Body Slam"},{"not_picked":["Limit Break","Juggernaut"],"picked":"Impervious"},{"not_picked":["Pummel","Bloodletting"],"picked":"Body Slam"},{"not_picked":["Flex","Second Wind"],"picked":"Fire Breathing"},{"not_picked":["Iron Wave","Fiend Fire"],"picked":"Cleave"},{"not_picked":["Pummel","Corruption"],"picked":"Twin Strike"},{"not_picked":["Twin Strike","Headbutt"],"picked":"Shockwave"},{"not_picked":["Clothesline","Fire Breathing"],"picked":"Twin Strike"},{"not_picked":["Dropkick","Combust"],"picked":"Shrug It Off"}],"player_experience":12417,"potions_floor_usage":[12,16,19,27,27,30],"damage_taken":[{"damage":5,"enemies":"Cultist","floor":1,"turns":4},{"damage":14,"enemies":"Blue Slaver","floor":3,"turns":3},{"damage":10,"enemies":"2 Louse","floor":5,"turns":3},{"damage":21,"enemies":"Large Slime","floor":11,"turns":7},{"damage":26,"enemies":"3 Sentries","floor":12,"turns":6},{"damage":1,"enemies":"Exordium Wildlife","floor":13,"turns":4},{"damage":19,"enemies":"Exordium Thugs","floor":14,"turns":5},{"damage":60,"enemies":"Hexaghost","floor":16,"turns":11},{"damage":17,"enemies":"3 Byrds","floor":18,"turns":8},{"damage":39,"enemies":"Chosen","floor":19,"turns":7},{"damage":15,"enemies":"Snecko","floor":24,"turns":6},{"damage":25,"enemies":"Sentry and Sphere","floor":25,"turns":6},{"damage":24,"enemies":"Centurion and Healer","floor":27,"turns":6},{"damage":8,"enemies":"Snake Plant","floor":28,"turns":4},{"damage":82,"enemies":"Gremlin Leader","floor":30,"turns":11}],"event_choices":[{"event_name":"Wheel of Change","player_choice":"Relic","floor":2,"damage_taken":0},{"event_name":"Liars Game","player_choice":"agreed","floor":4,"damage_taken":0},{"event_name":"Fountain of Cleansing","player_choice":"Removed Curse","floor":7,"damage_taken":0},{"event_name":"Big Fish","player_choice":"Donut","floor":10,"damage_taken":0},{"event_name":"The Joust","player_choice":"Bet on Murderer","floor":21,"damage_taken":0},{"event_name":"The Mausoleum","player_choice":"Yes","floor":29,"damage_taken":0}],"boss_relics":[{"not_picked":["Philosopher\u0027s Stone","Ectoplasm"],"picked":"Tiny House"}],"potions_floor_spawned":[11,12,13,14,25,27,28],"seed_played":"-6025393578021242616","killed_by":"Gremlin Leader","ascension_level":0,"is_trial":false}