{"path_per_floor":["M","?","M","$","M","R","M","?","T","?","M","M","M","M","R","B",null,"M","?","M","$","?","E","$","M","T","R","?","?"],"character_chosen":"IRONCLAD","items_purchased":["Clash","Jack Of All Trades","War Paint","Whirlwind","Clash"],"gold_per_floor":[117,117,128,26,36,36,53,53,106,106,125,139,164,183,183,302,302,323,323,343,9,9,45,7,32,110,110,110,110],"floor_reached":30,"campfire_rested":2,"playtime":1358,"current_hp_per_floor":[80,80,80,80,72,72,76,76,76,60,53,47,41,45,80,52,80,80,80,80,80,80,79,79,16,16,55,55,55],"items_purged":["Defend_R","Regret"],"gold":110,"play_id":"700773a2-e722-4d99-84b3-b2738b55e4fd","is_prod":false,"is_daily":false,"campfire_rituals":0,"campfire_upgraded":1,"is_hardmode":false,"path_taken":["M","?","?","$","M","R","M","?","T","?","?","M","M","M","R","BOSS","M","?","M","$","?","E","$","M","T","R","?","?","M"],"build_version":"2018-01-18-PROD4","purchased_purges":2,"victory":false,"master_deck":["Strike_R","Strike_R","Strike_R","Strike_R","Strike_R","Defend_R","Defend_R","Defend_R","Bash","Cleave","Armaments","Inflame","Clash","Flex","Injury","Flex","Iron Wave","Spot Weakness","Reaper","Flex","Spot Weakness","Infernal Blade","Clash","Flex","Inflame","Headbutt","Jack Of All Trades","Whirlwind","Clash","Decay"],"max_hp_per_floor":[80,80,80,80,80,80,80,80,80,80,80,80,80,80,80,80,80,80,80,80,80,80,80,80,80,80,80,80,80],"relics":["Burning Blood","The Courier","Bloody Idol","Regal Pillow","Orrery","War Paint","Molten Egg","Blue Candle"],"campfire_meditates":0,"card_choices":[{"not_picked":["Warcry","Rupture"],"picked":"Cleave"},{"not_picked":["Warcry","Pommel Strike"],"picked":"Armaments"},{"not_picked":["Body Slam","Havoc"],"picked":"Inflame"},{"not_picked":["Uppercut","Havoc"],"picked":"Flex"},{"not_picked":["Heavy Blade","Thunderclap"],"picked":"Flex"},{"not_picked":["Havoc","Armaments"],"picked":"Iron Wave"},{"not_picked":["Anger","Havoc"],"picked":"Spot Weakness"},{"not_picked":["Impervious","Barricade"],"picked":"Reaper"},{"not_picked":["Clothesline","Cleave"],"picked":"Flex"},{"not_picked":["Power Through","Armaments"],"picked":"Spot Weakness"},{"not_picked":["Sword Boomerang","Iron Wave"],"picked":"Infernal Blade"},{"not_picked":["Anger","Ghostly Armor"],"picked":"Clash"},{"not_picked":["Clothesline","Cleave"],"picked":"Flex"},{"not_picked":["Hemokinesis","Clash"],"picked":"Headbutt"}],"player_experience":132152,"potions_floor_usage":[16,20,20,25],"damage_taken":[{"damage":6,"enemies":"Cultist","floor":1,"turns":3},{"damage":0,"enemies":"2 Louse","floor":3,"turns":2},{"damage":14,"enemies":"Blue Slaver","floor":5,"turns":3},{"damage":2,"enemies":"2 Fungi Beasts","floor":7,"turns":3},{"damage":13,"enemies":"Exordium Thugs","floor":11,"turns":5},{"damage":12,"enemies":"Looter","floor":12,"turns":3},{"damage":12,"enemies":"Lots of Slimes","floor":13,"turns":5},{"damage":2,"enemies":"3 Louse","floor":14,"turns":2},{"damage":34,"enemies":"The Guardian","floor":16,"turns":8},{"damage":0,"enemies":"Spheric Guardian","floor":18,"turns":2},{"damage":0,"enemies":"Chosen","floor":20,"turns":2},{"damage":49,"enemies":"Gremlin Leader","floor":23,"turns":6},{"damage":91,"enemies":"Slaver and Parasite","floor":25,"turns":7},{"damage":57,"enemies":"Snake Plant","floor":30,"turns":5}],"event_choices":[{"event_name":"Big Fish","player_choice":"Box","floor":2,"damage_taken":0},{"event_name":"Golden Idol","player_choice":"Take Wound","floor":8,"damage_taken":0},{"event_name":"Shining Light","player_choice":"Entered Light","floor":10,"damage_taken":0},{"event_name":"Duplicator","player_choice":"One dupe","floor":19,"damage_taken":0},{"event_name":"Beggar","player_choice":"Ignored","floor":22,"damage_taken":0},{"event_name":"Forgotten Altar","player_choice":"Gave Idol","floor":28,"damage_taken":0},{"event_name":"Wheel of Change","player_choice":"Curse","floor":29,"damage_taken":0}],"boss_relics":[{"not_picked":["White Beast Statue","Eternal Feather"],"picked":"Orrery"}],"potions_floor_spawned":[3,11,13,18,20],"seed_played":"-4361304561981076332","killed_by":"Snake Plant","is_trial":false}