{"path_per_floor":["M","?","$","M","M","?","M","R","T","M","R","M","R","M","R","B",null,"M","$","?","M","M","R","E","?","T","R","M","M","R","$","R"],"character_chosen":"IRONCLAD","items_purchased":["Happy Flower"],"gold_per_floor":[118,118,43,56,67,67,82,82,106,122,122,138,138,155,155,251,251,268,168,168,180,194,194,222,222,247,247,265,284,284,16,16],"floor_reached":33,"campfire_rested":2,"playtime":3646,"current_hp_per_floor":[75,57,57,61,70,63,62,62,62,67,67,76,76,77,77,16,93,62,62,47,53,48,80,51,51,51,51,51,31,63,63,63],"items_purged":["Strike_R","Strike_R","Defend_R"],"gold":16,"play_id":"e26cab68-24ae-4671-8b22-67317ff9aaed","is_prod":false,"is_daily":false,"is_ascension_mode":false,"campfire_upgraded":6,"path_taken":["M","?","$","M","M","?","M","R","T","M","R","?","R","M","R","BOSS","M","$","?","M","M","R","E","?","T","R","?","M","R","?","R","BOSS"],"build_version":"2018-01-25-PROD3","purchased_purges":3,"victory":false,"master_deck":["Strike_R","Strike_R","Defend_R","Defend_R","Defend_R","Bash","Feed+1","Shrug It Off","Rampage+1","Cleave","Whirlwind+1","Pommel Strike+1","Pommel Strike+1","Brutality","Burning Pact+1","True Grit+1","Shockwave+1","Pommel Strike+1","Blood for Blood"],"max_hp_per_floor":[75,75,75,78,81,81,84,84,84,87,87,90,90,93,93,93,93,96,96,101,104,107,107,107,107,107,107,107,107,107,107,107],"relics":["Burning Blood","Shuriken","Lantern","Snecko Eye","Meat on the Bone","Ancient Tea Set","Happy Flower"],"card_choices":[{"not_picked":["Juggernaut","Berserk"],"picked":"Feed"},{"not_picked":["Anger","Fire Breathing"],"picked":"Shrug It Off"},{"not_picked":["Burning Pact","Thunderclap"],"picked":"Rampage"},{"not_picked":["Anger","Body Slam"],"picked":"Cleave"},{"not_picked":["Armaments","Sword Boomerang"],"picked":"Whirlwind"},{"not_picked":["Rampage","Perfected Strike"],"picked":"Pommel Strike"},{"not_picked":["Twin Strike","Rage"],"picked":"Pommel Strike"},{"not_picked":["Barricade","Juggernaut"],"picked":"Brutality"},{"not_picked":["Battle Trance","Thunderclap"],"picked":"Burning Pact"},{"not_picked":["Flex","Sword Boomerang"],"picked":"True Grit"},{"not_picked":["Anger","Perfected Strike"],"picked":"Shockwave"},{"not_picked":["Headbutt","Armaments"],"picked":"Pommel Strike"},{"not_picked":["Armaments","Metallicize"],"picked":"Blood for Blood"}],"player_experience":142703,"potions_floor_usage":[16,22,24,28,29],"damage_taken":[{"damage":4,"enemies":"Jaw Worm","floor":1,"turns":5},{"damage":5,"enemies":"2 Louse","floor":4,"turns":3},{"damage":0,"enemies":"Small Slimes","floor":5,"turns":2},{"damage":10,"enemies":"Exordium Wildlife","floor":7,"turns":5},{"damage":4,"enemies":"Exordium Thugs","floor":10,"turns":4},{"damage":0,"enemies":"2 Fungi Beasts","floor":12,"turns":2},{"damage":8,"enemies":"Red Slaver","floor":14,"turns":2},{"damage":82,"enemies":"Hexaghost","floor":16,"turns":12},{"damage":40,"enemies":"Shell Parasite","floor":18,"turns":8},{"damage":3,"enemies":"3 Byrds","floor":21,"turns":7},{"damage":14,"enemies":"Centurion and Healer","floor":22,"turns":6},{"damage":44,"enemies":"Gremlin Leader","floor":24,"turns":5},{"damage":18,"enemies":"3 Cultists","floor":28,"turns":5},{"damage":38,"enemies":"Snake Plant","floor":29,"turns":3},{"damage":67,"enemies":"Champ","floor":33,"turns":7}],"event_choices":[{"event_name":"Scrap Ooze","player_choice":"success","floor":2,"damage_taken":18},{"event_name":"Golden Wing","player_choice":"Card Removal","floor":6,"damage_taken":0},{"event_name":"Forgotten Altar","player_choice":"Shed Blood","floor":20,"damage_taken":0},{"event_name":"Vampires","player_choice":"Ignored","floor":25,"damage_taken":0}],"boss_relics":[{"not_picked":["Lizard Tail","Pandora\u0027s Box"],"picked":"Snecko Eye"}],"potions_floor_spawned":[1,10,12,22,24,28],"seed_played":"-173106595504542676","killed_by":"Champ","ascension_level":0,"is_trial":false}