{"path_per_floor":["M","M","T","$","M","R","$","M","T","?","R","M","M","$","R","B",null,"M","$","?","?","M","R","?","?","T","M","R","E","?","T","R"],"character_chosen":"IRONCLAD","items_purchased":[],"gold_per_floor":[115,130,130,55,71,71,71,41,120,120,120,140,155,55,55,151,151,167,42,42,42,55,55,55,55,55,66,66,93,93,139,139],"floor_reached":33,"campfire_rested":0,"playtime":1260,"current_hp_per_floor":[75,75,75,75,80,80,80,80,80,73,73,79,75,75,75,18,64,63,63,48,48,44,44,44,44,44,32,32,18,18,18,18],"items_purged":["Clumsy","Defend_R","Strike_R"],"gold":139,"play_id":"57344711-ea88-40fc-b75c-9c940b3faf22","is_prod":false,"is_daily":false,"is_ascension_mode":false,"campfire_upgraded":6,"path_taken":["M","M","?","$","M","R","$","?","T","?","R","M","M","$","R","BOSS","M","$","?","?","M","R","?","?","T","?","R","E","?","?","R","BOSS"],"build_version":"2018-01-25-PROD3","purchased_purges":3,"victory":false,"master_deck":["Strike_R","Strike_R","Strike_R","Defend_R","Defend_R","Bash","Perfected Strike","Searing Blow+6","Havoc","Dual Wield","Seeing Red"],"max_hp_per_floor":[80,80,80,80,80,80,80,80,80,80,80,80,80,80,80,80,64,64,64,69,69,69,69,69,69,69,69,69,69,69,69,69],"relics":["Burning Blood","Champion Belt","Sundial","Tiny Chest","Runic Cube","Bag of Marbles","Mercury Hourglass","Self Forming Clay","Pen Nib"],"card_choices":[{"not_picked":["Wild Strike","Reckless Charge"],"picked":"Perfected Strike"},{"not_picked":["Iron Wave","Flex"],"picked":"Searing Blow"},{"not_picked":["Shrug It Off","Cleave"],"picked":"Havoc"},{"not_picked":["Anger","True Grit"],"picked":"Dual Wield"},{"not_picked":["Hemokinesis","Perfected Strike"],"picked":"Seeing Red"}],"player_experience":230519,"potions_floor_usage":[22,27],"damage_taken":[{"damage":11,"enemies":"Blue Slaver","floor":1,"turns":4},{"damage":6,"enemies":"Jaw Worm","floor":2,"turns":3},{"damage":0,"enemies":"Cultist","floor":5,"turns":4},{"damage":0,"enemies":"Looter","floor":8,"turns":4},{"damage":0,"enemies":"Large Slime","floor":12,"turns":4},{"damage":10,"enemies":"3 Louse","floor":13,"turns":3},{"damage":63,"enemies":"Hexaghost","floor":16,"turns":9},{"damage":7,"enemies":"Chosen","floor":18,"turns":3},{"damage":10,"enemies":"Spheric Guardian","floor":22,"turns":3},{"damage":18,"enemies":"Snake Plant","floor":27,"turns":4},{"damage":20,"enemies":"Book of Stabbing","floor":29,"turns":3},{"damage":27,"enemies":"Automaton","floor":33,"turns":4}],"event_choices":[{"event_name":"Golden Wing","player_choice":"Card Removal","floor":10,"damage_taken":0},{"event_name":"Forgotten Altar","player_choice":"Shed Blood","floor":20,"damage_taken":0},{"event_name":"Addict","player_choice":"Ignored","floor":21,"damage_taken":0},{"event_name":"Vampires","player_choice":"Ignored","floor":24,"damage_taken":0},{"event_name":"Back to Basics","player_choice":"Elegance","floor":25,"damage_taken":0},{"event_name":"Wheel of Change","player_choice":"Relic","floor":30,"damage_taken":0}],"boss_relics":[{"not_picked":["Lizard Tail","Black Star"],"picked":"Runic Cube"}],"potions_floor_spawned":[5,12,16,22,27],"seed_played":"4927981565471386011","killed_by":"Automaton","ascension_level":0,"is_trial":false}