{"path_per_floor":["M","M","$","M","M","R","M","E","T","?","M","?","M","M","R","B",null,"M","M","?","$","?","R","E","$","T","M","R","M","?","M","R"],"character_chosen":"IRONCLAD","items_purchased":["Rampage","Fire Breathing","Spot Weakness","Secret Weapon"],"gold_per_floor":[116,134,59,72,92,92,103,132,155,155,165,165,181,196,196,291,291,311,330,330,26,26,26,60,60,60,75,75,95,10,21,21],"floor_reached":33,"campfire_rested":2,"playtime":2745,"current_hp_per_floor":[77,80,80,80,72,72,65,62,62,80,80,80,80,80,80,62,80,72,75,75,75,67,67,46,46,46,24,48,44,44,30,54],"items_purged":[],"gold":21,"play_id":"314146d6-1379-4849-b8c7-b2f0e50479a0","is_prod":false,"is_daily":false,"is_ascension_mode":false,"campfire_upgraded":3,"path_taken":["M","M","$","M","M","R","M","E","T","?","M","?","M","M","R","BOSS","M","M","?","$","?","R","E","$","T","?","R","M","?","?","R","BOSS"],"build_version":"2018-01-25-PROD3","purchased_purges":0,"victory":false,"master_deck":["Strike_R","Strike_R","Strike_R","Strike_R","Defend_R","Defend_R","Defend_R","Defend_R","Bash","Flame Barrier","Flame Barrier+1","Reaper","Rampage+1","Armaments","Battle Trance","Disarm","Anger","Anger","Shrug It Off","Shockwave","Berserk+1","Reckless Charge+1","Flex","Fire Breathing","Spot Weakness","Secret Weapon+1","Double Tap","Seeing Red+1","Iron Wave","Body Slam"],"max_hp_per_floor":[80,80,80,80,80,80,80,80,80,80,80,80,80,80,80,80,80,80,80,80,80,80,80,80,80,80,80,80,80,80,80,80],"relics":["Black Blood","Ornamental Fan","Vajra","Frozen Egg","Mummified Hand","Letter Opener"],"card_choices":[{"not_picked":["Reckless Charge","Cleave"],"picked":"Flame Barrier"},{"not_picked":["Seeing Red","Sword Boomerang"],"picked":"Reaper"},{"not_picked":["Wild Strike","Perfected Strike"],"picked":"Armaments"},{"not_picked":["Flame Barrier","Perfected Strike"],"picked":"Battle Trance"},{"not_picked":["Flex","Power Through"],"picked":"Disarm"},{"not_picked":["Clash","Flex"],"picked":"Anger"},{"not_picked":["Clothesline","Second Wind"],"picked":"Anger"},{"not_picked":["Perfected Strike","Pommel Strike"],"picked":"Shrug It Off"},{"not_picked":["Pommel Strike","Intimidate"],"picked":"Shockwave"},{"not_picked":["Limit Break","Double Tap"],"picked":"Berserk"},{"not_picked":["Cleave","Dropkick"],"picked":"Reckless Charge"},{"not_picked":["Shrug It Off","Burning Pact"],"picked":"Flex"},{"not_picked":["Fire Breathing","Shockwave"],"picked":"Double Tap"},{"not_picked":["Shockwave","Combust"],"picked":"Seeing Red"},{"not_picked":["Armaments","Pommel Strike"],"picked":"Iron Wave"},{"not_picked":["Seeing Red","Blood for Blood"],"picked":"Body Slam"}],"player_experience":51134,"potions_floor_usage":[29,29,33],"damage_taken":[{"damage":9.0,"enemies":"Jaw Worm","floor":1.0,"turns":5.0},{"damage":0.0,"enemies":"Small Slimes","floor":2.0,"turns":4.0},{"damage":1.0,"enemies":"Cultist","floor":4.0,"turns":3.0},{"damage":14.0,"enemies":"Large Slime","floor":5.0,"turns":10.0},{"damage":13.0,"enemies":"Exordium Thugs","floor":7.0,"turns":6.0},{"damage":21.0,"enemies":"3 Sentries","floor":8.0,"turns":8.0},{"damage":0.0,"enemies":"2 Fungi Beasts","floor":11.0,"turns":4.0},{"damage":3.0,"enemies":"Red Slaver","floor":13.0,"turns":3.0},{"damage":0.0,"enemies":"3 Louse","floor":14.0,"turns":1.0},{"damage":29.0,"enemies":"Hexaghost","floor":16.0,"turns":9.0},{"damage":18.0,"enemies":"Chosen","floor":18.0,"turns":10.0},{"damage":7.0,"enemies":"Spheric Guardian","floor":19.0,"turns":6.0},{"damage":43.0,"enemies":"Book of Stabbing","floor":24.0,"turns":7.0},{"damage":39.0,"enemies":"Snecko","floor":27.0,"turns":7.0},{"damage":29,"enemies":"3 Cultists","floor":29,"turns":6},{"damage":31,"enemies":"Slaver and Parasite","floor":31,"turns":7},{"damage":68,"enemies":"Champ","floor":33,"turns":13}],"event_choices":[{"event_name":"Big Fish","player_choice":"Banana","floor":10.0,"damage_taken":0.0},{"event_name":"The Cleric","player_choice":"Leave","floor":12.0,"damage_taken":0.0},{"event_name":"Purifier","player_choice":"Skipped","floor":20.0,"damage_taken":0.0},{"event_name":"Wheel of Change","player_choice":"Damage","floor":22.0,"damage_taken":0.0},{"event_name":"Addict","player_choice":"Obtained Relic","floor":30,"damage_taken":0}],"boss_relics":[],"potions_floor_spawned":[1,4,5,7,8,13,24,27,31],"seed_played":"7576125606463218486","killed_by":"Champ","ascension_level":0,"is_trial":false}