{"path_per_floor":["M","M","?","M","$","E","R","E","T","?","E","M","M","E","R","B",null,"M","?","?","M","M","R"],"character_chosen":"IRONCLAD","items_purchased":["Armaments","Flex","Block Potion"],"gold_per_floor":[115,134,134,145,15,44,44,77,77,77,105,115,129,159,159,254,254,265,265,265,279,297,297],"floor_reached":24,"campfire_rested":0,"playtime":1579,"current_hp_per_floor":[80,80,73,76,76,55,55,52,52,57,62,61,60,34,34,19,85,55,40,70,62,51,51],"items_purged":[],"gold":297,"play_id":"1e7234b4-f7d6-4c32-9281-2583160533a2","is_prod":false,"is_daily":false,"is_ascension_mode":true,"campfire_upgraded":3,"path_taken":["M","M","?","M","$","E","R","E","T","?","E","M","M","E","R","BOSS","M","?","?","M","?","R","E"],"build_version":"2018-02-01-PROD3","purchased_purges":0,"victory":false,"master_deck":["Strike_R","Strike_R","Strike_R","Defend_R","Defend_R","Defend_R","Defend_R","Bash","Shrug It Off","Rampage+1","Armaments+1","Flex","Limit Break+1","Heavy Blade","Demon Form","Burning Pact"],"max_hp_per_floor":[80,80,80,80,80,80,80,80,80,85,85,85,85,85,85,85,85,85,90,90,90,90,90],"relics":["Burning Blood","Torii","Blue Candle","Bird Faced Urn","Omamori","Magic Flower","Cursed Key"],"card_choices":[{"not_picked":["Iron Wave","Thunderclap"],"picked":"Shrug It Off"},{"not_picked":["Armaments","Evolve"],"picked":"Rampage"},{"not_picked":["Clothesline","Searing Blow"],"picked":"Limit Break"},{"not_picked":["Cleave","Bludgeon"],"picked":"Heavy Blade"},{"not_picked":["Dark Embrace","Brutality"],"picked":"Demon Form"},{"not_picked":["Corruption","Twin Strike"],"picked":"Burning Pact"}],"player_experience":185890,"potions_floor_usage":[8,11,11,14,16,22,24,24],"damage_taken":[{"damage":0,"enemies":"2 Louse","floor":1,"turns":3},{"damage":5,"enemies":"Small Slimes","floor":2,"turns":3},{"damage":3,"enemies":"Jaw Worm","floor":4,"turns":5},{"damage":27,"enemies":"Gremlin Nob","floor":6,"turns":4},{"damage":9,"enemies":"3 Sentries","floor":8,"turns":12},{"damage":1,"enemies":"Gremlin Nob","floor":11,"turns":3},{"damage":7,"enemies":"3 Louse","floor":12,"turns":5},{"damage":7,"enemies":"Looter","floor":13,"turns":3},{"damage":32,"enemies":"Lagavulin","floor":14,"turns":7},{"damage":24,"enemies":"Hexaghost","floor":16,"turns":13},{"damage":39,"enemies":"2 Thieves","floor":18,"turns":5},{"damage":20,"enemies":"Shell Parasite","floor":21,"turns":5},{"damage":23,"enemies":"Centurion and Healer","floor":22,"turns":6},{"damage":61,"enemies":"Slavers","floor":24,"turns":3}],"event_choices":[{"event_name":"Golden Wing","player_choice":"Card Removal","floor":3,"damage_taken":0},{"event_name":"Big Fish","player_choice":"Donut","floor":10,"damage_taken":0},{"event_name":"Forgotten Altar","player_choice":"Shed Blood","floor":19,"damage_taken":0},{"event_name":"The Library","player_choice":"Heal","floor":20,"damage_taken":0}],"boss_relics":[{"not_picked":["Eternal Feather","Pandora\u0027s Box"],"picked":"Cursed Key"}],"potions_floor_spawned":[4,6,13,14,16,21,22],"seed_played":"7699486307578166474","killed_by":"Slavers","ascension_level":2,"is_trial":false}