{"path_per_floor":["M","$","M","M","M","?","M","?","T","M","E","R","M","M","R"],"character_chosen":"IRONCLAD","items_purchased":[],"gold_per_floor":[117,42,53,73,87,87,107,107,107,127,159,159,171,188,188],"floor_reached":16,"campfire_rested":2,"playtime":1073,"current_hp_per_floor":[80,80,80,80,74,74,58,40,40,34,17,41,42,34,58],"items_purged":["Defend_R"],"gold":188,"play_id":"2b2a85c5-9ff1-4620-a48d-6cd803757819","is_prod":false,"is_daily":false,"is_ascension_mode":false,"campfire_upgraded":0,"path_taken":["M","$","M","M","M","?","M","?","T","?","E","R","?","M","R","BOSS"],"build_version":"2018-02-01-PROD3","purchased_purges":1,"victory":false,"master_deck":["Strike_R","Strike_R","Strike_R","Strike_R","Strike_R","Defend_R","Defend_R","Bash","Cleave","Intimidate","Flex","Clash","Regret","Pommel Strike","Clothesline","Cleave","Headbutt","Headbutt","True Grit","Sever Soul"],"max_hp_per_floor":[80,80,80,80,80,80,80,80,80,80,80,80,80,80,80],"relics":["Burning Blood","Oddly Smooth Stone","Charon\u0027s Ashes","Bottled Flame","Dream Catcher"],"card_choices":[{"not_picked":["Wild Strike","Iron Wave"],"picked":"Cleave"},{"not_picked":["Sword Boomerang","Searing Blow"],"picked":"Intimidate"},{"not_picked":["Iron Wave","Clothesline"],"picked":"Flex"},{"not_picked":["Clothesline","Seeing Red"],"picked":"Clash"},{"not_picked":["Warcry","Inflame"],"picked":"Pommel Strike"},{"not_picked":["Bloodletting","Pummel"],"picked":"Clothesline"},{"not_picked":["Offering","Burning Pact"],"picked":"Cleave"},{"not_picked":["Perfected Strike","Clash"],"picked":"Headbutt"},{"not_picked":["Bloodletting","Heavy Blade"],"picked":"Headbutt"},{"not_picked":["Body Slam","Feel No Pain"],"picked":"True Grit"},{"not_picked":["Combust","Dual Wield"],"picked":"Sever Soul"}],"player_experience":23947,"potions_floor_usage":[],"damage_taken":[{"damage":6,"enemies":"Jaw Worm","floor":1,"turns":3},{"damage":5,"enemies":"Small Slimes","floor":3,"turns":3},{"damage":4,"enemies":"Cultist","floor":4,"turns":3},{"damage":12,"enemies":"2 Fungi Beasts","floor":5,"turns":3},{"damage":22,"enemies":"Exordium Thugs","floor":7,"turns":6},{"damage":12,"enemies":"Gremlin Gang","floor":10,"turns":3},{"damage":23,"enemies":"3 Sentries","floor":11,"turns":5},{"damage":5,"enemies":"3 Louse","floor":13,"turns":2},{"damage":14,"enemies":"Exordium Wildlife","floor":14,"turns":3},{"damage":62,"enemies":"Hexaghost","floor":16,"turns":7}],"event_choices":[{"event_name":"Big Fish","player_choice":"Box","floor":6,"damage_taken":0},{"event_name":"Scrap Ooze","player_choice":"success","floor":8,"damage_taken":18}],"boss_relics":[],"potions_floor_spawned":[4,5,7,11],"seed_played":"2073745853928584045","killed_by":"Hexaghost","ascension_level":0,"is_trial":false}