{"path_per_floor":["M","$","M","M","M","R","E","R","T","R","M","?","?","M","R","B",null,"M","?","M","?","M","R"],"character_chosen":"IRONCLAD","items_purchased":[],"gold_per_floor":[116,41,58,76,88,88,117,117,168,168,182,182,132,147,147,247,247,258,258,268,268,283,283],"floor_reached":24,"campfire_rested":3,"playtime":1326,"current_hp_per_floor":[80,80,78,78,74,74,36,60,60,60,66,50,50,50,74,51,80,74,74,46,46,8,32],"items_purged":["Defend_R"],"gold":283,"play_id":"0d187bf8-7f7b-4855-bbe8-690c5f2162c4","is_prod":false,"is_daily":false,"is_ascension_mode":false,"campfire_upgraded":2,"path_taken":["M","$","M","M","M","R","E","R","T","R","M","?","?","M","R","BOSS","M","?","M","?","M","R","M"],"build_version":"2018-01-25-PROD3","purchased_purges":1,"victory":false,"master_deck":["Strike_R","Strike_R","Strike_R","Strike_R","Strike_R","Defend_R","Defend_R+1","Bash+1","Flex","Inflame+1","Inflame","Pommel Strike+1","Sever Soul","Heavy Blade","Demon Form","Pain","Regret","Decay","Infernal Blade","Anger+1","Spot Weakness","Metallicize"],"max_hp_per_floor":[80,80,80,80,80,80,80,80,80,80,80,80,80,80,80,80,80,80,80,80,80,80,80],"relics":["Burning Blood","Red Skull","Bronze Scales","Calling Bell","Letter Opener","Oddly Smooth Stone","Girya"],"card_choices":[{"not_picked":["Armaments","Clothesline"],"picked":"Flex"},{"not_picked":["Iron Wave","Anger"],"picked":"Inflame"},{"not_picked":["Heavy Blade","Armaments"],"picked":"Inflame"},{"not_picked":["Dark Embrace","Shockwave"],"picked":"Pommel Strike"},{"not_picked":["Twin Strike","Power Through"],"picked":"Sever Soul"},{"not_picked":["Combust","Reckless Charge"],"picked":"Heavy Blade"},{"not_picked":["Berserk","Impervious"],"picked":"Demon Form"},{"not_picked":["Battle Trance","Reckless Charge"],"picked":"Infernal Blade"},{"not_picked":["Armaments","Metallicize"],"picked":"Anger"},{"not_picked":["Clothesline","Sword Boomerang"],"picked":"Metallicize"}],"player_experience":24715,"potions_floor_usage":[16],"damage_taken":[{"damage":0,"enemies":"2 Louse","floor":1,"turns":3},{"damage":8,"enemies":"Jaw Worm","floor":3,"turns":3},{"damage":6,"enemies":"Cultist","floor":4,"turns":3},{"damage":10,"enemies":"Large Slime","floor":5,"turns":6},{"damage":44,"enemies":"Lagavulin","floor":7,"turns":6},{"damage":0,"enemies":"Exordium Wildlife","floor":11,"turns":3},{"damage":6,"enemies":"2 Fungi Beasts","floor":14,"turns":3},{"damage":29,"enemies":"Slime Boss","floor":16,"turns":6},{"damage":12,"enemies":"Chosen","floor":18,"turns":4},{"damage":34,"enemies":"3 Byrds","floor":20,"turns":2},{"damage":44,"enemies":"3 Cultists","floor":22,"turns":4},{"damage":39,"enemies":"Snecko","floor":24,"turns":4}],"event_choices":[{"event_name":"Shining Light","player_choice":"Entered Light","floor":12,"damage_taken":0},{"event_name":"The Cleric","player_choice":"Card Removal","floor":13,"damage_taken":0},{"event_name":"Drug Dealer","player_choice":"Ignored","floor":19,"damage_taken":0},{"event_name":"The Library","player_choice":"Read","floor":21,"damage_taken":0}],"boss_relics":[{"not_picked":["Eternal Feather","Runic Dome"],"picked":"Calling Bell"}],"potions_floor_spawned":[3,5,16,20],"seed_played":"-2805049501591001156","killed_by":"Snecko","ascension_level":0,"is_trial":false}