{"path_per_floor":["M","?","$","M","M","R","$","R","T","R","?","R","E","M","R","B",null,"M","?","M","?","M","R","E","R","T","R","E","?","E"],"character_chosen":"IRONCLAD","items_purchased":[],"gold_per_floor":[114,114,39,56,69,69,69,69,120,120,70,70,99,109,109,210,210,221,221,237,137,154,154,187,187,238,238,273,273,302],"floor_reached":31,"campfire_rested":1,"playtime":2474,"current_hp_per_floor":[80,85,85,81,80,80,80,80,80,80,80,80,75,79,79,82,85,75,75,81,81,57,57,17,17,17,42,20,26,7],"items_purged":["Strike_R"],"gold":302,"play_id":"029bad13-f93e-4d56-8402-84e4544c11be","is_prod":false,"is_daily":false,"is_ascension_mode":false,"campfire_upgraded":7,"path_taken":["M","?","$","M","?","R","?","R","T","R","?","R","E","M","R","BOSS","M","?","M","?","M","R","E","R","T","R","E","?","E","?"],"build_version":"2018-02-01-PROD3","purchased_purges":2,"victory":false,"master_deck":["Strike_R+1","Strike_R+1","Strike_R+1","Defend_R","Defend_R","Defend_R+1","Bash+1","Fiend Fire+1","Warcry+1","J.A.X.+1","True Grit","Decay","True Grit"],"max_hp_per_floor":[80,85,85,85,85,85,85,85,85,85,85,85,85,85,85,85,85,85,85,85,85,85,85,85,85,85,85,85,91,91],"relics":["Burning Blood","Anchor","Bag of Preparation","Mark of Pain","Bronze Scales","Darkstone Periapt","Pen Nib","Ice Cream","Meat on the Bone"],"card_choices":[{"not_picked":["Exhume","Limit Break"],"picked":"Fiend Fire"},{"not_picked":["Ghostly Armor","Iron Wave"],"picked":"Warcry"},{"not_picked":["Clothesline","Perfected Strike"],"picked":"True Grit"},{"not_picked":["Iron Wave","Thunderclap"],"picked":"True Grit"}],"player_experience":236067,"potions_floor_usage":[16,16,20,28,31],"damage_taken":[{"damage":6,"enemies":"Jaw Worm","floor":1,"turns":3},{"damage":10,"enemies":"Blue Slaver","floor":4,"turns":6},{"damage":7,"enemies":"Small Slimes","floor":5,"turns":4},{"damage":11,"enemies":"3 Sentries","floor":13,"turns":9},{"damage":2,"enemies":"Exordium Wildlife","floor":14,"turns":4},{"damage":3,"enemies":"Slime Boss","floor":16,"turns":7},{"damage":16,"enemies":"Spheric Guardian","floor":18,"turns":4},{"damage":0,"enemies":"3 Byrds","floor":20,"turns":3},{"damage":30,"enemies":"Sentry and Sphere","floor":22,"turns":4},{"damage":46,"enemies":"Gremlin Leader","floor":24,"turns":6},{"damage":28,"enemies":"Book of Stabbing","floor":28,"turns":4},{"damage":25,"enemies":"Gremlin Leader","floor":30,"turns":4},{"damage":30,"enemies":"Cultist and Chosen","floor":31,"turns":3}],"event_choices":[{"event_name":"Big Fish","player_choice":"Donut","floor":2,"damage_taken":0},{"event_name":"The Cleric","player_choice":"Card Removal","floor":11,"damage_taken":0},{"event_name":"The Mausoleum","player_choice":"Yes","floor":19,"damage_taken":0},{"event_name":"Drug Dealer","player_choice":"Got JAXXED","floor":21,"damage_taken":0},{"event_name":"Forgotten Altar","player_choice":"Smashed Altar","floor":29,"damage_taken":0}],"boss_relics":[{"not_picked":["Philosopher\u0027s Stone","Orrery"],"picked":"Mark of Pain"}],"potions_floor_spawned":[4,5,16,20,24,28],"seed_played":"-7952434930250484710","killed_by":"Cultist and Chosen","ascension_level":0,"is_trial":false}