{"path_per_floor":["M","?","$","M","M","E","R","?","T","M","R","M","M","E","R","B",null,"M","M","$","M","M","R","M"],"character_chosen":"IRONCLAD","items_purchased":["Flame Barrier","Whirlwind","Blood Vial"],"gold_per_floor":[112,112,33,48,64,100,100,100,156,181,181,195,215,253,253,378,378,391,412,120,135,149,149,167],"floor_reached":25,"campfire_rested":1,"playtime":2469,"current_hp_per_floor":[80,60,60,53,59,30,30,30,30,34,34,34,35,32,32,27,64,57,43,43,38,21,42,41],"items_purged":["Strike_R"],"gold":167,"play_id":"2a67285d-00ed-45d7-b63f-7b4ceaa6252e","is_prod":false,"is_daily":false,"is_ascension_mode":false,"campfire_upgraded":3,"path_taken":["M","?","$","M","M","E","R","?","T","M","R","M","M","E","R","BOSS","M","?","$","M","M","R","M","E"],"build_version":"2018-01-25-PROD3","purchased_purges":1,"victory":false,"master_deck":["Strike_R","Strike_R","Strike_R","Strike_R","Defend_R","Defend_R","Defend_R","Defend_R","Berserk","Battle Trance","Flame Barrier","Headbutt","Shockwave","Armaments+1","Body Slam","Cleave+1","Headbutt","Infernal Blade","Feed+1","Demon Form","Iron Wave","Whirlwind","Headbutt","Rampage+1","Juggernaut"],"max_hp_per_floor":[80,80,80,80,80,80,80,80,80,80,80,80,80,80,80,80,64,64,68,68,72,72,72,76],"relics":["Burning Blood","Golden Idol","Letter Opener","Tiny Chest","Bronze Scales","Runic Cube","Blood Vial"],"card_choices":[{"not_picked":["Pommel Strike","Thunderclap"],"picked":"Battle Trance"},{"not_picked":["Disarm","Warcry"],"picked":"Headbutt"},{"not_picked":["Shrug It Off","Intimidate"],"picked":"Shockwave"},{"not_picked":["Flex","Rampage"],"picked":"Armaments"},{"not_picked":["Offering","Rage"],"picked":"Cleave"},{"not_picked":["Reckless Charge","Sword Boomerang"],"picked":"Headbutt"},{"not_picked":["Rampage","Flex"],"picked":"Infernal Blade"},{"not_picked":["Pummel","Burning Pact"],"picked":"Feed"},{"not_picked":["Fiend Fire","Dark Embrace"],"picked":"Demon Form"},{"not_picked":["Disarm","Perfected Strike"],"picked":"Iron Wave"},{"not_picked":["Twin Strike","Anger"],"picked":"Headbutt"},{"not_picked":["True Grit","Sword Boomerang"],"picked":"Rampage"},{"not_picked":["Seeing Red","Warcry"],"picked":"Juggernaut"}],"player_experience":119674,"potions_floor_usage":[14,14,16,16,25],"damage_taken":[{"damage":6,"enemies":"Jaw Worm","floor":1,"turns":6},{"damage":13,"enemies":"2 Louse","floor":4,"turns":3},{"damage":0,"enemies":"Small Slimes","floor":5,"turns":4},{"damage":35,"enemies":"3 Sentries","floor":6,"turns":8},{"damage":2,"enemies":"Looter","floor":10,"turns":4},{"damage":6,"enemies":"Red Slaver","floor":12,"turns":3},{"damage":5,"enemies":"2 Fungi Beasts","floor":13,"turns":4},{"damage":9,"enemies":"Gremlin Nob","floor":14,"turns":5},{"damage":15,"enemies":"Slime Boss","floor":16,"turns":7},{"damage":13,"enemies":"Chosen","floor":18,"turns":4},{"damage":24,"enemies":"Shell Parasite","floor":19,"turns":5},{"damage":17,"enemies":"Snecko","floor":21,"turns":5},{"damage":25,"enemies":"Slaver and Parasite","floor":22,"turns":5},{"damage":13,"enemies":"Centurion and Healer","floor":24,"turns":5},{"damage":43,"enemies":"Book of Stabbing","floor":25,"turns":5}],"event_choices":[{"event_name":"Golden Idol","player_choice":"Take Damage","floor":2,"damage_taken":0},{"event_name":"Match and Keep!","player_choice":"1 cards matched","floor":8,"damage_taken":0}],"boss_relics":[{"not_picked":["Runic Dome","Eternal Feather"],"picked":"Runic Cube"}],"potions_floor_spawned":[4,5,6,14,18],"seed_played":"-6306246200728668553","killed_by":"Book of Stabbing","ascension_level":0,"is_trial":false}