{"path_per_floor":["M","?","$","M","M","E","M","R","T","M","?","M","E","T","R","B",null,"M","M","?","M","?","R"],"character_chosen":"IRONCLAD","items_purchased":[],"gold_per_floor":[118,118,118,128,145,178,193,193,217,237,237,256,282,360,360,456,456,471,483,483,503,503,503],"floor_reached":24,"campfire_rested":1,"playtime":1809,"current_hp_per_floor":[44,70,70,70,70,53,47,47,47,43,43,36,18,18,42,16,80,80,68,68,35,35,35],"items_purged":[],"gold":503,"play_id":"5a18aadb-7cde-4574-8e29-df61554dcd33","is_prod":false,"is_daily":false,"is_ascension_mode":false,"campfire_upgraded":2,"path_taken":["M","?","$","M","?","E","M","R","T","M","?","?","E","?","R","BOSS","M","M","?","?","?","R","M"],"build_version":"2018-01-25-PROD3","purchased_purges":1,"victory":false,"master_deck":["Strike_R","Strike_R+1","Strike_R","Strike_R","Strike_R","Defend_R","Defend_R","Bash+1","Spot Weakness","Thunderclap+1","Spot Weakness","Cleave+1","Whirlwind","Double Tap","Reaper+1","Sword Boomerang+1","Evolve+1"],"max_hp_per_floor":[80,80,80,80,80,80,80,80,80,80,80,80,80,80,80,80,80,80,80,80,80,80,80],"relics":["Burning Blood","Whetstone","Molten Egg","Prayer Wheel","Bottled Flame","Cursed Key","Dodecahedron"],"card_choices":[{"not_picked":["Twin Strike","Flex"],"picked":"Spot Weakness"},{"not_picked":["Armaments","Body Slam"],"picked":"Thunderclap"},{"not_picked":["True Grit","Havoc"],"picked":"Spot Weakness"},{"not_picked":["Exhume","Power Through"],"picked":"Cleave"},{"not_picked":["Clothesline","Bloodletting"],"picked":"Whirlwind"},{"not_picked":["Perfected Strike","Havoc"],"picked":"Double Tap"},{"not_picked":["Bludgeon","Juggernaut"],"picked":"Reaper"},{"not_picked":["Clash","Pommel Strike"],"picked":"Sword Boomerang"},{"not_picked":["Wild Strike","Feel No Pain"],"picked":"Evolve"}],"player_experience":159513,"potions_floor_usage":[16,18,24],"damage_taken":[{"damage":2,"enemies":"Small Slimes","floor":1,"turns":3},{"damage":6,"enemies":"Cultist","floor":4,"turns":3},{"damage":6,"enemies":"2 Louse","floor":5,"turns":2},{"damage":23,"enemies":"Gremlin Nob","floor":6,"turns":4},{"damage":12,"enemies":"Gremlin Gang","floor":7,"turns":4},{"damage":10,"enemies":"Looter","floor":10,"turns":2},{"damage":13,"enemies":"Red Slaver","floor":12,"turns":2},{"damage":24,"enemies":"3 Sentries","floor":13,"turns":3},{"damage":32,"enemies":"The Guardian","floor":16,"turns":6},{"damage":10,"enemies":"Chosen","floor":18,"turns":4},{"damage":30,"enemies":"2 Thieves","floor":19,"turns":3},{"damage":43,"enemies":"Chosen and Byrds","floor":21,"turns":6},{"damage":36,"enemies":"Snake Plant","floor":24,"turns":2}],"event_choices":[{"event_name":"Big Fish","player_choice":"Banana","floor":2,"damage_taken":0},{"event_name":"The Woman in Blue","player_choice":"Bought 0 Potions","floor":11,"damage_taken":0},{"event_name":"Drug Dealer","player_choice":"Ignored","floor":20,"damage_taken":0},{"event_name":"The Mausoleum","player_choice":"Yes","floor":22,"damage_taken":0}],"boss_relics":[{"not_picked":["Black Blood","Sozu"],"picked":"Cursed Key"}],"potions_floor_spawned":[1,4,6,12,16,21],"seed_played":"5030352997442564625","killed_by":"Snake Plant","ascension_level":0,"is_trial":false}