{"path_per_floor":["M","M","M","M","M","R","M","?","T","R","M","E","$","M","R"],"character_chosen":"IRONCLAD","items_purchased":["Block Potion"],"gold_per_floor":[20,38,52,67,47,47,66,66,66,66,76,105,54,72,72],"floor_reached":16,"campfire_rested":2,"playtime":1484,"current_hp_per_floor":[80,80,79,78,64,64,59,43,43,67,50,30,30,26,50],"items_purged":[],"gold":72,"play_id":"10eef777-d7f5-4dac-ad67-9ae956eb5455","is_prod":false,"is_daily":false,"is_ascension_mode":false,"campfire_upgraded":1,"path_taken":["M","M","M","M","M","R","M","?","T","R","M","E","?","?","R","BOSS"],"build_version":"2018-01-25-PROD3","purchased_purges":0,"victory":false,"master_deck":["Strike_R","Strike_R","Strike_R","Strike_R+1","Strike_R","Defend_R","Defend_R","Defend_R","Defend_R","Bash","Double Tap","Perfected Strike","Shrug It Off","Infernal Blade","Dual Wield+1","Clothesline+1","Pommel Strike","Headbutt","Heavy Blade","Iron Wave"],"max_hp_per_floor":[80,80,80,80,80,80,80,80,80,80,80,80,80,80,80],"relics":["Burning Blood","Frozen Eye","Ornamental Fan"],"card_choices":[{"not_picked":["Barricade","Dark Embrace"],"picked":"Double Tap"},{"not_picked":["Sword Boomerang","Uppercut"],"picked":"Perfected Strike"},{"not_picked":["Clothesline","Perfected Strike"],"picked":"Shrug It Off"},{"not_picked":["Cleave","Heavy Blade"],"picked":"Infernal Blade"},{"not_picked":["Fire Breathing","Sever Soul"],"picked":"Dual Wield"},{"not_picked":["Demon Form","Dual Wield"],"picked":"Clothesline"},{"not_picked":["Armaments","Thunderclap"],"picked":"Pommel Strike"},{"not_picked":["True Grit","Thunderclap"],"picked":"Headbutt"},{"not_picked":["True Grit","Seeing Red"],"picked":"Heavy Blade"},{"not_picked":["Heavy Blade","Bloodletting"],"picked":"Iron Wave"}],"player_experience":5215,"potions_floor_usage":[16,16,16],"damage_taken":[{"damage":6,"enemies":"Cultist","floor":1,"turns":3},{"damage":6,"enemies":"Jaw Worm","floor":2,"turns":4},{"damage":7,"enemies":"2 Louse","floor":3,"turns":2},{"damage":7,"enemies":"Looter","floor":4,"turns":3},{"damage":20,"enemies":"Exordium Thugs","floor":5,"turns":5},{"damage":11,"enemies":"2 Fungi Beasts","floor":7,"turns":4},{"damage":23,"enemies":"3 Louse","floor":11,"turns":5},{"damage":26,"enemies":"Lagavulin","floor":12,"turns":5},{"damage":10,"enemies":"Large Slime","floor":14,"turns":4},{"damage":53,"enemies":"Hexaghost","floor":16,"turns":11}],"event_choices":[{"event_name":"Shining Light","player_choice":"Entered Light","floor":8,"damage_taken":0}],"boss_relics":[],"potions_floor_spawned":[5,7,14],"seed_played":"5460752057206404499","killed_by":"Hexaghost","ascension_level":0,"is_trial":false}