{"path_per_floor":["M","M","M","M","?","R","M","M","T","E","?","$","R","?","R","B",null,"M","M","?","M","?","R","?","E","T"],"character_chosen":"IRONCLAD","items_purchased":["Limit Break","Frozen Egg"],"gold_per_floor":[366,380,400,417,367,367,381,400,400,430,430,64,64,64,64,159,159,178,197,247,267,267,267,192,222,222],"floor_reached":27,"campfire_rested":0,"playtime":1721,"current_hp_per_floor":[38,28,34,37,37,37,28,24,24,17,17,17,17,43,43,29,80,70,76,76,51,51,51,51,11,11],"items_purged":["Defend_R"],"gold":222,"play_id":"8af08963-c0e5-4e88-8272-409c47e7fd6f","is_prod":false,"is_daily":false,"is_ascension_mode":false,"campfire_upgraded":4,"path_taken":["M","M","M","M","?","R","?","M","T","E","?","$","R","?","R","BOSS","M","M","?","?","?","R","?","E","T","M"],"build_version":"2018-01-25-PROD3","purchased_purges":1,"victory":false,"master_deck":["Strike_R","Strike_R","Strike_R","Defend_R","Defend_R","Bash","Flex+1","Sever Soul","Metallicize+1","Shrug It Off","Flex+1","Flame Barrier","Shrug It Off","Limit Break+1","Demon Form+1","Heavy Blade","Cleave","Feed"],"max_hp_per_floor":[80,80,80,80,80,80,80,80,80,80,80,80,80,80,80,80,80,80,80,80,80,80,80,80,80,80],"relics":["Burning Blood","Peace Pipe","Pen Nib","Frozen Egg","Sozu","Ice Cream","Bronze Scales"],"card_choices":[{"not_picked":["Bloodletting","Heavy Blade"],"picked":"Flex"},{"not_picked":["Inflame","Berserk"],"picked":"Sever Soul"},{"not_picked":["Infernal Blade","Wild Strike"],"picked":"Metallicize"},{"not_picked":["Anger","Perfected Strike"],"picked":"Shrug It Off"},{"not_picked":["Inflame","Corruption"],"picked":"Flex"},{"not_picked":["Disarm","Wild Strike"],"picked":"Flame Barrier"},{"not_picked":["Wild Strike","Sword Boomerang"],"picked":"Shrug It Off"},{"not_picked":["Berserk","Impervious"],"picked":"Demon Form"},{"not_picked":["Iron Wave","Rupture"],"picked":"Heavy Blade"},{"not_picked":["Feel No Pain","True Grit"],"picked":"Cleave"},{"not_picked":["Anger","Infernal Blade"],"picked":"Feed"}],"player_experience":140982,"potions_floor_usage":[10,10],"damage_taken":[{"damage":8,"enemies":"2 Louse","floor":1,"turns":3},{"damage":16,"enemies":"Blue Slaver","floor":2,"turns":4},{"damage":0,"enemies":"Small Slimes","floor":3,"turns":3},{"damage":3,"enemies":"2 Fungi Beasts","floor":4,"turns":4},{"damage":15,"enemies":"Large Slime","floor":7,"turns":5},{"damage":10,"enemies":"Gremlin Gang","floor":8,"turns":6},{"damage":13,"enemies":"Gremlin Nob","floor":10,"turns":6},{"damage":20,"enemies":"Slime Boss","floor":16,"turns":8},{"damage":16,"enemies":"3 Byrds","floor":18,"turns":6},{"damage":0,"enemies":"Chosen","floor":19,"turns":4},{"damage":31,"enemies":"Sentry and Sphere","floor":21,"turns":4},{"damage":46,"enemies":"Slavers","floor":25,"turns":8},{"damage":15,"enemies":"Slaver and Parasite","floor":27,"turns":2}],"event_choices":[{"event_name":"The Cleric","player_choice":"Card Removal","floor":5,"damage_taken":0},{"event_name":"Living Wall","player_choice":"Forget","floor":11,"damage_taken":0},{"event_name":"Big Fish","player_choice":"Banana","floor":14,"damage_taken":0},{"event_name":"The Joust","player_choice":"Bet on Murderer","floor":20,"damage_taken":0},{"event_name":"Drug Dealer","player_choice":"Ignored","floor":22,"damage_taken":0},{"event_name":"Beggar","player_choice":"Gave Gold","floor":24,"damage_taken":0}],"boss_relics":[{"not_picked":["Question Card","Runic Cube"],"picked":"Sozu"}],"potions_floor_spawned":[3,7,8,16,21,25],"seed_played":"-3880499031279885950","killed_by":"Slaver and Parasite","ascension_level":0,"is_trial":false}