{"path_per_floor":["M","$","?","M","?","R","M","M","T","M","R","$","R","E","R","B",null,"M","$","M","?","?","T","M"],"character_chosen":"IRONCLAD","items_purchased":["Searing Blow"],"gold_per_floor":[110,70,70,83,33,33,49,64,64,79,79,79,79,111,111,206,206,219,144,163,163,163,163,173],"floor_reached":25,"campfire_rested":0,"playtime":1661,"current_hp_per_floor":[80,80,80,80,80,80,72,75,75,80,80,80,80,59,59,29,80,53,53,26,26,26,40,41],"items_purged":["Strike_R"],"gold":173,"play_id":"fb3871d7-e309-4aa9-b518-7408b7316baf","is_prod":false,"is_daily":false,"is_ascension_mode":false,"campfire_upgraded":4,"path_taken":["M","$","?","M","?","R","M","M","T","M","R","$","R","E","R","BOSS","M","$","?","?","?","?","M","E"],"build_version":"2018-01-25-PROD3","purchased_purges":1,"victory":false,"master_deck":["Defend_R","Defend_R","Defend_R","Defend_R","Bash+1","Second Wind","Searing Blow+5","Infernal Blade","Inflame","Shrug It Off","Headbutt","Thunderclap","Limit Break","Seeing Red","Dual Wield","Bite_R","Bite_R","Bite_R","Bite_R","Bite_R","Armaments"],"max_hp_per_floor":[80,80,80,80,80,80,80,80,80,80,80,80,80,80,80,80,80,80,80,80,56,56,70,70],"relics":["Black Blood","Molten Egg","Girya","Bird Faced Urn","Mango"],"card_choices":[{"not_picked":["Sword Boomerang","Twin Strike"],"picked":"Second Wind"},{"not_picked":["Flex","Thunderclap"],"picked":"Infernal Blade"},{"not_picked":["Bludgeon","Anger"],"picked":"Inflame"},{"not_picked":["Anger","Combust"],"picked":"Shrug It Off"},{"not_picked":["Sword Boomerang","Cleave"],"picked":"Headbutt"},{"not_picked":["Shrug It Off","Cleave"],"picked":"Thunderclap"},{"not_picked":["Feed","Impervious"],"picked":"Limit Break"},{"not_picked":["Sever Soul","Fire Breathing"],"picked":"Seeing Red"},{"not_picked":["Perfected Strike","Cleave"],"picked":"Dual Wield"}],"player_experience":118013,"potions_floor_usage":[20,25,25],"damage_taken":[{"damage":1,"enemies":"Jaw Worm","floor":1,"turns":4},{"damage":5,"enemies":"Small Slimes","floor":4,"turns":4},{"damage":14,"enemies":"Blue Slaver","floor":7,"turns":4},{"damage":3,"enemies":"3 Louse","floor":8,"turns":3},{"damage":0,"enemies":"Large Slime","floor":10,"turns":5},{"damage":27,"enemies":"3 Sentries","floor":14,"turns":5},{"damage":38,"enemies":"The Guardian","floor":16,"turns":9},{"damage":37,"enemies":"3 Byrds","floor":18,"turns":5},{"damage":39,"enemies":"Chosen","floor":20,"turns":5},{"damage":15,"enemies":"Snecko","floor":24,"turns":3},{"damage":56,"enemies":"Gremlin Leader","floor":25,"turns":4}],"event_choices":[{"event_name":"Living Wall","player_choice":"Grow","floor":3,"damage_taken":0},{"event_name":"The Cleric","player_choice":"Card Removal","floor":5,"damage_taken":0},{"event_name":"Vampires","player_choice":"Became a vampire","floor":21,"damage_taken":0},{"event_name":"The Library","player_choice":"Read","floor":22,"damage_taken":0}],"boss_relics":[{"not_picked":["Runic Cube","Tiny House"],"picked":"Black Blood"}],"potions_floor_spawned":[4,7,14,16,18,24],"seed_played":"-4882412911406008405","killed_by":"Gremlin Leader","ascension_level":0,"is_trial":false}