{"path_per_floor":["M","$","?","M","?","R","$","M","T","M","M","$","?","?","R","B",null,"M","?","$","M","$","E","R","M","T","E","R","?","M","M","R","B",null,"M","?","?","$","T","R","M","R","T","R","M","M","M","?","R"],"character_chosen":"IRONCLAD","items_purchased":["Anger"],"gold_per_floor":[116,41,116,134,134,134,34,54,106,119,133,8,8,8,8,109,109,125,125,125,145,91,122,122,140,211,240,240,240,252,272,272,369,369,384,684,684,534,534,534,553,553,553,553,573,590,605,0,0],"floor_reached":50,"campfire_rested":5,"playtime":2960,"current_hp_per_floor":[78,78,67,58,55,55,55,60,60,56,54,54,46,30,54,28,80,80,64,64,50,50,36,60,34,34,22,46,46,47,66,66,80,83,51,51,51,51,51,81,56,62,62,68,82,59,59,59,86],"items_purged":["Defend_R","Defend_R","Defend_R","Strike_R"],"gold":0,"play_id":"f95de9b2-39d0-4a52-8555-89491dcab9a6","is_prod":false,"is_daily":false,"is_ascension_mode":false,"campfire_upgraded":4,"path_taken":["M","$","?","M","?","R","$","M","T","M","M","$","?","?","R","BOSS","M","?","$","M","$","E","R","M","T","E","R","?","M","M","R","BOSS","M","?","?","$","?","R","M","R","T","R","M","M","M","?","R","BOSS"],"build_version":"2018-02-01-PROD3","purchased_purges":4,"victory":false,"master_deck":["Strike_R","Strike_R","Strike_R","Defend_R+1","Bash","Anger+1","Blood for Blood+1","Inflame+1","Feed","Anger+1","Heavy Blade+1","Anger","Clash+1","Reaper","Double Tap","Necronomicurse","Rampage+1"],"max_hp_per_floor":[80,80,80,80,80,80,80,80,80,80,80,80,80,80,80,80,80,80,80,80,80,80,80,80,80,80,80,80,80,83,83,83,83,83,83,83,83,83,83,83,86,86,86,86,86,86,86,86,86],"relics":["Burning Blood","Bird Faced Urn","Juzu Bracelet","Sozu","Necronomicon","Blood Vial","Mercury Hourglass","Sundial","Eternal Feather","Calipers","Ice Cream","Red Mask"],"card_choices":[{"not_picked":["Iron Wave","Reckless Charge"],"picked":"Anger"},{"not_picked":["Headbutt","Disarm"],"picked":"Blood for Blood"},{"not_picked":["Iron Wave","Spot Weakness"],"picked":"Inflame"},{"not_picked":["Demon Form","Immolate"],"picked":"Feed"},{"not_picked":["Headbutt","Seeing Red"],"picked":"Anger"},{"not_picked":["Pummel","Iron Wave"],"picked":"Heavy Blade"},{"not_picked":["Battle Trance","Sever Soul"],"picked":"Clash"},{"not_picked":["Spot Weakness","Blood for Blood"],"picked":"Reaper"},{"not_picked":["Barricade","Dark Embrace"],"picked":"Double Tap"},{"not_picked":["Iron Wave","Cleave"],"picked":"Rampage"}],"player_experience":28020,"potions_floor_usage":[],"damage_taken":[{"damage":8.0,"enemies":"Blue Slaver","floor":1.0,"turns":5.0},{"damage":15.0,"enemies":"2 Louse","floor":4.0,"turns":3.0},{"damage":1.0,"enemies":"Jaw Worm","floor":8.0,"turns":3.0},{"damage":10.0,"enemies":"Looter","floor":10.0,"turns":4.0},{"damage":8.0,"enemies":"Exordium Wildlife","floor":11.0,"turns":3.0},{"damage":34.0,"enemies":"Slime Boss","floor":16.0,"turns":8.0},{"damage":0.0,"enemies":"Chosen","floor":18.0,"turns":3.0},{"damage":22.0,"enemies":"2 Thieves","floor":21.0,"turns":4.0},{"damage":22.0,"enemies":"Gremlin Leader","floor":23.0,"turns":4.0},{"damage":36.0,"enemies":"Snake Plant","floor":25.0,"turns":4.0},{"damage":22.0,"enemies":"Book of Stabbing","floor":27.0,"turns":3.0},{"damage":12.0,"enemies":"Centurion and Healer","floor":30.0,"turns":3.0},{"damage":3.0,"enemies":"Chosen and Byrds","floor":31.0,"turns":5.0},{"damage":24.0,"enemies":"Collector","floor":33.0,"turns":6.0},{"damage":38,"enemies":"3 Darklings","floor":35,"turns":3},{"damage":38,"enemies":"3 Shapes","floor":41,"turns":3},{"damage":21,"enemies":"3 Darklings","floor":45,"turns":4},{"damage":33,"enemies":"Maw","floor":46,"turns":5},{"damage":10,"enemies":"Sphere and 2 Shapes","floor":47,"turns":3},{"damage":103,"enemies":"Awakened One","floor":50,"turns":5}],"event_choices":[{"event_name":"World of Goop","player_choice":"Gather Gold","floor":3.0,"damage_taken":0.0},{"event_name":"Scrap Ooze","player_choice":"success","floor":5.0,"damage_taken":3.0},{"event_name":"Wheel of Change","player_choice":"Damage","floor":13.0,"damage_taken":0.0},{"event_name":"Shining Light","player_choice":"Entered Light","floor":14.0,"damage_taken":0.0},{"event_name":"Cursed Tome","player_choice":"Obtained Book","floor":19.0,"damage_taken":0.0},{"event_name":"Back to Basics","player_choice":"Elegance","floor":29.0,"damage_taken":0.0},{"event_name":"Wheel of Change","player_choice":"Gold","floor":36,"damage_taken":0},{"event_name":"Fountain of Cleansing","player_choice":"Removed Curse","floor":37,"damage_taken":0},{"event_name":"Tomb of Lord Red Mask","player_choice":"Paid","floor":48,"damage_taken":0}],"boss_relics":[],"potions_floor_spawned":[10,11,18,27,31],"seed_played":"8390985724824114324","killed_by":"Awakened One","ascension_level":0,"is_trial":false}