{"path_per_floor":["M","?","?","$","?","R","M","R","T","M","R","M","M","?","R","B",null,"M","M","M","?","$","?","M","R","T","$","R","M","R","$","R"],"character_chosen":"IRONCLAD","items_purchased":["True Grit","Headbutt","Lantern","Bag of Marbles","Pommel Strike"],"gold_per_floor":[110,110,110,60,60,60,75,75,75,94,94,105,122,122,122,248,248,272,287,301,301,226,326,339,339,390,29,29,48,48,3,3],"floor_reached":33,"campfire_rested":0,"playtime":1842,"current_hp_per_floor":[78,60,60,60,53,53,59,59,59,57,57,52,57,57,57,31,74,51,63,64,64,64,69,64,64,69,69,69,81,81,81,81],"items_purged":["Defend_R"],"gold":3,"play_id":"a4f7290a-c807-482c-8de6-ddd7dc309ee0","is_prod":false,"is_daily":false,"is_ascension_mode":false,"campfire_upgraded":8,"path_taken":["M","?","?","$","?","R","M","R","T","M","R","M","?","?","R","BOSS","M","M","?","?","?","?","M","R","T","$","R","?","R","$","R","BOSS"],"build_version":"2018-01-25-PROD3","purchased_purges":1,"victory":false,"master_deck":["Strike_R","Strike_R","Strike_R","Strike_R","Defend_R","Defend_R","Bash","Warcry+1","True Grit+1","Whirlwind+1","Rampage+1","Reaper","Feed+1","Shrug It Off+1","Immolate","Cleave+1","Parasite","Headbutt+1","Pommel Strike+1"],"max_hp_per_floor":[80,80,80,80,80,80,80,80,80,80,80,80,80,74,74,74,74,74,74,77,77,77,77,77,77,77,77,77,81,81,81,81],"relics":["Burning Blood","Bag of Preparation","Calipers","Bloody Idol","Cursed Key","Molten Egg","Lantern","Bag of Marbles"],"card_choices":[{"not_picked":["Rage","Perfected Strike"],"picked":"Warcry"},{"not_picked":["Thunderclap","Flame Barrier"],"picked":"Whirlwind"},{"not_picked":["Inflame","Sever Soul"],"picked":"Rampage"},{"not_picked":["Bloodletting","Infernal Blade"],"picked":"Reaper"},{"not_picked":["Fiend Fire","Brutality"],"picked":"Feed"},{"not_picked":["Flex","Searing Blow"],"picked":"Shrug It Off"},{"not_picked":["Perfected Strike","Sword Boomerang"],"picked":"Immolate"},{"not_picked":["Reckless Charge","Uppercut"],"picked":"Cleave"}],"player_experience":137669,"potions_floor_usage":[16,29,33],"damage_taken":[{"damage":8,"enemies":"Jaw Worm","floor":1,"turns":4},{"damage":0,"enemies":"2 Louse","floor":7,"turns":3},{"damage":8,"enemies":"Blue Slaver","floor":10,"turns":4},{"damage":11,"enemies":"Exordium Wildlife","floor":12,"turns":3},{"damage":1,"enemies":"Looter","floor":13,"turns":4},{"damage":36,"enemies":"The Guardian","floor":16,"turns":10},{"damage":29,"enemies":"Spheric Guardian","floor":18,"turns":6},{"damage":0,"enemies":"Chosen","floor":19,"turns":4},{"damage":16,"enemies":"3 Cultists","floor":20,"turns":4},{"damage":20,"enemies":"Snake Plant","floor":24,"turns":4},{"damage":3,"enemies":"Centurion and Healer","floor":29,"turns":6},{"damage":103,"enemies":"Champ","floor":33,"turns":11}],"event_choices":[{"event_name":"Scrap Ooze","player_choice":"success","floor":2,"damage_taken":18},{"event_name":"Living Wall","player_choice":"Forget","floor":3,"damage_taken":0},{"event_name":"Golden Wing","player_choice":"Card Removal","floor":5,"damage_taken":0},{"event_name":"Golden Idol","player_choice":"Lose Max HP","floor":14,"damage_taken":0},{"event_name":"Forgotten Altar","player_choice":"Gave Idol","floor":21,"damage_taken":0},{"event_name":"Golden Shrine","player_choice":"Pray","floor":23,"damage_taken":0}],"boss_relics":[{"not_picked":["Question Card","Eternal Feather"],"picked":"Cursed Key"}],"potions_floor_spawned":[1,7,12,24],"seed_played":"2065584929457638889","killed_by":"Champ","ascension_level":0,"is_trial":false}