{"path_per_floor":["M","?","M","M","M","E","?","R","T","$","E","R","T","?","R","B",null,"M","?","$","?","M","R"],"character_chosen":"IRONCLAD","items_purchased":["Happy Flower","Regen Potion","Limit Break"],"gold_per_floor":[119,119,139,159,177,208,383,383,409,129,157,157,157,157,157,257,257,269,269,18,18,29,29],"floor_reached":24,"campfire_rested":0,"playtime":2001,"current_hp_per_floor":[67,53,59,38,27,13,13,13,13,13,39,39,39,36,36,58,72,37,37,37,37,26,26],"items_purged":["Strike_R","Defend_R"],"gold":29,"play_id":"0590dd4b-a54e-4837-9e6f-171d42cac964","is_prod":false,"is_daily":false,"is_ascension_mode":false,"campfire_upgraded":4,"path_taken":["M","?","M","M","?","E","?","R","T","$","E","R","?","?","R","BOSS","M","?","?","?","?","R","E"],"build_version":"2018-01-25-PROD3","purchased_purges":2,"victory":false,"master_deck":["Strike_R+1","Strike_R+1","Strike_R","Strike_R","Defend_R","Defend_R","Defend_R+1","Bash","Reaper","Dual Wield+1","True Grit+1","Spot Weakness+1","Armaments+1","Rampage","Doubt","Heavy Blade","Berserk","Power Through","Second Wind","Limit Break+1","Shrug It Off"],"max_hp_per_floor":[72,72,72,72,72,72,72,72,72,72,72,72,72,72,72,72,72,72,72,72,72,72,72],"relics":["Burning Blood","Torii","War Paint","Happy Flower","Regal Pillow","Pantograph","Ginger","Black Star"],"card_choices":[{"not_picked":["Juggernaut","Immolate"],"picked":"Reaper"},{"not_picked":["Shrug It Off","Uppercut"],"picked":"Dual Wield"},{"not_picked":["Reckless Charge","Barricade"],"picked":"True Grit"},{"not_picked":["Bloodletting","Headbutt"],"picked":"Spot Weakness"},{"not_picked":["Clash","Spot Weakness"],"picked":"Armaments"},{"not_picked":["Exhume","Sever Soul"],"picked":"Rampage"},{"not_picked":["Havoc","Hemokinesis"],"picked":"Heavy Blade"},{"not_picked":["Barricade","Juggernaut"],"picked":"Berserk"},{"not_picked":["Thunderclap","Armaments"],"picked":"Power Through"},{"not_picked":["Inflame","Power Through"],"picked":"Shrug It Off"}],"player_experience":154856,"potions_floor_usage":[6,11,22,24,24],"damage_taken":[{"damage":14,"enemies":"2 Louse","floor":1,"turns":5},{"damage":7,"enemies":"Small Slimes","floor":3,"turns":6},{"damage":35,"enemies":"Jaw Worm","floor":4,"turns":6},{"damage":37,"enemies":"Gremlin Gang","floor":5,"turns":5},{"damage":30,"enemies":"Gremlin Nob","floor":6,"turns":4},{"damage":3,"enemies":"Lagavulin","floor":11,"turns":8},{"damage":9,"enemies":"Slime Boss","floor":16,"turns":6},{"damage":41,"enemies":"3 Byrds","floor":18,"turns":6},{"damage":17,"enemies":"2 Thieves","floor":22,"turns":4},{"damage":41,"enemies":"Slavers","floor":24,"turns":4}],"event_choices":[{"event_name":"Shining Light","player_choice":"Entered Light","floor":2,"damage_taken":0},{"event_name":"Liars Game","player_choice":"agreed","floor":7,"damage_taken":0},{"event_name":"Scrap Ooze","player_choice":"success","floor":14,"damage_taken":3},{"event_name":"The Library","player_choice":"Read","floor":19,"damage_taken":0},{"event_name":"Addict","player_choice":"Ignored","floor":21,"damage_taken":0}],"boss_relics":[{"not_picked":["Runic Pyramid","Lizard Tail"],"picked":"Black Star"}],"potions_floor_spawned":[1,5,6,11,18,22],"seed_played":"4044395660154194414","killed_by":"Slavers","ascension_level":0,"is_trial":false}