{"path_per_floor":["M","?","M","?","?","R","M","M","T","R","$","M","R","M","R","B",null,"M","M","?","$","M","E","R","M","T","R","?","M","$"],"character_chosen":"IRONCLAD","items_purchased":["Whetstone","Fire Breathing"],"gold_per_floor":[117,117,133,208,208,208,226,239,288,288,213,231,231,245,245,342,342,358,374,374,121,141,171,171,190,216,216,216,235,31],"floor_reached":31,"campfire_rested":1,"playtime":2223,"current_hp_per_floor":[80,68,58,47,47,47,52,58,58,58,58,64,64,70,70,21,80,29,27,80,80,74,28,28,21,21,60,60,40,40],"items_purged":["Strike_R","Strike_R","Strike_R"],"gold":31,"play_id":"ebbe6b7c-84d0-494f-9c6b-fe66aaf52655","is_prod":false,"is_daily":false,"is_ascension_mode":false,"campfire_upgraded":5,"path_taken":["M","?","M","?","?","R","M","M","T","R","$","M","R","?","R","BOSS","M","M","?","$","M","E","R","M","T","R","?","M","$","M"],"build_version":"2018-01-25-PROD3","purchased_purges":3,"victory":false,"master_deck":["Strike_R","Strike_R","Defend_R","Defend_R","Defend_R","Defend_R","Bash+1","Wild Strike+1","Second Wind+1","Clash+1","Armaments+1","Second Wind+1","Dark Embrace","Whirlwind+1","True Grit+1","Pommel Strike","Disarm","Double Tap","Evolve","Fire Breathing"],"max_hp_per_floor":[80,80,80,80,80,80,80,80,80,80,80,80,80,80,80,80,80,80,80,80,80,80,80,80,80,80,80,80,80,80],"relics":["Burning Blood","Toolbox","Molten Egg","Philosopher\u0027s Stone","Whetstone","Ginger","Regal Pillow"],"card_choices":[{"not_picked":["Thunderclap","Hemokinesis"],"picked":"Infernal Blade"},{"not_picked":["Anger","Thunderclap"],"picked":"Wild Strike"},{"not_picked":["Infernal Blade","Headbutt"],"picked":"Second Wind"},{"not_picked":["Perfected Strike","Rupture"],"picked":"Clash"},{"not_picked":["Seeing Red","Anger"],"picked":"Armaments"},{"not_picked":["Body Slam","Armaments"],"picked":"Second Wind"},{"not_picked":["Fiend Fire","Double Tap"],"picked":"Dark Embrace"},{"not_picked":["Cleave","Evolve"],"picked":"Whirlwind"},{"not_picked":["Warcry","Shockwave"],"picked":"True Grit"},{"not_picked":["Clash","Perfected Strike"],"picked":"Pommel Strike"},{"not_picked":["Dropkick","Searing Blow"],"picked":"Disarm"},{"not_picked":["Rupture","Disarm"],"picked":"Double Tap"}],"player_experience":135109,"potions_floor_usage":[31],"damage_taken":[{"damage":5,"enemies":"Small Slimes","floor":1,"turns":3},{"damage":16,"enemies":"Blue Slaver","floor":3,"turns":4},{"damage":1,"enemies":"Jaw Worm","floor":7,"turns":3},{"damage":0,"enemies":"2 Fungi Beasts","floor":8,"turns":2},{"damage":0,"enemies":"Looter","floor":12,"turns":1},{"damage":0,"enemies":"Red Slaver","floor":14,"turns":2},{"damage":55,"enemies":"Hexaghost","floor":16,"turns":16},{"damage":57,"enemies":"3 Byrds","floor":18,"turns":7},{"damage":8,"enemies":"2 Thieves","floor":19,"turns":4},{"damage":12,"enemies":"3 Cultists","floor":22,"turns":5},{"damage":52,"enemies":"Gremlin Leader","floor":23,"turns":6},{"damage":13,"enemies":"Centurion and Healer","floor":25,"turns":7},{"damage":26,"enemies":"Snecko","floor":29,"turns":6},{"damage":49,"enemies":"3 Cultists","floor":31,"turns":5}],"event_choices":[{"event_name":"Scrap Ooze","player_choice":"success","floor":2,"damage_taken":12},{"event_name":"World of Goop","player_choice":"Gather Gold","floor":4,"damage_taken":0},{"event_name":"Upgrade Shrine","player_choice":"Upgraded","floor":5,"damage_taken":0},{"event_name":"Bonfire Elementals","player_choice":"UNCOMMON","floor":20,"damage_taken":0},{"event_name":"The Library","player_choice":"Read","floor":28,"damage_taken":0}],"boss_relics":[{"not_picked":["Question Card","Black Star"],"picked":"Philosopher\u0027s Stone"}],"potions_floor_spawned":[3,12,16,19,22,25,29],"seed_played":"-5881563515362757607","killed_by":"3 Cultists","ascension_level":0,"is_trial":false}