{"path_per_floor":["M","M","M","?","M","E","M","E","T","$","?","?","M","M","R","B",null,"M","$","?","?","$","E","M","M","T","R","M","M","M","?","R","B",null,"M","M","?","M"],"character_chosen":"IRONCLAD","items_purchased":["Inflame"],"gold_per_floor":[119,134,152,152,166,201,215,243,243,168,168,168,186,198,198,294,294,304,123,23,23,23,58,70,85,85,85,105,118,130,130,130,233,233,247,264,264,279],"floor_reached":39,"campfire_rested":1,"playtime":3265,"current_hp_per_floor":[72,72,72,68,67,63,63,85,85,85,85,85,86,86,86,34,86,85,85,85,85,85,86,86,71,71,71,47,28,33,63,90,12,92,63,71,71,46],"items_purged":["Defend_R","Defend_R"],"gold":279,"play_id":"c9d4506e-ec32-46a2-a867-7963db669cdc","is_prod":false,"is_daily":false,"is_ascension_mode":false,"campfire_upgraded":2,"path_taken":["M","M","M","?","M","E","M","E","T","$","?","?","M","?","R","BOSS","M","$","?","?","?","E","M","M","T","R","M","M","M","?","R","BOSS","M","M","?","M","M"],"build_version":"2018-02-01-PROD3","purchased_purges":2,"victory":false,"master_deck":["Strike_R","Strike_R","Strike_R","Strike_R","Strike_R","Defend_R","Bash","Anger+1","Clash","Clothesline","Flex+1","Infernal Blade","Clash","Anger","Feed","Limit Break","Inflame","J.A.X.","Warcry","Pommel Strike","Clash","Twin Strike","Demon Form","Battle Trance+1","Inflame","Metallicize"],"max_hp_per_floor":[72,72,72,86,86,86,86,86,86,86,86,86,86,86,86,86,86,86,86,86,86,86,86,86,86,86,86,86,89,92,92,92,92,92,95,95,95,95],"relics":["Burning Blood","Magic Flower","Mango","Dream Catcher","Bag of Marbles","Gremlin Horn","Sozu","Bronze Scales","Pantograph","Lizard Tail"],"card_choices":[{"not_picked":["Clothesline","Pommel Strike"],"picked":"Anger"},{"not_picked":["Reckless Charge","Heavy Blade"],"picked":"Clash"},{"not_picked":["Heavy Blade","True Grit"],"picked":"Clothesline"},{"not_picked":["Feed","Metallicize"],"picked":"Flex"},{"not_picked":["Disarm","Combust"],"picked":"Infernal Blade"},{"not_picked":["Body Slam","Warcry"],"picked":"Clash"},{"not_picked":["Body Slam","Headbutt"],"picked":"Anger"},{"not_picked":["Headbutt","Metallicize"],"picked":"Feed"},{"not_picked":["Dark Embrace","Barricade"],"picked":"Limit Break"},{"not_picked":["Fiend Fire","Clothesline"],"picked":"Warcry"},{"not_picked":["Thunderclap","Clothesline"],"picked":"Pommel Strike"},{"not_picked":["Iron Wave","Rupture"],"picked":"Clash"},{"not_picked":["Disarm","Bloodletting"],"picked":"Twin Strike"},{"not_picked":["Offering","Bludgeon"],"picked":"Demon Form"},{"not_picked":["Heavy Blade","True Grit"],"picked":"Battle Trance"},{"not_picked":["Metallicize","Shrug It Off"],"picked":"Inflame"},{"not_picked":["Cleave","Shrug It Off"],"picked":"Metallicize"}],"player_experience":20682,"potions_floor_usage":[8],"damage_taken":[{"damage":1,"enemies":"Cultist","floor":1,"turns":4},{"damage":7,"enemies":"2 Louse","floor":2,"turns":3},{"damage":5,"enemies":"Small Slimes","floor":3,"turns":3},{"damage":10,"enemies":"Gremlin Gang","floor":5,"turns":5},{"damage":13,"enemies":"Gremlin Nob","floor":6,"turns":4},{"damage":9,"enemies":"3 Louse","floor":7,"turns":3},{"damage":28,"enemies":"3 Sentries","floor":8,"turns":8},{"damage":7,"enemies":"Large Slime","floor":13,"turns":3},{"damage":0,"enemies":"Red Slaver","floor":14,"turns":1},{"damage":61,"enemies":"The Guardian","floor":16,"turns":7},{"damage":10,"enemies":"Spheric Guardian","floor":18,"turns":3},{"damage":3,"enemies":"Gremlin Leader","floor":23,"turns":5},{"damage":3,"enemies":"Chosen","floor":24,"turns":2},{"damage":24,"enemies":"Snake Plant","floor":25,"turns":2},{"damage":33,"enemies":"Snecko","floor":28,"turns":4},{"damage":33,"enemies":"Sentry and Sphere","floor":29,"turns":4},{"damage":9,"enemies":"Centurion and Healer","floor":30,"turns":3},{"damage":89,"enemies":"Automaton","floor":33,"turns":7},{"damage":43,"enemies":"3 Shapes","floor":35,"turns":3},{"damage":72,"enemies":"3 Darklings","floor":36,"turns":4},{"damage":34,"enemies":"Maw","floor":38,"turns":5},{"damage":51,"enemies":"Sphere and 2 Shapes","floor":39,"turns":4}],"event_choices":[{"event_name":"Scrap Ooze","player_choice":"success","floor":4,"damage_taken":18},{"event_name":"Accursed Blacksmith","player_choice":"Ignore","floor":11,"damage_taken":0},{"event_name":"Living Wall","player_choice":"Forget","floor":12,"damage_taken":0},{"event_name":"Drug Dealer","player_choice":"Got JAXXED","floor":20,"damage_taken":0},{"event_name":"Beggar","player_choice":"Ignored","floor":21,"damage_taken":0},{"event_name":"The Library","player_choice":"Heal","floor":31,"damage_taken":0},{"event_name":"Mysterious Sphere","player_choice":"Ignore","floor":37,"damage_taken":0}],"boss_relics":[{"not_picked":["Runic Pyramid","Black Blood"],"picked":"Sozu"},{"not_picked":["Mark of Pain","Tiny House"],"picked":"Lizard Tail"}],"potions_floor_spawned":[5,7,8,14,18,24,25,29,33,35],"seed_played":"2249177683168052254","killed_by":"Sphere and 2 Shapes","ascension_level":0,"is_trial":false}