{"path_per_floor":["M","M","M","?","M","E","R","M","T","M","M","R","M","$","R","B",null,"M","$","M","M","$"],"character_chosen":"IRONCLAD","items_purchased":["Bag of Marbles","Iron Wave","Iron Wave","Armaments","Apotheosis"],"gold_per_floor":[114,133,150,150,168,207,207,223,223,247,265,265,288,113,113,236,236,252,176,189,208,16],"floor_reached":23,"campfire_rested":2,"playtime":1493,"current_hp_per_floor":[84,88,88,81,81,58,81,78,78,69,71,71,67,67,81,40,81,61,61,69,59,59],"items_purged":[],"gold":16,"play_id":"de078c03-df0c-4e00-8eeb-417d3c3e4d22","is_prod":false,"is_daily":false,"is_ascension_mode":false,"campfire_upgraded":1,"path_taken":["M","?","M","?","M","E","R","M","T","M","?","R","M","$","R","BOSS","M","$","M","M","$","E"],"build_version":"2018-01-25-PROD3","purchased_purges":0,"victory":false,"master_deck":["Strike_R","Strike_R","Strike_R","Strike_R","Strike_R","Defend_R","Defend_R","Defend_R","Defend_R","Bash","Clash","Clothesline","Battle Trance","Rampage+1","Warcry","Thunderclap","Pommel Strike","Shockwave","Iron Wave","Iron Wave","Double Tap","Headbutt","Whirlwind","Pummel","Shrug It Off","Headbutt","Demon Form","Iron Wave","Armaments","Whirlwind","Flame Barrier","Apotheosis"],"max_hp_per_floor":[88,88,88,81,81,81,81,81,81,81,81,81,81,81,81,81,81,81,81,81,81,81],"relics":["Burning Blood","Golden Idol","Torii","Magic Flower","Bag of Marbles","Orrery"],"card_choices":[{"not_picked":["Wild Strike","Burning Pact"],"picked":"Clash"},{"not_picked":["Rupture","Pommel Strike"],"picked":"Clothesline"},{"not_picked":["Havoc","Anger"],"picked":"Battle Trance"},{"not_picked":["Uppercut","True Grit"],"picked":"Rampage"},{"not_picked":["Heavy Blade","Corruption"],"picked":"Warcry"},{"not_picked":["Fiend Fire","Uppercut"],"picked":"Thunderclap"},{"not_picked":["Heavy Blade","Wild Strike"],"picked":"Pommel Strike"},{"not_picked":["Clash","Flex"],"picked":"Shockwave"},{"not_picked":["Pommel Strike","Dual Wield"],"picked":"Iron Wave"},{"not_picked":["Dark Embrace","Exhume"],"picked":"Double Tap"},{"not_picked":["Clothesline","Armaments"],"picked":"Headbutt"},{"not_picked":["Rampage","Feel No Pain"],"picked":"Whirlwind"},{"not_picked":["Sword Boomerang","Burning Pact"],"picked":"Pummel"},{"not_picked":["Thunderclap","Pommel Strike"],"picked":"Shrug It Off"},{"not_picked":["Second Wind","Thunderclap"],"picked":"Headbutt"},{"not_picked":["Sentinel","Perfected Strike"],"picked":"Demon Form"},{"not_picked":["Feel No Pain","Twin Strike"],"picked":"Whirlwind"},{"not_picked":["Armaments","Pummel"],"picked":"Flame Barrier"}],"player_experience":89550,"potions_floor_usage":[5,11,16,23],"damage_taken":[{"damage":10,"enemies":"Blue Slaver","floor":1,"turns":7},{"damage":2,"enemies":"Jaw Worm","floor":2,"turns":4},{"damage":0,"enemies":"Cultist","floor":3,"turns":3},{"damage":6,"enemies":"Exordium Wildlife","floor":5,"turns":3},{"damage":29,"enemies":"Lagavulin","floor":6,"turns":8},{"damage":9,"enemies":"3 Louse","floor":8,"turns":3},{"damage":18,"enemies":"Large Slime","floor":10,"turns":6},{"damage":7,"enemies":"Exordium Wildlife","floor":11,"turns":4},{"damage":13,"enemies":"3 Louse","floor":13,"turns":3},{"damage":50,"enemies":"Hexaghost","floor":16,"turns":12},{"damage":29,"enemies":"Shell Parasite","floor":18,"turns":6},{"damage":1,"enemies":"Chosen","floor":20,"turns":5},{"damage":19,"enemies":"Snecko","floor":21,"turns":6},{"damage":77,"enemies":"Book of Stabbing","floor":23,"turns":7}],"event_choices":[{"event_name":"Golden Idol","player_choice":"Lose Max HP","floor":4,"damage_taken":0}],"boss_relics":[{"not_picked":["Ectoplasm","Lizard Tail"],"picked":"Orrery"}],"potions_floor_spawned":[3,10,11,16,21],"seed_played":"7102404404739814888","killed_by":"Book of Stabbing","ascension_level":0,"is_trial":false}