{"path_per_floor":["M","M","$","?","?","R","$","R","T","R","M","E","M","?","R","B",null,"M","?","?","?","$"],"character_chosen":"IRONCLAD","items_purchased":[],"gold_per_floor":[109,121,46,46,121,121,21,21,46,46,58,92,112,112,112,212,212,229,229,229,229,104],"floor_reached":23,"campfire_rested":0,"playtime":1175,"current_hp_per_floor":[80,80,80,80,69,69,69,69,69,69,77,60,62,62,62,27,80,63,63,63,47,47],"items_purged":["Defend_R","Defend_R","Writhe"],"gold":104,"play_id":"b3651c82-cd11-4f3e-b2ba-9255f77618ec","is_prod":false,"is_daily":false,"is_ascension_mode":false,"campfire_upgraded":4,"path_taken":["M","M","$","?","?","R","$","R","T","R","?","E","M","?","R","BOSS","M","?","?","?","$","E"],"build_version":"2018-02-01-PROD3","purchased_purges":3,"victory":false,"master_deck":["Strike_R+1","Strike_R+1","Defend_R+1","Bash","Anger+1","Second Wind+1","Headbutt+1","Limit Break","Heavy Blade+1","Searing Blow+1"],"max_hp_per_floor":[80,80,80,80,80,80,80,80,80,80,80,80,80,80,80,80,80,80,80,80,80,80],"relics":["Burning Blood","Blood Vial","Whetstone","Juzu Bracelet","Astrolabe","Oddly Smooth Stone","Enchiridion"],"card_choices":[{"not_picked":["Rupture","Reckless Charge"],"picked":"Anger"},{"not_picked":["Havoc","Thunderclap"],"picked":"Second Wind"},{"not_picked":["Uppercut","Havoc"],"picked":"Headbutt"},{"not_picked":["Bludgeon","Berserk"],"picked":"Limit Break"}],"player_experience":37337,"potions_floor_usage":[23,23],"damage_taken":[{"damage":4,"enemies":"Jaw Worm","floor":1,"turns":5},{"damage":0,"enemies":"2 Louse","floor":2,"turns":3},{"damage":0,"enemies":"Cultist","floor":11,"turns":3},{"damage":25,"enemies":"3 Sentries","floor":12,"turns":6},{"damage":6,"enemies":"Exordium Wildlife","floor":13,"turns":3},{"damage":43,"enemies":"Slime Boss","floor":16,"turns":9},{"damage":23,"enemies":"Chosen","floor":18,"turns":4},{"damage":73,"enemies":"Gremlin Leader","floor":23,"turns":6}],"event_choices":[{"event_name":"Living Wall","player_choice":"Forget","floor":4,"damage_taken":0},{"event_name":"World of Goop","player_choice":"Gather Gold","floor":5,"damage_taken":0},{"event_name":"The Lab","player_choice":"Got Potions","floor":14,"damage_taken":0},{"event_name":"Back to Basics","player_choice":"Elegance","floor":19,"damage_taken":0},{"event_name":"The Mausoleum","player_choice":"Yes","floor":20,"damage_taken":0},{"event_name":"Cursed Tome","player_choice":"Obtained Book","floor":21,"damage_taken":0}],"boss_relics":[{"not_picked":["Mark of Pain","Snecko Eye"],"picked":"Astrolabe"}],"potions_floor_spawned":[1,2,13,16],"seed_played":"4940037641405016319","killed_by":"Gremlin Leader","ascension_level":0,"is_trial":false}