{"path_per_floor":["M","M","M","M","M","E","?","M","T","R","$","R","M","$","R","B",null,"M","M","M"],"character_chosen":"IRONCLAD","items_purchased":["Rampage","Blood for Blood"],"gold_per_floor":[110,121,131,150,162,190,190,204,227,227,72,72,82,10,10,113,113,129,146,156],"floor_reached":21,"campfire_rested":1,"playtime":2067,"current_hp_per_floor":[80,80,78,73,68,46,72,54,54,78,78,78,68,68,68,21,80,58,50,32],"items_purged":["Defend_R"],"gold":156,"play_id":"f88c64ff-49e0-4a8d-8f30-bb9987b1c539","is_prod":false,"is_daily":false,"is_ascension_mode":false,"campfire_upgraded":2,"path_taken":["M","M","M","M","M","E","?","M","T","R","$","R","M","$","R","BOSS","M","M","M","M"],"build_version":"2018-01-25-PROD3","purchased_purges":1,"victory":false,"master_deck":["Strike_R","Strike_R","Strike_R","Strike_R","Strike_R","Defend_R","Defend_R","Defend_R","Bash","Armaments+1","Battle Trance","Clothesline","Perfected Strike","True Grit+1","Demon Form+1","Dual Wield","Headbutt","Rampage","Infernal Blade","Blood for Blood+1","Berserk","Infernal Blade","Twin Strike+1","Second Wind+1"],"max_hp_per_floor":[80,80,80,80,80,80,80,80,80,80,80,80,80,80,80,80,80,80,80,80],"relics":["Burning Blood","Meat on the Bone","War Paint","Question Card"],"card_choices":[{"not_picked":["Sever Soul","Rupture"],"picked":"Armaments"},{"not_picked":["Rupture","Dual Wield"],"picked":"Battle Trance"},{"not_picked":["Bloodletting","Pummel"],"picked":"Clothesline"},{"not_picked":["Anger","Bloodletting"],"picked":"Perfected Strike"},{"not_picked":["Flame Barrier","Fire Breathing"],"picked":"True Grit"},{"not_picked":["Thunderclap","True Grit"],"picked":"Demon Form"},{"not_picked":["True Grit","Impervious"],"picked":"Dual Wield"},{"not_picked":["Twin Strike","Iron Wave"],"picked":"Headbutt"},{"not_picked":["Inflame","Thunderclap"],"picked":"Infernal Blade"},{"not_picked":["Brutality","Demon Form"],"picked":"Berserk"},{"not_picked":["Armaments","Iron Wave","Inflame"],"picked":"Infernal Blade"},{"not_picked":["Second Wind","Flex","Sword Boomerang"],"picked":"Twin Strike"},{"not_picked":["Disarm","True Grit","Body Slam"],"picked":"Second Wind"}],"player_experience":3148,"potions_floor_usage":[6,16,16],"damage_taken":[{"damage":0,"enemies":"2 Louse","floor":1,"turns":4},{"damage":5,"enemies":"Small Slimes","floor":2,"turns":3},{"damage":8,"enemies":"Blue Slaver","floor":3,"turns":6},{"damage":11,"enemies":"3 Louse","floor":4,"turns":4},{"damage":11,"enemies":"Red Slaver","floor":5,"turns":3},{"damage":28,"enemies":"Gremlin Nob","floor":6,"turns":5},{"damage":24,"enemies":"Exordium Thugs","floor":8,"turns":5},{"damage":16,"enemies":"Lots of Slimes","floor":13,"turns":5},{"damage":65,"enemies":"Slime Boss","floor":16,"turns":10},{"damage":40,"enemies":"2 Thieves","floor":18,"turns":4},{"damage":26,"enemies":"Chosen","floor":19,"turns":8},{"damage":36,"enemies":"Snake Plant","floor":20,"turns":4},{"damage":36,"enemies":"Sentry and Sphere","floor":21,"turns":4}],"event_choices":[{"event_name":"Big Fish","player_choice":"Banana","floor":7,"damage_taken":0}],"boss_relics":[{"not_picked":["Runic Dome","Eternal Feather"],"picked":"Question Card"}],"potions_floor_spawned":[1,2,3,4,6,16,19],"seed_played":"1388528198332159671","killed_by":"Sentry and Sphere","ascension_level":0,"is_trial":false}