{"path_per_floor":["M","M","?","M","?","R","M","R","T","?","R","E","$","M","R","B",null,"M","$","?","$","?","R","M","R","T","E","M","?","E","?","R","B",null,"M","?","M","M","$","R","M","R","T","R","?","M","M","$","R","B"],"character_chosen":"IRONCLAD","items_purchased":["Burning Pact"],"gold_per_floor":[116,134,134,150,150,150,164,164,164,164,164,197,122,137,137,234,234,253,153,153,28,28,28,43,43,43,76,86,11,39,39,39,135,135,148,148,166,181,31,31,44,44,44,44,44,57,74,40,40,40],"floor_reached":51,"campfire_rested":1,"playtime":3266,"current_hp_per_floor":[80,80,64,66,66,66,68,68,68,80,80,52,52,53,53,30,80,78,78,78,78,78,78,80,80,80,79,78,77,80,80,80,13,82,82,82,84,83,83,83,84,84,84,84,84,84,86,86,86,12],"items_purged":["Strike_R","Strike_R","Strike_R","Strike_R"],"gold":40,"play_id":"520eec0f-4794-4c38-b67b-a0b794377ae7","is_prod":false,"is_daily":false,"is_ascension_mode":false,"campfire_upgraded":10,"path_taken":["M","M","?","M","?","R","M","R","T","?","R","E","?","M","R","BOSS","M","$","?","?","?","R","M","R","T","E","?","?","E","?","R","BOSS","M","?","M","?","?","R","M","R","T","R","?","?","M","$","R","BOSS"],"build_version":"2018-01-25-PROD3","purchased_purges":4,"victory":true,"master_deck":["Defend_R+1","Defend_R+1","Defend_R+1","Bash+1","Bash+1","Seeing Red+1","Corruption+1","Offering+1","Dropkick+1","Warcry+1","Rupture+1","Disarm+1","Battle Trance+1","Burning Pact+1","Regret","Offering+1","Infernal Blade+1","Burning Pact"],"max_hp_per_floor":[80,80,80,80,80,80,80,80,80,80,80,80,80,80,80,80,80,80,80,80,80,80,80,80,80,80,80,80,77,80,80,80,82,82,84,84,84,84,84,84,84,84,84,84,84,84,86,86,86,86],"relics":["Black Blood","Dead Branch","Letter Opener","Cursed Key","Gremlin Horn","Du-Vu Doll","Bronze Scales","Singing Bowl","Bird Faced Urn"],"card_choices":[{"not_picked":["Anger","Thunderclap"],"picked":"Seeing Red"},{"not_picked":["Armaments","Uppercut"],"picked":"Corruption"},{"not_picked":["Limit Break","Berserk"],"picked":"Offering"},{"not_picked":["Heavy Blade","Whirlwind"],"picked":"Dropkick"},{"not_picked":["Sever Soul","Cleave"],"picked":"Warcry"},{"not_picked":["Berserk","Twin Strike"],"picked":"Rupture"},{"not_picked":["Cleave","Metallicize"],"picked":"Disarm"},{"not_picked":["Fire Breathing","Corruption"],"picked":"Battle Trance"},{"not_picked":["Power Through","Reckless Charge"],"picked":"Burning Pact"},{"not_picked":["Clash","Sever Soul"],"picked":"Infernal Blade"}],"player_experience":231779,"potions_floor_usage":[50],"damage_taken":[{"damage":5,"enemies":"Cultist","floor":1,"turns":5},{"damage":0,"enemies":"Small Slimes","floor":2,"turns":3},{"damage":4,"enemies":"Blue Slaver","floor":4,"turns":5},{"damage":4,"enemies":"Looter","floor":7,"turns":3},{"damage":34,"enemies":"Lagavulin","floor":12,"turns":7},{"damage":5,"enemies":"Red Slaver","floor":14,"turns":3},{"damage":29,"enemies":"Hexaghost","floor":16,"turns":5},{"damage":12,"enemies":"3 Byrds","floor":18,"turns":4},{"damage":4,"enemies":"Shell Parasite","floor":24,"turns":2},{"damage":7,"enemies":"Book of Stabbing","floor":27,"turns":3},{"damage":7,"enemies":"Centurion and Healer","floor":28,"turns":1},{"damage":4,"enemies":"Slavers","floor":30,"turns":1},{"damage":75,"enemies":"Automaton","floor":33,"turns":7},{"damage":12,"enemies":"3 Darklings","floor":35,"turns":2},{"damage":0,"enemies":"Orb Walker","floor":37,"turns":2},{"damage":16,"enemies":"Sphere and 2 Shapes","floor":38,"turns":4},{"damage":6,"enemies":"4 Shapes","floor":41,"turns":4},{"damage":4,"enemies":"3 Darklings","floor":46,"turns":1},{"damage":16,"enemies":"Maw","floor":47,"turns":5},{"damage":94,"enemies":"Time Eater","floor":50,"turns":9}],"event_choices":[{"event_name":"Shining Light","player_choice":"Entered Light","floor":3,"damage_taken":0},{"event_name":"Match and Keep!","player_choice":"1 cards matched","floor":5,"damage_taken":0},{"event_name":"Wheel of Change","player_choice":"Full Heal","floor":10,"damage_taken":0},{"event_name":"Wheel of Change","player_choice":"Card Removal","floor":20,"damage_taken":0},{"event_name":"The Mausoleum","player_choice":"Yes","floor":22,"damage_taken":0},{"event_name":"Beggar","player_choice":"Gave Gold","floor":29,"damage_taken":0},{"event_name":"Purifier","player_choice":"One Purge","floor":31,"damage_taken":0},{"event_name":"Tomb of Lord Red Mask","player_choice":"Ignored","floor":36,"damage_taken":0},{"event_name":"Duplicator","player_choice":"One dupe","floor":45,"damage_taken":0}],"boss_relics":[{"not_picked":["Philosopher\u0027s Stone","Orrery"],"picked":"Cursed Key"},{"not_picked":["Eternal Feather","Runic Dome"],"picked":"Black Blood"}],"potions_floor_spawned":[1,14,16,18,28,37,47],"seed_played":"5883893249039956855","ascension_level":0,"is_trial":false}