{"path_per_floor":["M","M","?","M","M","E","R","E","T","$","R","M","?","E","R","B",null,"M","M","?","$","M","M","M","R","T","M","?","E","R","M","R"],"character_chosen":"IRONCLAD","items_purchased":["Iron Wave","Dramatic Entrance","Double Tap"],"gold_per_floor":[115,134,134,150,163,196,196,231,231,109,109,128,104,129,129,228,228,243,259,259,90,101,113,127,127,127,140,140,172,172,182,182],"floor_reached":33,"campfire_rested":5,"playtime":3768,"current_hp_per_floor":[80,80,80,80,77,31,55,31,31,31,55,53,53,49,73,60,80,83,84,84,84,60,54,49,74,74,83,83,50,77,82,82],"items_purged":["Decay"],"gold":182,"play_id":"e3146d31-74fd-44a2-a69b-73a39a7d0028","is_prod":false,"is_daily":false,"is_ascension_mode":false,"campfire_upgraded":1,"path_taken":["M","M","?","M","M","E","R","E","T","?","R","M","?","E","R","BOSS","M","M","?","$","M","M","M","R","T","M","?","E","R","M","R","BOSS"],"build_version":"2018-02-01-PROD1","purchased_purges":1,"victory":false,"master_deck":["Strike_R","Strike_R","Strike_R","Strike_R","Strike_R","Defend_R","Defend_R","Defend_R","Bash","Armaments","Infernal Blade","Iron Wave","Blood for Blood","Pummel","Anger","Shockwave","Iron Wave","Iron Wave","Clash","Feed","Searing Blow","Clash+1","Dramatic Entrance","Double Tap+1","Uppercut","Blood for Blood+1","Perfected Strike+1","Clash+1","Headbutt","Clothesline"],"max_hp_per_floor":[80,80,80,80,80,80,80,80,80,80,80,80,80,80,80,80,80,83,86,86,86,86,86,86,86,86,89,89,92,92,92,92],"relics":["Burning Blood","Oddly Smooth Stone","Happy Flower","Bronze Scales","Torii","Sundial","Runic Dome","Ice Cream","Mercury Hourglass"],"card_choices":[{"not_picked":["Power Through","Battle Trance"],"picked":"Armaments"},{"not_picked":["Armaments","True Grit"],"picked":"Infernal Blade"},{"not_picked":["True Grit","Whirlwind"],"picked":"Blood for Blood"},{"not_picked":["True Grit","Combust"],"picked":"Pummel"},{"not_picked":["Burning Pact","Fire Breathing"],"picked":"Anger"},{"not_picked":["Warcry","Spot Weakness"],"picked":"Shockwave"},{"not_picked":["Twin Strike","Barricade"],"picked":"Iron Wave"},{"not_picked":["Iron Wave","Battle Trance"],"picked":"Clash"},{"not_picked":["Fiend Fire","Dark Embrace"],"picked":"Feed"},{"not_picked":["Warcry","Perfected Strike"],"picked":"Searing Blow"},{"not_picked":["Pommel Strike","Twin Strike"],"picked":"Clash"},{"not_picked":["Reckless Charge","Burning Pact"],"picked":"Uppercut"},{"not_picked":["Fire Breathing","Power Through"],"picked":"Blood for Blood"},{"not_picked":["Body Slam","Clothesline"],"picked":"Perfected Strike"},{"not_picked":["Armaments","Iron Wave"],"picked":"Clash"},{"not_picked":["Sever Soul","Twin Strike"],"picked":"Headbutt"},{"not_picked":["Corruption","Flex"],"picked":"Clothesline"}],"player_experience":9677,"potions_floor_usage":[],"damage_taken":[{"damage":6,"enemies":"Cultist","floor":1,"turns":5},{"damage":1,"enemies":"Blue Slaver","floor":2,"turns":5},{"damage":0,"enemies":"Small Slimes","floor":4,"turns":3},{"damage":9,"enemies":"2 Fungi Beasts","floor":5,"turns":4},{"damage":52,"enemies":"Lagavulin","floor":6,"turns":8},{"damage":30,"enemies":"3 Sentries","floor":8,"turns":7},{"damage":8,"enemies":"Exordium Wildlife","floor":12,"turns":4},{"damage":10,"enemies":"Gremlin Nob","floor":14,"turns":5},{"damage":19,"enemies":"The Guardian","floor":16,"turns":9},{"damage":0,"enemies":"Spheric Guardian","floor":18,"turns":3},{"damage":8,"enemies":"Chosen","floor":19,"turns":5},{"damage":30,"enemies":"Snake Plant","floor":22,"turns":3},{"damage":12,"enemies":"Snecko","floor":23,"turns":5},{"damage":11,"enemies":"Sentry and Sphere","floor":24,"turns":4},{"damage":0,"enemies":"Chosen and Byrds","floor":27,"turns":4},{"damage":42,"enemies":"Gremlin Leader","floor":29,"turns":6},{"damage":1,"enemies":"Cultist and Chosen","floor":31,"turns":4},{"damage":82,"enemies":"Automaton","floor":33,"turns":6}],"event_choices":[{"event_name":"Match and Keep!","player_choice":"2 cards matched","floor":3,"damage_taken":0},{"event_name":"World of Goop","player_choice":"Left","floor":13,"damage_taken":0},{"event_name":"Bonfire Elementals","player_choice":"BASIC","floor":20,"damage_taken":0},{"event_name":"Drug Dealer","player_choice":"Ignored","floor":28,"damage_taken":0}],"boss_relics":[{"not_picked":["Snecko Eye","Orrery"],"picked":"Runic Dome"}],"potions_floor_spawned":[4,5,6,16,22,23,24],"seed_played":"-8813312578487840440","killed_by":"Automaton","ascension_level":0,"is_trial":false}