{"path_per_floor":["M","?","?","M","?","R","M","R","T","M","M","M","R","M","R","B",null,"M","T"],"character_chosen":"IRONCLAD","items_purchased":[],"gold_per_floor":[114,114,114,125,125,125,144,144,144,157,168,178,178,198,198,302,302,320,320],"floor_reached":20,"campfire_rested":0,"playtime":1051,"current_hp_per_floor":[80,73,73,73,73,73,79,79,79,80,80,80,80,68,68,33,80,24,24],"items_purged":[],"gold":320,"play_id":"3e8cef98-2d97-4498-b8b8-462d7556e822","is_prod":false,"is_daily":false,"is_ascension_mode":false,"campfire_upgraded":4,"path_taken":["M","?","?","M","?","R","M","R","T","M","M","M","R","?","R","BOSS","M","?","M"],"build_version":"2018-02-01-PROD3","purchased_purges":0,"victory":false,"master_deck":["Strike_R","Strike_R","Strike_R","Strike_R","Defend_R","Defend_R","Defend_R","Defend_R","Bash","Flame Barrier","Searing Blow+4","Thunderclap+1","Armaments","Shrug It Off","Flex","Headbutt+1","True Grit"],"max_hp_per_floor":[80,80,80,80,80,80,80,80,80,80,80,80,80,80,80,80,80,80,80],"relics":["Burning Blood","Molten Egg 2","Calipers","Philosopher\u0027s Stone","Shovel"],"card_choices":[{"not_picked":["Shockwave","Hemokinesis"],"picked":"Flame Barrier"},{"not_picked":["Fiend Fire","Seeing Red"],"picked":"Searing Blow"},{"not_picked":["Shrug It Off","Entrench"],"picked":"Thunderclap"},{"not_picked":["Searing Blow","Wild Strike"],"picked":"Armaments"},{"not_picked":["Metallicize","True Grit"],"picked":"Shrug It Off"},{"not_picked":["Havoc","Clash"],"picked":"Flex"},{"not_picked":["Heavy Blade","Power Through"],"picked":"Headbutt"},{"not_picked":["Pommel Strike","Blood for Blood"],"picked":"True Grit"}],"player_experience":238541,"potions_floor_usage":[],"damage_taken":[{"damage":4,"enemies":"Blue Slaver","floor":1,"turns":5},{"damage":6,"enemies":"Jaw Worm","floor":4,"turns":3},{"damage":0,"enemies":"Small Slimes","floor":7,"turns":3},{"damage":3,"enemies":"Exordium Thugs","floor":10,"turns":4},{"damage":6,"enemies":"Red Slaver","floor":11,"turns":6},{"damage":5,"enemies":"Looter","floor":12,"turns":4},{"damage":18,"enemies":"Exordium Thugs","floor":14,"turns":4},{"damage":41,"enemies":"The Guardian","floor":16,"turns":7},{"damage":62,"enemies":"2 Thieves","floor":18,"turns":4},{"damage":27,"enemies":"3 Byrds","floor":20,"turns":2}],"event_choices":[{"event_name":"Golden Wing","player_choice":"Card Removal","floor":2,"damage_taken":0},{"event_name":"Wheel of Change","player_choice":"Relic","floor":3,"damage_taken":0},{"event_name":"Match and Keep!","player_choice":"0 cards matched","floor":5,"damage_taken":0}],"boss_relics":[{"not_picked":["Runic Pyramid","Eternal Feather"],"picked":"Philosopher\u0027s Stone"}],"potions_floor_spawned":[1,4,12,14,18],"seed_played":"-7473982320303166412","killed_by":"3 Byrds","ascension_level":0,"is_trial":false}