{"path_per_floor":["M","$","?","M","M","M","E","$","T","$","R","M","M","M","R","B",null,"M","$","M"],"character_chosen":"IRONCLAD","items_purchased":["Flex","Flex","Feel No Pain","Flex"],"gold_per_floor":[116,64,64,84,98,114,144,16,90,6,6,19,33,48,48,152,152,171,71,87],"floor_reached":21,"campfire_rested":1,"playtime":1569,"current_hp_per_floor":[77,77,61,56,60,55,34,34,34,34,58,64,70,71,71,10,80,52,52,39],"items_purged":["Strike_R","Strike_R"],"gold":87,"play_id":"9e593b11-8f1a-4faf-8b3a-19a149b06d34","is_prod":false,"is_daily":false,"is_ascension_mode":false,"campfire_upgraded":1,"path_taken":["M","$","?","M","M","M","E","?","T","?","R","M","M","M","R","BOSS","M","?","M","M"],"build_version":"2018-02-01-PROD3","purchased_purges":2,"victory":false,"master_deck":["Strike_R","Strike_R","Strike_R+1","Defend_R","Defend_R","Defend_R+1","Defend_R","Bash","Immolate","Heavy Blade","Flex","Heavy Blade","Clash","Flex","Feel No Pain","Flex","Inflame","Body Slam+1","Limit Break","Inflame","Burning Pact","Metallicize","Warcry","Iron Wave"],"max_hp_per_floor":[80,80,80,80,80,80,80,80,80,80,80,80,80,80,80,80,80,80,80,80],"relics":["Burning Blood","Toolbox","Matryoshka","Orrery"],"card_choices":[{"not_picked":["Wild Strike","Pommel Strike"],"picked":"Heavy Blade"},{"not_picked":["Sword Boomerang","Feel No Pain"],"picked":"Heavy Blade"},{"not_picked":["Headbutt","Warcry"],"picked":"Clash"},{"not_picked":["Thunderclap","Rage"],"picked":"Inflame"},{"not_picked":["Wild Strike","Thunderclap"],"picked":"Body Slam"},{"not_picked":["Juggernaut","Demon Form"],"picked":"Limit Break"},{"not_picked":["Havoc","Dropkick"],"picked":"Inflame"},{"not_picked":["Body Slam","Pommel Strike"],"picked":"Burning Pact"},{"not_picked":["Havoc","Warcry"],"picked":"Metallicize"},{"not_picked":["Wild Strike","Feel No Pain"],"picked":"Warcry"},{"not_picked":["Shrug It Off","Wild Strike"],"picked":"Iron Wave"}],"player_experience":40204,"potions_floor_usage":[12,14,16],"damage_taken":[{"damage":9,"enemies":"2 Louse","floor":1,"turns":3},{"damage":11,"enemies":"Jaw Worm","floor":4,"turns":2},{"damage":2,"enemies":"Cultist","floor":5,"turns":4},{"damage":11,"enemies":"Exordium Wildlife","floor":6,"turns":5},{"damage":27,"enemies":"3 Sentries","floor":7,"turns":7},{"damage":0,"enemies":"Lots of Slimes","floor":12,"turns":3},{"damage":0,"enemies":"3 Louse","floor":13,"turns":3},{"damage":5,"enemies":"Looter","floor":14,"turns":3},{"damage":71,"enemies":"The Guardian","floor":16,"turns":9},{"damage":34,"enemies":"Chosen","floor":18,"turns":7},{"damage":19,"enemies":"3 Byrds","floor":20,"turns":6},{"damage":46,"enemies":"Snecko","floor":21,"turns":6}],"event_choices":[{"event_name":"Shining Light","player_choice":"Entered Light","floor":3,"damage_taken":0}],"boss_relics":[{"not_picked":["Lizard Tail","Cursed Key"],"picked":"Orrery"}],"potions_floor_spawned":[4,5,7,18],"seed_played":"-1785312016687714722","killed_by":"Snecko","ascension_level":0,"is_trial":false}