{"path_per_floor":["M","$","?","?","M","R","E","M","T","M","T","$","M","M","R","B",null,"M","?","M","?","M","R","E","R","T","$","R","M","M","M","R","B",null,"M","T","M","T","$","R","M","R","T","R","T","$","E","M","R"],"character_chosen":"IRONCLAD","items_purchased":["Whirlwind","Metallicize","Art of War","Clothesline","Pummel","Pen Nib"],"gold_per_floor":[115,35,35,110,129,129,185,202,254,267,267,40,56,76,76,176,176,190,105,115,115,128,128,157,157,157,45,45,65,83,100,100,205,205,224,247,260,260,5,5,23,23,47,47,47,47,80,92,92],"floor_reached":50,"campfire_rested":6,"playtime":2350,"current_hp_per_floor":[80,80,80,69,75,75,80,76,76,80,80,80,80,80,80,68,80,80,80,71,71,49,73,27,51,51,51,75,60,47,42,66,22,80,78,78,68,68,68,68,53,77,77,77,77,77,58,32,56],"items_purged":["Clumsy","Doubt"],"gold":92,"play_id":"8fd20f98-dde4-404f-83dc-c6e9ad7196d0","is_prod":false,"is_daily":false,"is_ascension_mode":false,"campfire_upgraded":1,"path_taken":["M","$","?","?","?","R","E","M","T","M","?","$","?","M","R","BOSS","M","?","M","?","M","R","E","R","T","?","R","M","?","?","R","BOSS","M","?","M","?","$","R","M","R","T","R","?","?","E","M","R","BOSS"],"build_version":"2018-02-01-PROD3","purchased_purges":2,"victory":false,"master_deck":["Strike_R","Strike_R","Strike_R","Strike_R","Strike_R","Defend_R","Defend_R","Defend_R","Defend_R","Bash","Armaments","Whirlwind+1","Blood for Blood","Burning Pact","Metallicize","Blood for Blood","Metallicize","Clothesline","Battle Trance","Dropkick","Demon Form","Sword Boomerang","Anger","Madness","Demon Form","Inflame","Rampage+1","Pummel","Armaments","Heavy Blade","Headbutt","Limit Break","Heavy Blade+1","Whirlwind+1","True Grit+1","Regret","Parasite","Hemokinesis+1"],"max_hp_per_floor":[80,80,80,80,80,80,80,80,80,80,80,80,80,80,80,80,80,80,80,80,80,80,80,80,80,80,80,80,80,80,80,80,80,80,80,80,80,80,80,80,80,80,80,80,80,80,80,82,82],"relics":["Burning Blood","NeowsBlessing","Peace Pipe","Tiny Chest","Anchor","Torii","Art of War","Cursed Key","Bag of Marbles","Vajra","Shovel","Sozu","Bronze Scales","Orichalcum","Pen Nib","Singing Bowl","Frozen Egg 2","Magic Flower","Blood Vial"],"card_choices":[{"not_picked":["Clash","Clothesline"],"picked":"Armaments"},{"not_picked":["Clothesline","Dual Wield"],"picked":"Blood for Blood"},{"not_picked":["Twin Strike","Perfected Strike"],"picked":"Burning Pact"},{"not_picked":["Disarm","Searing Blow"],"picked":"Metallicize"},{"not_picked":["Clash","Disarm"],"picked":"Blood for Blood"},{"not_picked":["Clash","Searing Blow"],"picked":"Battle Trance"},{"not_picked":["Rage","Disarm"],"picked":"Dropkick"},{"not_picked":["Immolate","Bludgeon"],"picked":"Demon Form"},{"not_picked":["Corruption","Havoc"],"picked":"Sword Boomerang"},{"not_picked":["Clash","Warcry"],"picked":"Anger"},{"not_picked":["Body Slam","Havoc"],"picked":"Inflame"},{"not_picked":["Reckless Charge","True Grit"],"picked":"Rampage"},{"not_picked":["Clash","Dark Embrace"],"picked":"Armaments"},{"not_picked":["Uppercut","Cleave"],"picked":"Heavy Blade"},{"not_picked":["Sword Boomerang","Twin Strike"],"picked":"Headbutt"},{"not_picked":["Immolate","Dark Embrace"],"picked":"Limit Break"},{"not_picked":["Blood for Blood","Infernal Blade"],"picked":"Heavy Blade"},{"not_picked":["Wild Strike","Corruption"],"picked":"Whirlwind"},{"not_picked":["Perfected Strike","Iron Wave"],"picked":"True Grit"},{"not_picked":["Rage","Sever Soul"],"picked":"Hemokinesis"}],"player_experience":103899,"potions_floor_usage":[33],"damage_taken":[{"damage":0,"enemies":"Cultist","floor":1,"turns":1},{"damage":0,"enemies":"Small Slimes","floor":5,"turns":1},{"damage":0,"enemies":"Gremlin Nob","floor":7,"turns":1},{"damage":10,"enemies":"Jaw Worm","floor":8,"turns":5},{"damage":0,"enemies":"2 Fungi Beasts","floor":10,"turns":5},{"damage":3,"enemies":"Exordium Wildlife","floor":13,"turns":6},{"damage":1,"enemies":"Lots of Slimes","floor":14,"turns":3},{"damage":18,"enemies":"Slime Boss","floor":16,"turns":11},{"damage":0,"enemies":"3 Byrds","floor":18,"turns":4},{"damage":15,"enemies":"Chosen","floor":20,"turns":5},{"damage":28,"enemies":"Sentry and Sphere","floor":22,"turns":6},{"damage":52,"enemies":"Gremlin Leader","floor":24,"turns":7},{"damage":21,"enemies":"Snake Plant","floor":29,"turns":4},{"damage":19,"enemies":"Centurion and Healer","floor":30,"turns":3},{"damage":11,"enemies":"Sentry and Sphere","floor":31,"turns":4},{"damage":65,"enemies":"Automaton","floor":33,"turns":7},{"damage":8,"enemies":"Orb Walker","floor":35,"turns":3},{"damage":16,"enemies":"3 Darklings","floor":37,"turns":4},{"damage":21,"enemies":"Maw","floor":41,"turns":7},{"damage":28,"enemies":"2 Orb Walkers","floor":47,"turns":3},{"damage":40,"enemies":"4 Shapes","floor":48,"turns":3},{"damage":64,"enemies":"Awakened One","floor":50,"turns":4}],"event_choices":[{"event_name":"Big Fish","player_choice":"Box","floor":3,"damage_taken":0},{"event_name":"World of Goop","player_choice":"Gather Gold","floor":4,"damage_taken":0},{"event_name":"Addict","player_choice":"Obtained Relic","floor":19,"damage_taken":0},{"event_name":"Match and Keep!","player_choice":"2 cards matched","floor":21,"damage_taken":0}],"boss_relics":[{"not_picked":["Calling Bell","Astrolabe"],"picked":"Cursed Key"},{"not_picked":["Tiny House","Black Star"],"picked":"Sozu"}],"potions_floor_spawned":[5,8,14,16,20,24,31,33,41,47,48],"seed_played":"-8379306327603113858","killed_by":"Awakened One","ascension_level":0,"is_trial":false}