{"path_per_floor":["M","?","M","M","$","R","M","?","T","R","$","?","R","M","R","B",null,"M","?","M","$","M","R","E","?","T","$","E","R","M","M","R"],"character_chosen":"IRONCLAD","items_purchased":["Orichalcum","Armaments","Shrug It Off","Reaper"],"gold_per_floor":[116,191,206,220,45,45,61,91,91,91,69,69,69,86,86,186,186,200,200,219,144,156,156,190,190,216,35,67,67,83,95,95],"floor_reached":33,"campfire_rested":2,"playtime":2454,"current_hp_per_floor":[83,72,78,79,79,79,84,84,84,84,84,77,77,77,77,40,89,77,61,67,67,64,64,41,41,41,41,17,46,43,39,69],"items_purged":["Strike_R","Regret"],"gold":95,"play_id":"78032e54-706e-490f-ac37-58806d0c66ce","is_prod":false,"is_daily":false,"is_ascension_mode":true,"campfire_upgraded":5,"path_taken":["M","?","M","M","$","R","M","?","T","R","?","?","R","M","R","BOSS","M","?","?","$","M","R","E","?","T","$","E","R","M","M","R","BOSS"],"build_version":"2018-01-25-PROD3","purchased_purges":2,"victory":false,"master_deck":["Strike_R","Strike_R","Strike_R+1","Defend_R","Defend_R","Defend_R","Bash+1","Feed","Whirlwind+1","Flex","True Grit+1","Armaments+1","Cleave+1","Shrug It Off","Infernal Blade","Fiend Fire+1","Deep Breath","Shrug It Off","Reaper"],"max_hp_per_floor":[83,83,83,86,86,86,86,86,86,86,86,86,86,89,89,89,89,89,89,89,89,89,89,89,89,89,89,99,99,99,103,103],"relics":["Burning Blood","Orichalcum","Torii","Cursed Key","Pantograph","Whetstone","Pear"],"card_choices":[{"not_picked":["Flex","Metallicize"],"picked":"Whirlwind"},{"not_picked":["Anger","Clothesline"],"picked":"Flex"},{"not_picked":["Warcry","Iron Wave"],"picked":"True Grit"},{"not_picked":["Reckless Charge","Havoc"],"picked":"Cleave"},{"not_picked":["Clash","Warcry"],"picked":"Infernal Blade"},{"not_picked":["Immolate","Juggernaut"],"picked":"Fiend Fire"},{"not_picked":["Sword Boomerang","Anger"],"picked":"Shrug It Off"}],"player_experience":180091,"potions_floor_usage":[20,28],"damage_taken":[{"damage":1,"enemies":"Cultist","floor":1,"turns":3},{"damage":0,"enemies":"2 Louse","floor":3,"turns":1},{"damage":8,"enemies":"Jaw Worm","floor":4,"turns":4},{"damage":1,"enemies":"2 Fungi Beasts","floor":7,"turns":4},{"damage":9,"enemies":"3 Louse","floor":14,"turns":3},{"damage":43,"enemies":"Hexaghost","floor":16,"turns":11},{"damage":18,"enemies":"Shell Parasite","floor":18,"turns":6},{"damage":0,"enemies":"Spheric Guardian","floor":20,"turns":3},{"damage":9,"enemies":"Snake Plant","floor":22,"turns":3},{"damage":29,"enemies":"Slavers","floor":24,"turns":6},{"damage":62,"enemies":"Book of Stabbing","floor":28,"turns":7},{"damage":9,"enemies":"Snecko","floor":30,"turns":4},{"damage":22,"enemies":"3 Cultists","floor":31,"turns":5},{"damage":104,"enemies":"Champ","floor":33,"turns":16}],"event_choices":[{"event_name":"World of Goop","player_choice":"Gather Gold","floor":2,"damage_taken":0},{"event_name":"Dead Adventurer","player_choice":"Searched \u00271\u0027 times","floor":8,"damage_taken":0},{"event_name":"Golden Wing","player_choice":"Card Removal","floor":12,"damage_taken":0},{"event_name":"Knowing Skull","player_choice":"CARD ","floor":19,"damage_taken":0},{"event_name":"Back to Basics","player_choice":"Elegance","floor":25,"damage_taken":0}],"boss_relics":[{"not_picked":["Snecko Eye","Philosopher\u0027s Stone"],"picked":"Cursed Key"}],"potions_floor_spawned":[4,24],"seed_played":"9049098123713298501","killed_by":"Champ","ascension_level":3,"is_trial":false}