{"path_per_floor":["M","?","M","M","M","E","R","?","T","M","?","M","M","?","R","B",null,"M","M","?","M","$","R","T","?","T","$","?","R","M","M","R","B",null,"M","M","?","?","M"],"character_chosen":"IRONCLAD","items_purchased":["Bottled Lightning","Meat on the Bone"],"gold_per_floor":[113,288,301,315,326,353,353,353,353,365,365,379,393,468,468,573,573,586,601,601,616,47,47,72,72,96,96,96,96,112,125,125,221,221,233,246,246,246,256],"floor_reached":40,"campfire_rested":5,"playtime":3905,"current_hp_per_floor":[77,77,61,67,69,26,50,50,50,56,49,54,60,49,73,56,80,28,34,34,7,7,31,31,31,31,31,31,55,51,51,75,77,80,42,51,41,41,57],"items_purged":["Doubt"],"gold":256,"play_id":"f5010cd4-0731-4a3b-a7ba-2867ef9c9253","is_prod":false,"is_daily":false,"is_ascension_mode":false,"campfire_upgraded":0,"path_taken":["M","?","M","M","M","E","R","?","T","M","?","M","M","?","R","BOSS","M","M","?","M","$","R","?","?","T","$","?","R","M","M","R","BOSS","M","M","?","?","M","E"],"build_version":"2018-01-25-PROD3","purchased_purges":1,"victory":false,"master_deck":["Strike_R","Strike_R","Strike_R","Strike_R","Strike_R","Defend_R","Defend_R","Defend_R","Defend_R","Bash","Infernal Blade","Armaments","Iron Wave","Thunderclap","Iron Wave","Barricade+1","Headbutt","Clash","Battle Trance","Offering","Infernal Blade+1","Pummel+1","Body Slam+1","Clothesline+1","Reaper","Shrug It Off+1","Infernal Blade","Madness","Madness","Rage+1"],"max_hp_per_floor":[80,80,80,80,80,80,80,80,80,80,80,80,80,80,80,80,80,80,80,80,80,80,80,80,80,80,80,80,80,80,80,80,80,80,80,80,80,80,80],"relics":["Black Blood","Lantern","Juzu Bracelet","Frozen Egg","Anchor","Mark of Pain","Bottled Lightning","Meat on the Bone","Oddly Smooth Stone","Vajra"],"card_choices":[{"not_picked":["Cleave","Sever Soul"],"picked":"Infernal Blade"},{"not_picked":["Anger","Flex"],"picked":"Armaments"},{"not_picked":["Armaments","Clash"],"picked":"Iron Wave"},{"not_picked":["Shrug It Off","Clothesline"],"picked":"Thunderclap"},{"not_picked":["Uppercut","Infernal Blade"],"picked":"Iron Wave"},{"not_picked":["Twin Strike","Bloodletting"],"picked":"Headbutt"},{"not_picked":["Shrug It Off","Warcry"],"picked":"Clash"},{"not_picked":["Clothesline","Demon Form"],"picked":"Battle Trance"},{"not_picked":["Barricade","Demon Form"],"picked":"Offering"},{"not_picked":["Sever Soul","Headbutt"],"picked":"Infernal Blade"},{"not_picked":["True Grit","Perfected Strike"],"picked":"Pummel"},{"not_picked":["Iron Wave","Headbutt"],"picked":"Body Slam"},{"not_picked":["Body Slam","Disarm"],"picked":"Clothesline"},{"not_picked":["Dark Embrace","Feed"],"picked":"Reaper"},{"not_picked":["Flex","Sever Soul"],"picked":"Shrug It Off"},{"not_picked":["Rupture","Shockwave"],"picked":"Infernal Blade"},{"not_picked":["Flame Barrier","Clash"],"picked":"Rage"}],"player_experience":51072,"potions_floor_usage":[16,18,21,33,33,33,35,39,40],"damage_taken":[{"damage":9,"enemies":"Jaw Worm","floor":1,"turns":4},{"damage":22,"enemies":"Small Slimes","floor":3,"turns":5},{"damage":0,"enemies":"Cultist","floor":4,"turns":3},{"damage":4,"enemies":"Exordium Wildlife","floor":5,"turns":3},{"damage":49,"enemies":"3 Sentries","floor":6,"turns":7},{"damage":0,"enemies":"Large Slime","floor":10,"turns":7},{"damage":1,"enemies":"3 Louse","floor":12,"turns":4},{"damage":0,"enemies":"Looter","floor":13,"turns":4},{"damage":23,"enemies":"The Guardian","floor":16,"turns":14},{"damage":58,"enemies":"Spheric Guardian","floor":18,"turns":8},{"damage":0,"enemies":"Shell Parasite","floor":19,"turns":2},{"damage":33,"enemies":"Snake Plant","floor":21,"turns":4},{"damage":22,"enemies":"Centurion and Healer","floor":30,"turns":5},{"damage":18,"enemies":"Snecko","floor":31,"turns":4},{"damage":4,"enemies":"Champ","floor":33,"turns":11},{"damage":70,"enemies":"3 Darklings","floor":35,"turns":8},{"damage":13,"enemies":"Orb Walker","floor":36,"turns":3},{"damage":8,"enemies":"4 Shapes","floor":39,"turns":7},{"damage":73,"enemies":"2 Orb Walkers","floor":40,"turns":7}],"event_choices":[{"event_name":"Liars Game","player_choice":"agreed","floor":2,"damage_taken":0},{"event_name":"Match and Keep!","player_choice":"1 cards matched","floor":8,"damage_taken":0},{"event_name":"Scrap Ooze","player_choice":"success","floor":11,"damage_taken":7},{"event_name":"World of Goop","player_choice":"Gather Gold","floor":14,"damage_taken":0},{"event_name":"Vampires","player_choice":"Ignored","floor":20,"damage_taken":0},{"event_name":"Drug Dealer","player_choice":"Ignored","floor":25,"damage_taken":0},{"event_name":"The Lab","player_choice":"Got Potions","floor":28,"damage_taken":0},{"event_name":"Winding Halls","player_choice":"Embrace Madness","floor":37,"damage_taken":0},{"event_name":"Mysterious Sphere","player_choice":"Ignore","floor":38,"damage_taken":0}],"boss_relics":[{"not_picked":["Lizard Tail","Runic Pyramid"],"picked":"Mark of Pain"},{"not_picked":["Orrery","Tiny House"],"picked":"Black Blood"}],"potions_floor_spawned":[1,4,5,10,16,21,31,33,35,36],"seed_played":"-2505518549939156009","killed_by":"2 Orb Walkers","ascension_level":0,"is_trial":false}