{"path_per_floor":["M","?","?","?","M","R","E","R","T","M","E","M","R","?","R","B",null,"M","$","M","M","?","R","E","R","T","M","M","R","M","M","R","B",null,"M","M","$","?","M","R","M","R","T","?","?","M","R","M","R","B"],"character_chosen":"IRONCLAD","items_purchased":["Oddly Smooth Stone","Feel No Pain","Evolve","Power Through"],"gold_per_floor":[117,192,192,142,160,160,195,195,195,208,270,290,290,290,290,394,394,404,103,68,85,0,0,30,30,56,71,87,87,99,116,116,216,216,232,247,86,86,105,105,121,121,121,121,121,134,134,149,149,149],"floor_reached":51,"campfire_rested":3,"playtime":6210,"current_hp_per_floor":[79,68,68,68,66,66,37,61,61,67,58,55,55,55,55,39,80,77,77,80,80,80,80,54,54,54,31,28,67,73,69,69,60,80,80,79,79,79,80,80,61,61,61,61,51,53,53,55,80,80],"items_purged":["Strike_R"],"gold":149,"play_id":"765019bc-45eb-414d-9650-5b0466508b79","is_prod":false,"is_daily":false,"is_ascension_mode":true,"campfire_upgraded":9,"path_taken":["M","?","?","?","M","R","E","R","T","M","E","M","R","?","R","BOSS","M","$","M","M","?","R","E","R","T","M","M","R","M","?","R","BOSS","M","M","$","?","M","R","M","R","T","?","?","M","R","?","R","BOSS"],"build_version":"2018-01-25-PROD3","purchased_purges":1,"victory":true,"master_deck":["Strike_R","Strike_R","Strike_R","Defend_R","Defend_R","Defend_R","Bash+1","Demon Form+1","Whirlwind+1","Cleave","Power Through","Armaments+1","Shrug It Off+1","Immolate","Flame Barrier+1","Feel No Pain","Warcry+1","True Grit+1","Impervious","Flame Barrier","Warcry+1","Metallicize+1","Metallicize","Evolve+1","Power Through","Sentinel","Disarm+1","Madness","Madness+1","Pummel+1"],"max_hp_per_floor":[80,80,80,80,80,80,80,80,80,80,80,80,80,80,80,80,80,80,80,80,80,80,80,80,80,80,80,80,80,80,80,80,80,80,80,80,80,80,80,80,80,80,80,80,80,80,80,80,80,80],"relics":["Burning Blood","Paper Frog","Thread and Needle","Tiny Chest","Velvet Choker","Oddly Smooth Stone","Calipers","Bottled Tornado","Regal Pillow","Lizard Tail","Ornamental Fan"],"card_choices":[{"not_picked":["Flex","Body Slam"],"picked":"Whirlwind"},{"not_picked":["Body Slam","Intimidate"],"picked":"Cleave"},{"not_picked":["Perfected Strike","Reckless Charge"],"picked":"Power Through"},{"not_picked":["Thunderclap","Body Slam"],"picked":"Armaments"},{"not_picked":["Dropkick","Iron Wave"],"picked":"Shrug It Off"},{"not_picked":["Demon Form","Feed"],"picked":"Immolate"},{"not_picked":["Sentinel","Anger"],"picked":"Flame Barrier"},{"not_picked":["Cleave","Armaments"],"picked":"Warcry"},{"not_picked":["Seeing Red","Clash"],"picked":"True Grit"},{"not_picked":["Clash","Body Slam"],"picked":"Impervious"},{"not_picked":["Iron Wave","True Grit"],"picked":"Flame Barrier"},{"not_picked":["Sever Soul","Twin Strike"],"picked":"Warcry"},{"not_picked":["Rage","True Grit"],"picked":"Metallicize"},{"not_picked":["Wild Strike","Inflame"],"picked":"Metallicize"},{"not_picked":["Shrug It Off","Flex"],"picked":"Sentinel"},{"not_picked":["True Grit","Searing Blow"],"picked":"Disarm"},{"not_picked":["Perfected Strike","Anger"],"picked":"Pummel"}],"player_experience":182545,"potions_floor_usage":[16,21,50,50],"damage_taken":[{"damage":7,"enemies":"Small Slimes","floor":1,"turns":3},{"damage":8,"enemies":"Jaw Worm","floor":5,"turns":4},{"damage":35,"enemies":"3 Sentries","floor":7,"turns":3},{"damage":0,"enemies":"2 Louse","floor":10,"turns":1},{"damage":15,"enemies":"Gremlin Nob","floor":11,"turns":4},{"damage":9,"enemies":"Red Slaver","floor":12,"turns":3},{"damage":22,"enemies":"The Guardian","floor":16,"turns":10},{"damage":9,"enemies":"Shell Parasite","floor":18,"turns":4},{"damage":3,"enemies":"2 Thieves","floor":20,"turns":5},{"damage":2,"enemies":"Centurion and Healer","floor":21,"turns":4},{"damage":32,"enemies":"Gremlin Leader","floor":24,"turns":9},{"damage":29,"enemies":"Snake Plant","floor":27,"turns":5},{"damage":9,"enemies":"Slaver and Parasite","floor":28,"turns":7},{"damage":0,"enemies":"Sentry and Sphere","floor":30,"turns":6},{"damage":10,"enemies":"Snecko","floor":31,"turns":6},{"damage":15,"enemies":"Collector","floor":33,"turns":9},{"damage":5,"enemies":"Orb Walker","floor":35,"turns":4},{"damage":7,"enemies":"3 Darklings","floor":36,"turns":5},{"damage":0,"enemies":"Maw","floor":39,"turns":9},{"damage":25,"enemies":"4 Shapes","floor":41,"turns":7},{"damage":4,"enemies":"3 Darklings","floor":46,"turns":5},{"damage":4,"enemies":"Sphere and 2 Shapes","floor":48,"turns":7},{"damage":2,"enemies":"Time Eater","floor":50,"turns":10}],"event_choices":[{"event_name":"World of Goop","player_choice":"Gather Gold","floor":2,"damage_taken":0},{"event_name":"Match and Keep!","player_choice":"0 cards matched","floor":3,"damage_taken":0},{"event_name":"The Cleric","player_choice":"Card Removal","floor":4,"damage_taken":0},{"event_name":"Upgrade Shrine","player_choice":"Upgraded","floor":14,"damage_taken":0},{"event_name":"Addict","player_choice":"Obtained Relic","floor":22,"damage_taken":0},{"event_name":"Mysterious Sphere","player_choice":"Ignore","floor":44,"damage_taken":0},{"event_name":"Winding Halls","player_choice":"Embrace Madness","floor":45,"damage_taken":0}],"boss_relics":[{"not_picked":["Astrolabe","White Beast Statue"],"picked":"Velvet Choker"},{"not_picked":["Calling Bell","Tiny House"],"picked":"Lizard Tail"}],"potions_floor_spawned":[7,12,18,27,28,36,48],"seed_played":"5971681781955253956","ascension_level":3,"is_trial":false}