{"path_per_floor":["M","T","$","M","?","R","E","R","T","M","M","R","E","M","R","B",null,"M","$","?","?","?","R","E","R","T","T","$","E","R","M","R","B",null,"M","M","M","?","$","R","?","R","T","M","R","M","M","M","R","B"],"character_chosen":"IRONCLAD","items_purchased":["Flex","Shuriken","Warcry"],"gold_per_floor":[110,137,17,28,203,203,235,235,235,251,268,268,302,322,322,427,427,442,40,40,40,40,40,68,68,68,68,68,102,102,120,120,217,217,229,244,258,258,133,133,133,133,157,177,177,188,199,209,209,209],"floor_reached":51,"campfire_rested":2,"playtime":2972,"current_hp_per_floor":[80,80,80,78,78,78,71,71,71,76,41,41,34,30,57,48,90,90,90,90,90,75,75,41,41,41,41,41,34,34,42,42,16,95,95,98,98,98,98,98,98,98,98,87,87,71,68,77,77,12],"items_purged":["Strike_R","Strike_R","Defend_R"],"gold":209,"play_id":"2f66e1d0-a2c9-4248-ac46-78b0f19e732e","is_prod":false,"is_daily":false,"is_ascension_mode":true,"campfire_upgraded":7,"path_taken":["M","?","$","M","?","R","E","R","T","M","M","R","E","M","R","BOSS","M","$","?","?","?","R","E","R","T","?","$","E","R","?","R","BOSS","M","M","?","?","?","R","?","R","T","M","R","M","M","?","R","BOSS"],"build_version":"2018-02-01-PROD3","purchased_purges":3,"victory":true,"master_deck":["Defend_R","Bash","Rampage+1","Flex+1","Pommel Strike+1","Shrug It Off","Shrug It Off+1","Double Tap","Headbutt+1","Warcry","Warcry","Parasite","Limit Break+1","Impervious+1","Infernal Blade+1","Offering+1","Metallicize+1","Writhe","Pommel Strike","Warcry","Pommel Strike+1","Headbutt+1"],"max_hp_per_floor":[80,80,80,80,80,80,90,90,90,90,90,90,90,90,90,90,90,90,90,90,90,95,95,95,95,95,95,95,95,95,95,95,95,95,95,98,98,98,98,98,98,98,98,98,98,98,98,98,98,98],"relics":["Burning Blood","Omamori","Pear","Pen Nib","Matryoshka","Cursed Key","Shuriken","Girya","Bronze Scales","Blood Vial","Bag of Marbles","Anchor","Bird Faced Urn","Prayer Wheel","Astrolabe","Oddly Smooth Stone"],"card_choices":[{"not_picked":["Clothesline","Wild Strike"],"picked":"Pommel Strike"},{"not_picked":["Twin Strike","Uppercut"],"picked":"Shrug It Off"},{"not_picked":["Ghostly Armor","Second Wind"],"picked":"Shrug It Off"},{"not_picked":["Pommel Strike","Burning Pact"],"picked":"Double Tap"},{"not_picked":["Dark Embrace","Demon Form"],"picked":"Berserk"},{"not_picked":["Flex","Rampage"],"picked":"Headbutt"},{"not_picked":["Havoc","Intimidate"],"picked":"Warcry"},{"not_picked":["Dark Embrace","Impervious"],"picked":"Limit Break"},{"not_picked":["Perfected Strike","Hemokinesis"],"picked":"Metallicize"},{"not_picked":["Reckless Charge","Sword Boomerang"],"picked":"Pommel Strike"},{"not_picked":["Entrench","Headbutt"],"picked":"Warcry"},{"not_picked":["Hemokinesis","Clash"],"picked":"Pommel Strike"},{"not_picked":["Burning Pact","Intimidate"],"picked":"Headbutt"}],"player_experience":176246,"potions_floor_usage":[7,18,24,24,50,50],"damage_taken":[{"damage":6,"enemies":"Blue Slaver","floor":1,"turns":5},{"damage":8,"enemies":"Jaw Worm","floor":4,"turns":3},{"damage":23,"enemies":"Gremlin Nob","floor":7,"turns":4},{"damage":1,"enemies":"Cultist","floor":10,"turns":4},{"damage":41,"enemies":"Gremlin Gang","floor":11,"turns":6},{"damage":13,"enemies":"Lagavulin","floor":13,"turns":5},{"damage":10,"enemies":"3 Louse","floor":14,"turns":4},{"damage":15,"enemies":"The Guardian","floor":16,"turns":9},{"damage":2,"enemies":"Shell Parasite","floor":18,"turns":4},{"damage":40,"enemies":"Gremlin Leader","floor":24,"turns":7},{"damage":17,"enemies":"Slavers","floor":29,"turns":5},{"damage":0,"enemies":"Chosen","floor":31,"turns":2},{"damage":36,"enemies":"Automaton","floor":33,"turns":8},{"damage":5,"enemies":"3 Darklings","floor":35,"turns":3},{"damage":0,"enemies":"Orb Walker","floor":36,"turns":2},{"damage":4,"enemies":"Maw","floor":37,"turns":5},{"damage":19,"enemies":"4 Shapes","floor":44,"turns":7},{"damage":26,"enemies":"Sphere and 2 Shapes","floor":46,"turns":5},{"damage":13,"enemies":"3 Darklings","floor":47,"turns":4},{"damage":1,"enemies":"Maw","floor":48,"turns":5},{"damage":75,"enemies":"Time Eater","floor":50,"turns":9}],"event_choices":[{"event_name":"Liars Game","player_choice":"agreed","floor":5,"damage_taken":0},{"event_name":"Vampires","player_choice":"Ignored","floor":20,"damage_taken":0},{"event_name":"The Mausoleum","player_choice":"Yes","floor":21,"damage_taken":0},{"event_name":"Forgotten Altar","player_choice":"Shed Blood","floor":22,"damage_taken":0},{"event_name":"Purifier","player_choice":"One Purge","floor":41,"damage_taken":0}],"boss_relics":[{"not_picked":["Tiny House","Black Blood"],"picked":"Cursed Key"},{"not_picked":["Black Star","Velvet Choker"],"picked":"Astrolabe"}],"potions_floor_spawned":[1,11,14,16,31,33,36,44,47],"seed_played":"-1367048489645693239","ascension_level":1,"is_trial":false}