{"path_per_floor":["M","?","?","T","M","E","M","R","T","R","M","R","?","M","R","B",null,"M","?","?","M","?","R","M","E","T","?","$","M","$","M","R","B",null,"M","$","T","?","?","R","M","R","T","M","R","$","?","M","R","B"],"character_chosen":"IRONCLAD","items_purchased":["Red Skull","Power Through","Evolve","Orichalcum","Feed","Power Through"],"gold_per_floor":[115,115,115,141,158,188,204,204,275,275,293,293,353,365,365,467,467,477,477,477,493,493,493,507,540,620,620,198,218,29,45,45,149,149,168,7,7,7,57,57,76,76,99,113,113,13,0,20,20,20],"floor_reached":51,"campfire_rested":3,"playtime":3939,"current_hp_per_floor":[72,72,72,72,77,49,52,52,52,52,55,55,55,61,61,25,80,66,51,51,46,46,52,47,36,36,20,20,24,24,36,59,21,59,59,59,59,59,44,54,19,48,48,45,55,55,55,49,69,54],"items_purged":["Bite_R","Feed"],"gold":20,"play_id":"e0ffb9e6-64c6-4309-a7ba-bdf983fb8dbf","is_prod":false,"is_daily":false,"is_ascension_mode":true,"campfire_upgraded":7,"path_taken":["M","?","?","?","M","E","M","R","T","R","M","R","?","M","R","BOSS","M","?","?","M","?","R","?","E","T","?","$","M","$","M","R","BOSS","M","$","?","?","?","R","M","R","T","M","R","$","?","?","R","BOSS"],"build_version":"2018-01-25-PROD3","purchased_purges":2,"victory":true,"master_deck":["Defend_R","Defend_R","Defend_R","Bash+1","Armaments+1","Anger+1","Cleave+1","Spot Weakness","Limit Break+1","Berserk+1","Warcry+1","Bite_R","Bite_R","Bite_R","Second Wind","Flex","Whirlwind+1","Power Through+1","Flex","Evolve+1","Headbutt","Impervious","Wild Strike+1","Power Through+1","Pommel Strike+1","Shrug It Off+1","Pommel Strike"],"max_hp_per_floor":[80,80,80,80,80,80,80,80,80,80,80,80,80,80,80,80,80,80,85,59,59,59,59,59,59,59,59,59,59,59,59,59,59,59,59,59,59,59,65,65,65,65,65,69,69,69,69,69,69,69],"relics":["Burning Blood","Anchor","Vajra","Centennial Puzzle","Tiny Chest","Eternal Feather","Mercury Hourglass","Bottled Lightning","Nilry\u0027s Codex","Red Skull","Orichalcum","Mark of Pain","Omamori","Frozen Eye","Toxic Egg","Red Mask"],"card_choices":[{"not_picked":["Blood for Blood","Thunderclap"],"picked":"Armaments"},{"not_picked":["Havoc","Combust"],"picked":"Anger"},{"not_picked":["Clothesline","Iron Wave"],"picked":"Cleave"},{"not_picked":["Corruption","Uppercut"],"picked":"Spot Weakness"},{"not_picked":["Armaments","Twin Strike"],"picked":"Limit Break"},{"not_picked":["Feed","Immolate"],"picked":"Berserk"},{"not_picked":["Wild Strike","Havoc"],"picked":"Warcry"},{"not_picked":["Heavy Blade","Havoc"],"picked":"Flex"},{"not_picked":["Blood for Blood","Havoc"],"picked":"Whirlwind"},{"not_picked":["Juggernaut","Iron Wave"],"picked":"Flex"},{"not_picked":["Perfected Strike","Hemokinesis"],"picked":"Headbutt"},{"not_picked":["Exhume","Bludgeon"],"picked":"Impervious"},{"not_picked":["Sword Boomerang","Cleave"],"picked":"Wild Strike"},{"not_picked":["Intimidate","Flex"],"picked":"Pommel Strike"},{"not_picked":["Cleave","Rampage"],"picked":"Shrug It Off"},{"not_picked":["Brutality","Dropkick"],"picked":"Pommel Strike"}],"player_experience":166647,"potions_floor_usage":[6,16,18,31,33,35,50,50,50],"damage_taken":[{"damage":14,"enemies":"Blue Slaver","floor":1,"turns":3},{"damage":1,"enemies":"Jaw Worm","floor":5,"turns":3},{"damage":34,"enemies":"3 Sentries","floor":6,"turns":7},{"damage":3,"enemies":"Small Slimes","floor":7,"turns":4},{"damage":3,"enemies":"2 Fungi Beasts","floor":11,"turns":3},{"damage":0,"enemies":"Looter","floor":14,"turns":2},{"damage":42,"enemies":"Hexaghost","floor":16,"turns":5},{"damage":20,"enemies":"2 Thieves","floor":18,"turns":4},{"damage":25,"enemies":"Shell Parasite","floor":21,"turns":5},{"damage":17,"enemies":"Snake Plant","floor":24,"turns":3},{"damage":24,"enemies":"Book of Stabbing","floor":25,"turns":4},{"damage":12,"enemies":"Slaver and Parasite","floor":29,"turns":4},{"damage":0,"enemies":"Centurion and Healer","floor":31,"turns":4},{"damage":49,"enemies":"Automaton","floor":33,"turns":9},{"damage":1,"enemies":"3 Shapes","floor":35,"turns":5},{"damage":29,"enemies":"Mysterious Sphere","floor":39,"turns":6},{"damage":48,"enemies":"3 Darklings","floor":41,"turns":6},{"damage":20,"enemies":"4 Shapes","floor":44,"turns":6},{"damage":14,"enemies":"Sphere and 2 Shapes","floor":48,"turns":4},{"damage":37,"enemies":"Awakened One","floor":50,"turns":11}],"event_choices":[{"event_name":"Living Wall","player_choice":"Forget","floor":2,"damage_taken":0},{"event_name":"Purifier","player_choice":"One Purge","floor":3,"damage_taken":0},{"event_name":"Dead Adventurer","player_choice":"Searched \u00272\u0027 times","floor":13,"damage_taken":0},{"event_name":"Forgotten Altar","player_choice":"Shed Blood","floor":19,"damage_taken":0},{"event_name":"Vampires","player_choice":"Became a vampire","floor":20,"damage_taken":0},{"event_name":"The Library","player_choice":"Read","floor":22,"damage_taken":0},{"event_name":"Cursed Tome","player_choice":"Obtained Book","floor":27,"damage_taken":0},{"event_name":"Mysterious Sphere","player_choice":"Fight","floor":39,"damage_taken":0},{"event_name":"Tomb of Lord Red Mask","player_choice":"Paid","floor":47,"damage_taken":0}],"boss_relics":[{"not_picked":["Snecko Eye","Lizard Tail"],"picked":"Eternal Feather"},{"not_picked":["Sozu","Black Blood"],"picked":"Mark of Pain"}],"potions_floor_spawned":[1,6,7,14,16,21,31,33,39,44,48],"seed_played":"-993664287760388191","ascension_level":1,"is_trial":false}