{"path_per_floor":["M","M","$","M","M","R","E","R","T","M","?","E","R","?","R","B",null,"M","$","?","M","?","E","R","E","T","R","M","M","R","M","R","B",null,"M","?","M","?","$","E","R","M","T","R","M","R","M","?","R"],"character_chosen":"IRONCLAD","items_purchased":["Feel No Pain","Bottled Lightning","Impervious"],"gold_per_floor":[112,128,47,61,75,75,109,109,109,124,199,231,231,258,258,362,362,382,63,63,77,77,107,107,132,132,132,147,161,161,177,177,278,278,291,291,307,307,43,71,71,90,137,137,154,154,167,167,167],"floor_reached":50,"campfire_rested":6,"playtime":5244,"current_hp_per_floor":[59,54,54,72,72,72,33,54,54,50,39,33,33,25,46,24,72,71,71,71,58,58,39,60,22,22,43,46,48,48,31,55,38,80,83,73,36,77,77,77,77,68,68,68,61,61,31,31,60],"items_purged":["Defend_R","Strike_R"],"gold":167,"play_id":"a26e76d9-56d4-40b2-b014-06dc329210e6","is_prod":false,"is_daily":false,"is_ascension_mode":true,"campfire_upgraded":5,"path_taken":["M","M","$","?","M","R","E","R","T","M","?","E","R","?","R","BOSS","M","$","?","M","?","E","R","E","T","R","?","M","R","M","R","BOSS","M","?","?","?","$","E","R","?","T","R","M","R","M","?","R","BOSS"],"build_version":"2018-01-25-PROD3","purchased_purges":2,"victory":false,"master_deck":["Strike_R","Strike_R","Defend_R","Defend_R+1","Defend_R+1","Bash+1","Demon Form","Inflame","Battle Trance+1","Feel No Pain","Dropkick","Shrug It Off","Cleave","Shrug It Off+1","Heavy Blade","True Grit+1","Evolve","Feed","Headbutt+1","Shrug It Off+1","Fiend Fire","Armaments","Second Wind","True Grit+1","Thunderclap+1","Heavy Blade+1","Barricade+1","Shrug It Off+1","Armaments+1","Dark Embrace","Madness","Madness","Pommel Strike+1","Impervious","Flame Barrier","Metallicize","Evolve","Warcry+1"],"max_hp_per_floor":[72,72,72,72,72,72,72,72,72,72,72,72,72,72,72,72,72,72,72,72,72,72,72,72,72,72,72,76,80,80,80,80,80,80,83,83,87,77,77,87,87,91,91,91,94,94,98,98,98],"relics":["Burning Blood","Prayer Wheel","Lantern","Toxic Egg","Odd Mushroom","Velvet Choker","Bottled Lightning","Bag of Marbles","War Paint","Girya","Orrery","Pear","Anchor"],"card_choices":[{"not_picked":["Impervious","Immolate"],"picked":"Demon Form"},{"not_picked":["Intimidate","Flex"],"picked":"Inflame"},{"not_picked":["Thunderclap","Body Slam"],"picked":"Battle Trance"},{"not_picked":["Reckless Charge","Clothesline"],"picked":"Dropkick"},{"not_picked":["Thunderclap","Body Slam"],"picked":"Shrug It Off"},{"not_picked":["Metallicize","Juggernaut"],"picked":"Cleave"},{"not_picked":["Intimidate","Warcry"],"picked":"Shrug It Off"},{"not_picked":["Iron Wave","Armaments"],"picked":"Heavy Blade"},{"not_picked":["Rage","Twin Strike"],"picked":"True Grit"},{"not_picked":["Shrug It Off","Power Through"],"picked":"Evolve"},{"not_picked":["Brutality","Berserk"],"picked":"Feed"},{"not_picked":["Twin Strike","Wild Strike"],"picked":"Headbutt"},{"not_picked":["Feel No Pain","Pommel Strike"],"picked":"Shrug It Off"},{"not_picked":["Infernal Blade","Shrug It Off"],"picked":"Armaments"},{"not_picked":["Spot Weakness","Shockwave"],"picked":"Second Wind"},{"not_picked":["Body Slam","Headbutt"],"picked":"True Grit"},{"not_picked":["Twin Strike","Searing Blow"],"picked":"Thunderclap"},{"not_picked":["Thunderclap","Double Tap"],"picked":"Heavy Blade"},{"not_picked":["Feed","Juggernaut"],"picked":"Barricade"},{"not_picked":["Armaments","Headbutt"],"picked":"Shrug It Off"},{"not_picked":["Pommel Strike","Clothesline"],"picked":"Armaments"},{"not_picked":["Pommel Strike","Uppercut"],"picked":"Dark Embrace"},{"not_picked":["Body Slam","True Grit"],"picked":"Pommel Strike"},{"not_picked":["Anger","Rupture"],"picked":"Flame Barrier"},{"not_picked":["Flex","Anger"],"picked":"Metallicize"},{"not_picked":["Shockwave","Pommel Strike"],"picked":"Evolve"},{"not_picked":["Headbutt","Cleave"],"picked":"Warcry"}],"player_experience":190201,"potions_floor_usage":[4,7,14,16,23,28,33,37,50],"damage_taken":[{"damage":19,"enemies":"Blue Slaver","floor":1,"turns":4},{"damage":11,"enemies":"Cultist","floor":2,"turns":4},{"damage":2,"enemies":"2 Louse","floor":4,"turns":6},{"damage":0,"enemies":"Large Slime","floor":5,"turns":5},{"damage":45,"enemies":"3 Sentries","floor":7,"turns":6},{"damage":10,"enemies":"2 Fungi Beasts","floor":10,"turns":4},{"damage":12,"enemies":"Lagavulin","floor":12,"turns":5},{"damage":14,"enemies":"The Mushroom Lair","floor":14,"turns":4},{"damage":28,"enemies":"Slime Boss","floor":16,"turns":8},{"damage":7,"enemies":"Chosen","floor":18,"turns":6},{"damage":19,"enemies":"2 Thieves","floor":21,"turns":4},{"damage":34,"enemies":"Book of Stabbing","floor":23,"turns":6},{"damage":44,"enemies":"Gremlin Leader","floor":25,"turns":6},{"damage":7,"enemies":"Centurion and Healer","floor":28,"turns":5},{"damage":8,"enemies":"Sentry and Sphere","floor":29,"turns":6},{"damage":23,"enemies":"Snake Plant","floor":31,"turns":4},{"damage":23,"enemies":"Champ","floor":33,"turns":8},{"damage":3,"enemies":"3 Shapes","floor":35,"turns":10},{"damage":47,"enemies":"3 Darklings","floor":37,"turns":14},{"damage":16,"enemies":"Nemesis","floor":40,"turns":10},{"damage":19,"enemies":"Maw","floor":42,"turns":11},{"damage":16,"enemies":"4 Shapes","floor":45,"turns":10},{"damage":40,"enemies":"Sphere and 2 Shapes","floor":47,"turns":10},{"damage":71,"enemies":"Awakened One","floor":50,"turns":4}],"event_choices":[{"event_name":"World of Goop","player_choice":"Gather Gold","floor":11,"damage_taken":0},{"event_name":"Mushrooms","player_choice":"Fought Mushrooms","floor":14,"damage_taken":0},{"event_name":"Drug Dealer","player_choice":"Ignored","floor":20,"damage_taken":0},{"event_name":"Transmorgrifier","player_choice":"Transform","floor":22,"damage_taken":0},{"event_name":"Winding Halls","player_choice":"Embrace Madness","floor":36,"damage_taken":0},{"event_name":"The Moai Head","player_choice":"Heal","floor":38,"damage_taken":0}],"boss_relics":[{"not_picked":["Calling Bell","Philosopher\u0027s Stone"],"picked":"Velvet Choker"},{"not_picked":["Runic Pyramid","Runic Cube"],"picked":"Orrery"}],"potions_floor_spawned":[1,2,4,12,14,21,25,28,35,42],"seed_played":"1520368007178209612","killed_by":"Awakened One","ascension_level":4,"is_trial":false}