{"path_per_floor":["M","?","?","?","$","E","R","$","T","R","M","?","M","M","R","B",null,"M","?","?","$","M","R","M","M","T","M","E","$","M","M","R","B",null,"M","M","?","M","M","R","E","$","T","M","R","?","$","?","R"],"character_chosen":"IRONCLAD","items_purchased":["Dramatic Entrance","Rampage","Flex","Limit Break","Shrug It Off","Orichalcum","Shrug It Off","Finesse","Inflame","Twin Strike"],"gold_per_floor":[214,389,339,339,137,169,169,97,122,122,141,141,159,174,174,272,272,286,286,286,10,28,28,46,57,57,70,104,104,121,138,138,236,236,252,269,269,280,291,291,322,81,81,92,92,92,92,92,92],"floor_reached":50,"campfire_rested":6,"playtime":2665,"current_hp_per_floor":[80,80,80,64,64,46,70,70,70,70,66,54,60,57,80,33,80,72,72,72,72,70,70,79,74,74,67,65,65,49,42,66,40,80,71,59,59,42,38,62,44,44,44,42,66,66,66,56,80],"items_purged":["Writhe"],"gold":92,"play_id":"2ce799bf-88cc-4e4e-974d-adb61742aea0","is_prod":false,"is_daily":false,"is_ascension_mode":false,"campfire_upgraded":2,"path_taken":["M","?","?","?","$","E","R","?","T","R","?","?","?","M","R","BOSS","M","?","?","?","M","R","M","M","T","M","E","$","?","M","R","BOSS","M","?","?","?","?","R","E","$","T","M","R","?","$","?","R","BOSS"],"build_version":"2018-01-25-PROD3","purchased_purges":2,"victory":false,"master_deck":["Strike_R","Strike_R","Strike_R","Strike_R","Strike_R+1","Defend_R+1","Defend_R","Defend_R","Defend_R+1","Bash","Inflame","Dramatic Entrance+1","Rampage","Flex","Feel No Pain","Limit Break+1","Whirlwind","Heavy Blade+1","Flame Barrier","Impervious","Headbutt","Spot Weakness","Shrug It Off","Flame Barrier","Iron Wave+1","Inflame+1","Flex","Headbutt","Anger","Armaments","Feed","Inflame+1","Cleave","Iron Wave+1","Warcry","Twin Strike","Shrug It Off","Finesse","Inflame","Twin Strike","Spot Weakness","Madness","Madness"],"max_hp_per_floor":[80,80,80,80,80,80,80,80,80,80,80,80,80,80,80,80,80,80,80,80,80,80,80,80,80,80,80,80,80,80,80,80,80,80,80,80,80,80,80,80,80,80,80,80,80,80,80,80,80],"relics":["Burning Blood","Shuriken","Bronze Scales","Ancient Tea Set","Mark of Pain","Magic Flower","Orichalcum","Ginger","Gremlin Horn","Sozu","Frozen Egg","Whetstone"],"card_choices":[{"not_picked":["Dual Wield","Infernal Blade"],"picked":"Inflame"},{"not_picked":["True Grit","Bloodletting"],"picked":"Feel No Pain"},{"not_picked":["Iron Wave","Sever Soul"],"picked":"Whirlwind"},{"not_picked":["Iron Wave","Rampage"],"picked":"Heavy Blade"},{"not_picked":["Inflame","Iron Wave"],"picked":"Flame Barrier"},{"not_picked":["Offering","Feed"],"picked":"Impervious"},{"not_picked":["Pommel Strike","Sword Boomerang"],"picked":"Headbutt"},{"not_picked":["Battle Trance","Whirlwind"],"picked":"Flame Barrier"},{"not_picked":["Burning Pact","Cleave"],"picked":"Iron Wave"},{"not_picked":["Perfected Strike","Pummel"],"picked":"Inflame"},{"not_picked":["Brutality","True Grit"],"picked":"Flex"},{"not_picked":["Flex","Sword Boomerang"],"picked":"Headbutt"},{"not_picked":["Perfected Strike","Body Slam"],"picked":"Anger"},{"not_picked":["Pummel","Bludgeon"],"picked":"Armaments"},{"not_picked":["Brutality","Berserk"],"picked":"Feed"},{"not_picked":["Sword Boomerang","Thunderclap"],"picked":"Inflame"},{"not_picked":["Reckless Charge","Sword Boomerang"],"picked":"Cleave"},{"not_picked":["Rupture","Headbutt"],"picked":"Iron Wave"},{"not_picked":["Body Slam","Perfected Strike"],"picked":"Warcry"},{"not_picked":["Warcry","Second Wind"],"picked":"Twin Strike"},{"not_picked":["Sword Boomerang","Twin Strike"],"picked":"Spot Weakness"}],"player_experience":31189,"potions_floor_usage":[6,16,28,28,31,33],"damage_taken":[{"damage":1,"enemies":"2 Louse","floor":1,"turns":3},{"damage":24,"enemies":"Gremlin Nob","floor":6,"turns":4},{"damage":10,"enemies":"Small Slimes","floor":11,"turns":3},{"damage":0,"enemies":"Blue Slaver","floor":13,"turns":3},{"damage":9,"enemies":"Exordium Wildlife","floor":14,"turns":3},{"damage":53,"enemies":"Hexaghost","floor":16,"turns":8},{"damage":14,"enemies":"Spheric Guardian","floor":18,"turns":4},{"damage":11,"enemies":"3 Byrds","floor":22,"turns":4},{"damage":0,"enemies":"3 Cultists","floor":24,"turns":3},{"damage":14,"enemies":"Snake Plant","floor":25,"turns":3},{"damage":16,"enemies":"Centurion and Healer","floor":27,"turns":6},{"damage":11,"enemies":"Gremlin Leader","floor":28,"turns":7},{"damage":25,"enemies":"Snecko","floor":30,"turns":7},{"damage":16,"enemies":"Snake Plant","floor":31,"turns":3},{"damage":35,"enemies":"Champ","floor":33,"turns":6},{"damage":18,"enemies":"Orb Walker","floor":35,"turns":4},{"damage":21,"enemies":"3 Darklings","floor":36,"turns":3},{"damage":26,"enemies":"Maw","floor":38,"turns":7},{"damage":13,"enemies":"4 Shapes","floor":39,"turns":6},{"damage":27,"enemies":"Giant Head","floor":41,"turns":6},{"damage":11,"enemies":"Sphere and 2 Shapes","floor":44,"turns":4},{"damage":83,"enemies":"Donu and Deca","floor":50,"turns":4}],"event_choices":[{"event_name":"Liars Game","player_choice":"agreed","floor":2,"damage_taken":0},{"event_name":"The Cleric","player_choice":"Card Removal","floor":3,"damage_taken":0},{"event_name":"Shining Light","player_choice":"Entered Light","floor":4,"damage_taken":0},{"event_name":"Scrap Ooze","player_choice":"success","floor":12,"damage_taken":12},{"event_name":"The Mausoleum","player_choice":"Yes","floor":19,"damage_taken":0},{"event_name":"The Library","player_choice":"Read","floor":20,"damage_taken":0},{"event_name":"Tomb of Lord Red Mask","player_choice":"Ignored","floor":37,"damage_taken":0},{"event_name":"Purifier","player_choice":"Skipped","floor":46,"damage_taken":0},{"event_name":"Winding Halls","player_choice":"Embrace Madness","floor":48,"damage_taken":0}],"boss_relics":[{"not_picked":["Calling Bell","Tiny House"],"picked":"Mark of Pain"},{"not_picked":["Eternal Feather","Cursed Key"],"picked":"Sozu"}],"potions_floor_spawned":[1,11,14,16,18,22,27,30,35,38,39],"seed_played":"6966582143724942357","killed_by":"Donu and Deca","ascension_level":0,"is_trial":false}