{"path_per_floor":["M","?","M","?","M","R","?","R","T","M","$","T","R","M","R","B",null,"M","?","$","M","M","E","R","$","T","R","?","M","M","$","R","B",null,"M","M","?","$","?","R","E","M","T","R","$","M","?","T","R"],"character_chosen":"IRONCLAD","items_purchased":["Vajra","Rampage","Good Instincts","Clothesline","Perfected Strike","Armaments","Enlightenment","True Grit","Inflame"],"gold_per_floor":[112,112,126,201,211,211,211,211,263,274,85,85,85,104,104,205,205,220,135,15,30,44,78,78,27,57,57,57,75,90,39,39,138,138,148,163,263,55,55,55,84,104,130,130,34,54,54,54,54],"floor_reached":50,"campfire_rested":5,"playtime":2820,"current_hp_per_floor":[71,71,77,66,66,66,66,66,66,72,72,72,72,77,77,33,80,67,67,67,56,56,26,65,65,65,65,65,43,48,48,80,36,80,71,63,63,63,63,80,41,38,38,77,77,30,30,30,69],"items_purged":[],"gold":54,"play_id":"41a5132d-27dc-4083-b56c-4feb050121ba","is_prod":false,"is_daily":false,"is_ascension_mode":false,"campfire_upgraded":5,"path_taken":["M","?","M","?","M","R","?","R","T","M","$","?","R","M","R","BOSS","M","?","?","?","M","E","R","$","T","R","?","M","?","?","R","BOSS","M","M","?","$","?","R","E","M","T","R","$","M","?","?","R","BOSS"],"build_version":"2018-01-25-PROD3","purchased_purges":3,"victory":false,"master_deck":["Strike_R+1","Strike_R","Strike_R","Strike_R+1","Defend_R","Defend_R","Defend_R","Defend_R","Bash+1","Battle Trance","Whirlwind+1","Perfected Strike+1","Pommel Strike","Rampage+1","Warcry","Demon Form+1","Dropkick+1","Good Instincts","Clothesline","Rage+1","Anger","Shockwave","Perfected Strike","Injury","Twin Strike","Sentinel+1","Armaments","Reaper","Perfected Strike+1","Heavy Blade","Clothesline+1","Armaments+1","Battle Trance","Clothesline+1","Disarm","Enlightenment","Flex","Anger+1","Clumsy","True Grit","Inflame","Whirlwind","Decay","Doubt"],"max_hp_per_floor":[80,80,80,80,80,80,80,80,80,80,80,80,80,80,80,80,80,80,80,80,80,80,80,80,80,80,80,80,80,80,80,80,80,80,80,80,80,80,80,80,80,80,80,80,80,80,80,80,80],"relics":["Burning Blood","Whetstone","Bag of Marbles","Vajra","Ice Cream","Cursed Key","Letter Opener","Regal Pillow","Tiny Chest","Bag of Preparation","Orrery","Matryoshka","Dodecahedron","War Paint","Pen Nib","Meat on the Bone"],"card_choices":[{"not_picked":["Infernal Blade","Pummel"],"picked":"Battle Trance"},{"not_picked":["Intimidate","Metallicize"],"picked":"Whirlwind"},{"not_picked":["Offering","Havoc"],"picked":"Perfected Strike"},{"not_picked":["Corruption","Uppercut"],"picked":"Pommel Strike"},{"not_picked":["True Grit","Blood for Blood"],"picked":"Warcry"},{"not_picked":["Bludgeon","Reaper"],"picked":"Demon Form"},{"not_picked":["Pommel Strike","Flex"],"picked":"Dropkick"},{"not_picked":["Seeing Red","Reckless Charge"],"picked":"Rage"},{"not_picked":["Feel No Pain","Cleave"],"picked":"Anger"},{"not_picked":["Headbutt","Berserk"],"picked":"Shockwave"},{"not_picked":["Flex","Body Slam"],"picked":"Twin Strike"},{"not_picked":["Sword Boomerang","Havoc"],"picked":"Sentinel"},{"not_picked":["Exhume","Barricade"],"picked":"Reaper"},{"not_picked":["Clothesline","Anger"],"picked":"Perfected Strike"},{"not_picked":["Armaments","Iron Wave"],"picked":"Heavy Blade"},{"not_picked":["Cleave","Pommel Strike"],"picked":"Clothesline"},{"not_picked":["Sword Boomerang","Flex"],"picked":"Armaments"},{"not_picked":["Headbutt","Havoc"],"picked":"Battle Trance"},{"not_picked":["Blood for Blood","Dropkick"],"picked":"Clothesline"},{"not_picked":["Reckless Charge","Searing Blow"],"picked":"Disarm"},{"not_picked":["Brutality","Reckless Charge"],"picked":"Flex"},{"not_picked":["Fire Breathing","Wild Strike"],"picked":"Anger"},{"not_picked":["Pommel Strike","Armaments"],"picked":"Whirlwind"}],"player_experience":64714,"potions_floor_usage":[5,16,16,22,41,42,50,50],"damage_taken":[{"damage":15,"enemies":"Small Slimes","floor":1,"turns":3},{"damage":0,"enemies":"Cultist","floor":3,"turns":3},{"damage":6,"enemies":"Jaw Worm","floor":5,"turns":4},{"damage":0,"enemies":"2 Fungi Beasts","floor":10,"turns":1},{"damage":1,"enemies":"Exordium Wildlife","floor":14,"turns":3},{"damage":65,"enemies":"Hexaghost","floor":16,"turns":8},{"damage":19,"enemies":"Shell Parasite","floor":18,"turns":4},{"damage":17,"enemies":"2 Thieves","floor":21,"turns":3},{"damage":6,"enemies":"Snake Plant","floor":22,"turns":3},{"damage":36,"enemies":"Gremlin Leader","floor":23,"turns":7},{"damage":28,"enemies":"Chosen and Byrds","floor":29,"turns":4},{"damage":1,"enemies":"Snecko","floor":30,"turns":3},{"damage":50,"enemies":"Collector","floor":33,"turns":8},{"damage":15,"enemies":"3 Darklings","floor":35,"turns":5},{"damage":14,"enemies":"Orb Walker","floor":36,"turns":3},{"damage":45,"enemies":"Giant Head","floor":41,"turns":7},{"damage":24,"enemies":"3 Darklings","floor":42,"turns":6},{"damage":53,"enemies":"Maw","floor":46,"turns":6},{"damage":72,"enemies":"Donu and Deca","floor":50,"turns":4}],"event_choices":[{"event_name":"Shining Light","player_choice":"Ignored","floor":2,"damage_taken":0},{"event_name":"World of Goop","player_choice":"Gather Gold","floor":4,"damage_taken":0},{"event_name":"Bonfire Elementals","player_choice":"BASIC","floor":7,"damage_taken":0},{"event_name":"Addict","player_choice":"Obtained Relic","floor":19,"damage_taken":0},{"event_name":"The Mausoleum","player_choice":"Yes","floor":28,"damage_taken":0},{"event_name":"Golden Shrine","player_choice":"Pray","floor":37,"damage_taken":0},{"event_name":"Mysterious Sphere","player_choice":"Ignore","floor":39,"damage_taken":0},{"event_name":"Wheel of Change","player_choice":"Curse","floor":47,"damage_taken":0}],"boss_relics":[{"not_picked":["Black Blood","Eternal Feather"],"picked":"Cursed Key"},{"not_picked":["Sozu","Question Card"],"picked":"Orrery"}],"potions_floor_spawned":[3,10,14,16,18,21,23,30,41,46],"seed_played":"-6107261392736980938","killed_by":"Donu and Deca","ascension_level":0,"is_trial":false}