{"path_per_floor":["M","M","M","$","?","R","M","M","T","M","M","R","M","M","R","B",null,"M","?","$","M","M","R","$","M","T","?","T","M","M","M","R"],"character_chosen":"IRONCLAD","items_purchased":["Heavy Blade","Headbutt","Clash"],"gold_per_floor":[116,131,149,29,29,29,48,61,87,106,123,123,134,144,144,239,239,252,252,74,89,104,104,104,122,191,191,216,230,240,257,257],"floor_reached":33,"campfire_rested":2,"playtime":3109,"current_hp_per_floor":[65,61,60,60,60,60,53,46,46,44,46,70,70,64,64,25,80,65,56,56,56,37,37,37,45,45,45,45,32,46,23,39],"items_purged":["Defend_R","Defend_R"],"gold":257,"play_id":"8df51187-e3bb-4ad2-a7ee-bb834bc7fa1b","is_prod":false,"is_daily":false,"is_ascension_mode":false,"campfire_upgraded":3,"path_taken":["M","?","M","$","?","R","M","M","T","?","M","R","M","M","R","BOSS","M","?","$","M","?","R","$","M","T","?","?","M","M","M","R","BOSS"],"build_version":"2018-02-01-PROD3","purchased_purges":2,"victory":false,"master_deck":["Bash","Battle Trance","Metallicize+1","Cleave","Heavy Blade","Iron Wave+1","Clash","Clash","Rupture","Twin Strike","Cleave","Brutality","Hemokinesis","Bite","Bite","Bite","Bite","Bite","Headbutt","Clash","Clash","Flex+1","Inflame","Doubt","Pain","Flex","Flex"],"max_hp_per_floor":[80,80,80,80,80,80,80,80,80,80,80,80,80,80,80,80,80,80,56,56,56,56,56,56,56,56,56,56,56,56,56,56],"relics":["Burning Blood","Happy Flower","Cursed Key","Toolbox","Juzu Bracelet","Prayer Wheel"],"card_choices":[{"not_picked":["Iron Wave","Combust"],"picked":"Battle Trance"},{"not_picked":["Uppercut","Twin Strike"],"picked":"Metallicize"},{"not_picked":["Armaments","Intimidate"],"picked":"Cleave"},{"not_picked":["Battle Trance","Combust"],"picked":"Iron Wave"},{"not_picked":["Heavy Blade","Armaments"],"picked":"Clash"},{"not_picked":["Flame Barrier","Juggernaut"],"picked":"Clash"},{"not_picked":["Warcry","Power Through"],"picked":"Rupture"},{"not_picked":["Sword Boomerang","Thunderclap"],"picked":"Twin Strike"},{"not_picked":["Shrug It Off","Twin Strike"],"picked":"Cleave"},{"not_picked":["Impervious","Bludgeon"],"picked":"Brutality"},{"not_picked":["Cleave","Twin Strike"],"picked":"Hemokinesis"},{"not_picked":["Armaments","Heavy Blade"],"picked":"Clash"},{"not_picked":["True Grit","Metallicize"],"picked":"Flex"},{"not_picked":["Iron Wave","Battle Trance"],"picked":"Inflame"},{"not_picked":["Pummel","Dropkick"],"picked":"Flex"},{"not_picked":["Warcry","Burning Pact"],"picked":"Flex"}],"player_experience":17573,"potions_floor_usage":[31,33,33,33],"damage_taken":[{"damage":21.0,"enemies":"Blue Slaver","floor":1.0,"turns":5.0},{"damage":10.0,"enemies":"Jaw Worm","floor":2.0,"turns":5.0},{"damage":7.0,"enemies":"Small Slimes","floor":3.0,"turns":5.0},{"damage":13.0,"enemies":"Red Slaver","floor":7.0,"turns":4.0},{"damage":13.0,"enemies":"Lots of Slimes","floor":8.0,"turns":4.0},{"damage":8.0,"enemies":"Exordium Wildlife","floor":10.0,"turns":3.0},{"damage":4.0,"enemies":"2 Fungi Beasts","floor":11.0,"turns":3.0},{"damage":6.0,"enemies":"Large Slime","floor":13.0,"turns":4.0},{"damage":12.0,"enemies":"Lots of Slimes","floor":14.0,"turns":3.0},{"damage":45.0,"enemies":"Hexaghost","floor":16.0,"turns":9.0},{"damage":21.0,"enemies":"2 Thieves","floor":18.0,"turns":3.0},{"damage":10,"enemies":"Chosen","floor":21,"turns":3},{"damage":35,"enemies":"Slaver and Parasite","floor":22,"turns":4},{"damage":6,"enemies":"3 Cultists","floor":25,"turns":3},{"damage":29,"enemies":"Snecko","floor":29,"turns":5},{"damage":0,"enemies":"Snake Plant","floor":30,"turns":3},{"damage":39,"enemies":"Chosen and Byrds","floor":31,"turns":6},{"damage":50,"enemies":"Collector","floor":33,"turns":6}],"event_choices":[{"event_name":"Living Wall","player_choice":"Forget","floor":5.0,"damage_taken":0.0},{"event_name":"Vampires","player_choice":"Became a vampire","floor":19.0,"damage_taken":0.0},{"event_name":"The Mausoleum","player_choice":"Yes","floor":27,"damage_taken":0}],"boss_relics":[],"potions_floor_spawned":[1,3,8,11,16,29,30,31],"seed_played":"1303480040763304030","killed_by":"Collector","ascension_level":0,"is_trial":false}