{"path_per_floor":["M","?","M","?","M","R","E","R","T","R","$","?","E","M","R","B",null,"M"],"character_chosen":"IRONCLAD","items_purchased":["Headbutt"],"gold_per_floor":[115,190,207,172,188,188,219,219,219,219,168,196,231,241,241,345,345,356],"floor_reached":19,"campfire_rested":3,"playtime":608,"current_hp_per_floor":[80,69,58,78,62,80,45,69,69,69,69,67,65,59,80,20,80,40],"items_purged":[],"gold":356,"score":210,"play_id":"b70e627b-ec88-482c-9958-b0f3106e48db","is_prod":false,"is_daily":false,"is_ascension_mode":true,"campfire_upgraded":1,"path_taken":["M","?","M","?","M","R","E","R","T","R","$","?","E","M","R","BOSS","M","M"],"build_version":"2018-02-08-PROD1","purchased_purges":1,"victory":false,"master_deck":["Strike_R","Strike_R","Strike_R","Strike_R","Strike_R","Defend_R","Defend_R","Defend_R","Defend_R","Bash","Juggernaut+1","Rampage","Entrench","Body Slam","Armaments","Headbutt","Dual Wield","Metallicize","Dropkick","Barricade","Warcry"],"max_hp_per_floor":[80,80,80,80,80,80,80,80,80,80,80,80,80,80,80,80,80,80],"relics":["Burning Blood","Darkstone Periapt","Mercury Hourglass","Odd Mushroom","Juzu Bracelet","Runic Pyramid"],"card_choices":[{"not_picked":["Pommel Strike","Sword Boomerang"],"picked":"Rampage"},{"not_picked":["Shrug It Off","Blood for Blood"],"picked":"Entrench"},{"not_picked":["Rage","Hemokinesis"],"picked":"Body Slam"},{"not_picked":["Cleave","Dropkick"],"picked":"Armaments"},{"not_picked":["True Grit","Heavy Blade"],"picked":"Dual Wield"},{"not_picked":["Flex","Corruption"],"picked":"Metallicize"},{"not_picked":["Pommel Strike","Clash"],"picked":"Dropkick"},{"not_picked":["Brutality","Double Tap"],"picked":"Barricade"},{"not_picked":["Combust","Flex"],"picked":"Warcry"}],"player_experience":159502,"potions_floor_usage":[12,18],"damage_taken":[{"damage":3,"enemies":"Small Slimes","floor":1,"turns":4},{"damage":17,"enemies":"2 Louse","floor":3,"turns":3},{"damage":22,"enemies":"Blue Slaver","floor":5,"turns":5},{"damage":41,"enemies":"Lagavulin","floor":7,"turns":7},{"damage":8,"enemies":"The Mushroom Lair","floor":12,"turns":3},{"damage":8,"enemies":"Gremlin Nob","floor":13,"turns":3},{"damage":12,"enemies":"3 Louse","floor":14,"turns":4},{"damage":66,"enemies":"The Guardian","floor":16,"turns":9},{"damage":46,"enemies":"Chosen","floor":18,"turns":8},{"damage":42,"enemies":"Spheric Guardian","floor":19,"turns":6}],"event_choices":[{"event_name":"World of Goop","player_choice":"Gather Gold","floor":2,"damage_taken":0},{"event_name":"The Cleric","player_choice":"Healed","floor":4,"damage_taken":0},{"event_name":"Mushrooms","player_choice":"Fought Mushrooms","floor":12,"damage_taken":0}],"boss_relics":[{"not_picked":["Runic Dome","Snecko Eye"],"picked":"Runic Pyramid"}],"potions_floor_spawned":[3,13,14,16],"seed_played":"8811837619608331932","killed_by":"Spheric Guardian","ascension_level":4,"is_trial":false}