{"path_per_floor":["M","M","?","M","M","R","E","R","T","M","E","T","R","M","R","B",null,"M","$","?","T","M","E","?","R","T","R","M","?","$","M","R","B",null,"M","M","?","$","?","R"],"character_chosen":"IRONCLAD","items_purchased":["Apotheosis","Infernal Blade"],"gold_per_floor":[118,130,130,150,167,167,200,200,226,236,270,322,322,338,338,435,435,446,92,92,137,156,191,191,191,191,191,209,134,34,49,49,146,146,156,168,0,0,0,0],"floor_reached":41,"campfire_rested":2,"playtime":2424,"current_hp_per_floor":[80,74,74,80,77,77,59,59,59,55,60,60,60,66,66,47,90,76,76,76,83,79,27,11,55,55,55,58,58,58,48,92,27,97,97,72,72,72,60,60],"items_purged":["Bash","Defend_R"],"gold":0,"score":419,"play_id":"66f400a6-ca8e-4a2c-8358-96293d7e00b5","is_prod":false,"is_daily":false,"is_ascension_mode":false,"campfire_upgraded":6,"path_taken":["M","M","?","M","M","R","E","R","T","M","E","?","R","M","R","BOSS","M","$","?","?","M","E","?","R","T","R","?","?","$","M","R","BOSS","M","M","?","$","?","R","E"],"build_version":"2018-02-12-PROD1","purchased_purges":3,"victory":false,"master_deck":["Strike_R+1","Strike_R+1","Strike_R+1","Strike_R+1","Strike_R+1","Defend_R+1","Defend_R+1","Bludgeon+1","Twin Strike","Perfected Strike+1","Anger+1","Flex+1","Twin Strike","Battle Trance+1","Bludgeon","Clothesline+1","Apotheosis+1","Infernal Blade","Heavy Blade","Feed+1","Headbutt+1","Pummel","Berserk","Flex","Madness","Madness"],"max_hp_per_floor":[80,80,80,80,80,80,80,80,80,80,90,90,90,90,90,90,90,90,90,90,97,97,97,97,97,97,97,97,97,97,97,97,97,97,97,97,97,97,97,97],"relics":["Burning Blood","Regal Pillow","Pen Nib","Pear","Anchor","Black Star","Strawberry","Kunai","Centennial Puzzle","Enchiridion","Bird Faced Urn","Sozu","Red Mask"],"card_choices":[{"not_picked":["True Grit","Shrug It Off"],"picked":"Twin Strike"},{"not_picked":["Body Slam","Shockwave"],"picked":"Perfected Strike"},{"not_picked":["Clothesline","Rupture"],"picked":"Anger"},{"not_picked":["Combust","Dropkick"],"picked":"Flex"},{"not_picked":["Warcry","Armaments"],"picked":"Twin Strike"},{"not_picked":["Sword Boomerang","Clothesline"],"picked":"Battle Trance"},{"not_picked":["Limit Break","Offering"],"picked":"Bludgeon"},{"not_picked":["Shrug It Off","Inflame"],"picked":"Clothesline"},{"not_picked":["Cleave","Inflame"],"picked":"Heavy Blade"},{"not_picked":["Rampage","Fire Breathing"],"picked":"Feed"},{"not_picked":["Second Wind","Iron Wave"],"picked":"Headbutt"},{"not_picked":["Warcry","Headbutt"],"picked":"Pummel"},{"not_picked":["Dark Embrace","Juggernaut"],"picked":"Berserk"},{"not_picked":["Sword Boomerang","Cleave"],"picked":"Flex"}],"player_experience":6130,"potions_floor_usage":[7,16,16,33,33],"damage_taken":[{"damage":0,"enemies":"Cultist","floor":1,"turns":2},{"damage":12,"enemies":"Blue Slaver","floor":2,"turns":2},{"damage":0,"enemies":"Jaw Worm","floor":4,"turns":1},{"damage":9,"enemies":"2 Fungi Beasts","floor":5,"turns":3},{"damage":24,"enemies":"Lagavulin","floor":7,"turns":4},{"damage":10,"enemies":"Exordium Thugs","floor":10,"turns":3},{"damage":11,"enemies":"Gremlin Nob","floor":11,"turns":3},{"damage":0,"enemies":"3 Louse","floor":14,"turns":2},{"damage":25,"enemies":"The Guardian","floor":16,"turns":6},{"damage":20,"enemies":"3 Byrds","floor":18,"turns":5},{"damage":10,"enemies":"Chosen","floor":22,"turns":3},{"damage":58,"enemies":"Book of Stabbing","floor":23,"turns":5},{"damage":11,"enemies":"Snake Plant","floor":28,"turns":3},{"damage":18,"enemies":"Cultist and Chosen","floor":31,"turns":3},{"damage":73,"enemies":"Champ","floor":33,"turns":8},{"damage":0,"enemies":"Orb Walker","floor":35,"turns":2},{"damage":31,"enemies":"3 Darklings","floor":36,"turns":4},{"damage":67,"enemies":"Nemesis","floor":41,"turns":5}],"event_choices":[{"event_name":"Upgrade Shrine","player_choice":"Upgraded","floor":3,"damage_taken":0},{"event_name":"Back to Basics","player_choice":"Simplicity","floor":20,"damage_taken":0},{"event_name":"Cursed Tome","player_choice":"Obtained Book","floor":24,"damage_taken":0},{"event_name":"Beggar","player_choice":"Gave Gold","floor":29,"damage_taken":0},{"event_name":"Tomb of Lord Red Mask","player_choice":"Paid","floor":37,"damage_taken":0},{"event_name":"Winding Halls","player_choice":"Embrace Madness","floor":39,"damage_taken":0}],"boss_relics":[{"not_picked":["Eternal Feather","White Beast Statue"],"picked":"Black Star"},{"not_picked":["Runic Cube","Philosopher\u0027s Stone"],"picked":"Sozu"}],"potions_floor_spawned":[1,4,5,23,31,33,36],"seed_played":"-1265248007368754879","killed_by":"Nemesis","ascension_level":0,"is_trial":false}