{"path_per_floor":["M","M","?","M","M","R","E","M","T","R","?","R","M","E","R","B",null,"M","M","?","M","$","R"],"character_chosen":"IRONCLAD","items_purchased":["Inflame","Armaments"],"gold_per_floor":[119,129,129,139,159,159,184,201,201,201,201,201,221,252,252,349,349,363,375,375,395,196,196],"floor_reached":24,"campfire_rested":3,"playtime":799,"current_hp_per_floor":[79,80,80,80,71,71,46,40,40,64,64,64,56,44,68,20,80,83,83,83,49,49,73],"items_purged":["Strike_R"],"gold":196,"score":239,"play_id":"8e9def9e-aff4-4a4e-b2b2-06a60ea33b3c","is_prod":false,"is_daily":false,"is_ascension_mode":true,"campfire_upgraded":2,"path_taken":["M","M","?","M","?","R","E","M","T","R","?","R","M","E","R","BOSS","M","M","?","M","?","R","E"],"build_version":"2018-02-08-PROD1","purchased_purges":1,"victory":false,"master_deck":["Strike_R","Strike_R","Strike_R","Defend_R","Defend_R","Defend_R","Defend_R","Bash","Seeing Red+1","Thunderclap","Whirlwind","Double Tap+1","Headbutt","Carnage+1","Searing Blow","Carnage","Feed","Rampage","Rage","Clothesline","Inflame","Armaments"],"max_hp_per_floor":[80,80,80,80,80,80,80,80,80,80,80,80,80,80,80,80,80,83,83,83,83,83,83],"relics":["Burning Blood","Omamori","Gambling Chip","Magic Flower","Mark of Pain"],"card_choices":[{"not_picked":["Heavy Blade","Second Wind"],"picked":"Seeing Red"},{"not_picked":["Entrench","Combust"],"picked":"Disarm"},{"not_picked":["Intimidate","Power Through"],"picked":"Thunderclap"},{"not_picked":["Twin Strike","Anger"],"picked":"Whirlwind"},{"not_picked":["Whirlwind","Thunderclap"],"picked":"Double Tap"},{"not_picked":["Clothesline","Seeing Red"],"picked":"Headbutt"},{"not_picked":["Pommel Strike","Reckless Charge"],"picked":"Searing Blow"},{"not_picked":["True Grit","Clash"],"picked":"Carnage"},{"not_picked":["Immolate","Berserk"],"picked":"Feed"},{"not_picked":["Perfected Strike","Evolve"],"picked":"Rampage"},{"not_picked":["Thunderclap","Fire Breathing"],"picked":"Rage"},{"not_picked":["Twin Strike","Sentinel"],"picked":"Clothesline"}],"player_experience":145494,"potions_floor_usage":[8,16,24],"damage_taken":[{"damage":7,"enemies":"2 Louse","floor":1,"turns":4},{"damage":1,"enemies":"Cultist","floor":2,"turns":4},{"damage":4,"enemies":"Jaw Worm","floor":4,"turns":3},{"damage":15,"enemies":"Gremlin Gang","floor":5,"turns":5},{"damage":31,"enemies":"Gremlin Nob","floor":7,"turns":5},{"damage":12,"enemies":"Looter","floor":8,"turns":3},{"damage":14,"enemies":"Exordium Wildlife","floor":13,"turns":3},{"damage":18,"enemies":"3 Sentries","floor":14,"turns":4},{"damage":57,"enemies":"Hexaghost","floor":16,"turns":9},{"damage":0,"enemies":"Chosen","floor":18,"turns":2},{"damage":0,"enemies":"3 Byrds","floor":19,"turns":1},{"damage":43,"enemies":"Centurion and Healer","floor":21,"turns":5},{"damage":79,"enemies":"Book of Stabbing","floor":24,"turns":5}],"event_choices":[{"event_name":"Bonfire Elementals","player_choice":"UNCOMMON","floor":3,"damage_taken":0},{"event_name":"Living Wall","player_choice":"Change","floor":11,"damage_taken":0},{"event_name":"Upgrade Shrine","player_choice":"Upgraded","floor":20,"damage_taken":0}],"boss_relics":[{"not_picked":["Runic Dome","Runic Pyramid"],"picked":"Mark of Pain"}],"potions_floor_spawned":[1,5,8,13,14,18,21],"seed_played":"-8074618473204061100","killed_by":"Book of Stabbing","ascension_level":3,"is_trial":false}