{"path_per_floor":["M","M","$","M","?","R","?","R","T","R","M","M","?","M","R","B",null,"M","M","?","?","M","R","E","M","T","M","R","?","?","M","R","B",null,"M","?","$","M","M","R","M","R","T","M","R","M","R","?","R"],"character_chosen":"IRONCLAD","items_purchased":["Feed","Pen Nib","Power Through"],"gold_per_floor":[111,127,53,64,64,64,64,64,112,112,128,142,142,156,156,251,251,269,288,188,188,207,207,236,251,251,262,262,262,187,199,199,297,297,315,315,78,89,109,109,127,127,207,219,219,238,238,238,238],"floor_reached":50,"campfire_rested":6,"playtime":2041,"current_hp_per_floor":[80,80,80,82,64,83,88,88,88,88,92,92,92,91,91,89,100,92,96,96,96,64,97,64,64,64,69,105,105,105,96,96,64,110,98,98,98,108,95,136,111,111,111,89,131,114,114,114,145],"items_purged":[],"gold":238,"score":589,"play_id":"7c057db9-b8c3-438b-ab4f-53541acb7cd6","is_prod":false,"is_daily":false,"is_ascension_mode":true,"campfire_upgraded":6,"path_taken":["M","M","$","M","?","R","?","R","T","R","M","?","?","M","R","BOSS","M","M","?","?","M","R","E","?","T","M","R","?","?","M","R","BOSS","M","?","$","M","M","R","M","R","T","M","R","M","R","?","R","BOSS"],"build_version":"2018-02-15-PROD1","purchased_purges":2,"victory":false,"master_deck":["Strike_R+1","Strike_R+1","Strike_R+1","Defend_R+1","Defend_R+1","Defend_R+1","Defend_R+1","Battle Trance","Thunderclap","Feed+1","Flame Barrier+1","Spot Weakness+1","Iron Wave","Demon Form+1","Evolve+1","Headbutt+1","J.A.X.","Rampage+1","Shrug It Off","Headbutt","Shrug It Off+1","Fiend Fire","Sentinel+1","Impervious","Power Through","Heavy Blade+1","Armaments+1","Clumsy","Sword Boomerang"],"max_hp_per_floor":[80,80,80,83,83,83,88,88,88,88,92,96,96,100,100,104,104,108,108,108,108,112,112,116,116,116,120,120,120,117,121,121,125,125,129,129,129,133,137,137,137,137,137,141,141,145,145,145,145],"relics":["Burning Blood","Bag of Preparation","Whetstone","Cursed Key","Paper Frog","Juzu Bracelet","Sozu","Pen Nib","Meat on the Bone"],"card_choices":[{"not_picked":["Thunderclap","Anger"],"picked":"Battle Trance"},{"not_picked":["Corruption","Sword Boomerang"],"picked":"Thunderclap"},{"not_picked":["Headbutt","Dropkick"],"picked":"Flame Barrier"},{"not_picked":["True Grit","Evolve"],"picked":"Spot Weakness"},{"not_picked":["Thunderclap","Cleave"],"picked":"Iron Wave"},{"not_picked":["Juggernaut","Brutality"],"picked":"Demon Form"},{"not_picked":["Flex","Perfected Strike"],"picked":"Evolve"},{"not_picked":["Iron Wave","Thunderclap"],"picked":"Headbutt"},{"not_picked":["Perfected Strike","Inflame"],"picked":"Shrug It Off"},{"not_picked":["Spot Weakness","Corruption"],"picked":"Headbutt"},{"not_picked":["Perfected Strike","Iron Wave"],"picked":"Shrug It Off"},{"not_picked":["Flex","Sever Soul"],"picked":"Fiend Fire"},{"not_picked":["Second Wind","Wild Strike"],"picked":"Sentinel"},{"not_picked":["Juggernaut","Demon Form"],"picked":"Impervious"},{"not_picked":["Hemokinesis","Twin Strike"],"picked":"Heavy Blade"},{"not_picked":["Clothesline","Corruption"],"picked":"Armaments"},{"not_picked":["Disarm","Spot Weakness"],"picked":"Sword Boomerang"}],"player_experience":213558,"potions_floor_usage":[16,19,24],"damage_taken":[{"damage":6,"enemies":"Jaw Worm","floor":1,"turns":7},{"damage":1,"enemies":"Cultist","floor":2,"turns":3},{"damage":7,"enemies":"Small Slimes","floor":4,"turns":3},{"damage":0,"enemies":"2 Fungi Beasts","floor":11,"turns":2},{"damage":10,"enemies":"Exordium Thugs","floor":12,"turns":3},{"damage":11,"enemies":"Looter","floor":14,"turns":3},{"damage":12,"enemies":"The Guardian","floor":16,"turns":11},{"damage":18,"enemies":"Shell Parasite","floor":18,"turns":6},{"damage":11,"enemies":"3 Byrds","floor":19,"turns":4},{"damage":42,"enemies":"Snecko","floor":22,"turns":6},{"damage":43,"enemies":"Slavers","floor":24,"turns":5},{"damage":6,"enemies":"Snake Plant","floor":25,"turns":4},{"damage":5,"enemies":"Centurion and Healer","floor":27,"turns":6},{"damage":19,"enemies":"Snecko","floor":31,"turns":5},{"damage":42,"enemies":"Champ","floor":33,"turns":8},{"damage":22,"enemies":"3 Shapes","floor":35,"turns":8},{"damage":0,"enemies":"Orb Walker","floor":38,"turns":2},{"damage":23,"enemies":"Maw","floor":39,"turns":7},{"damage":31,"enemies":"3 Darklings","floor":41,"turns":5},{"damage":32,"enemies":"4 Shapes","floor":44,"turns":7},{"damage":27,"enemies":"Maw","floor":46,"turns":9},{"damage":155,"enemies":"Awakened One","floor":50,"turns":10}],"event_choices":[{"event_name":"Scrap Ooze","player_choice":"success","floor":5,"damage_taken":18},{"event_name":"Big Fish","player_choice":"Donut","floor":7,"damage_taken":0},{"event_name":"Living Wall","player_choice":"Forget","floor":13,"damage_taken":0},{"event_name":"Drug Dealer","player_choice":"Got JAXXED","floor":20,"damage_taken":0},{"event_name":"The Library","player_choice":"Read","floor":21,"damage_taken":0},{"event_name":"Back to Basics","player_choice":"Simplicity","floor":29,"damage_taken":0},{"event_name":"Beggar","player_choice":"Gave Gold","floor":30,"damage_taken":0},{"event_name":"Mysterious Sphere","player_choice":"Ignore","floor":48,"damage_taken":0}],"boss_relics":[{"not_picked":["Runic Dome","Calling Bell"],"picked":"Cursed Key"},{"not_picked":["Lizard Tail","Question Card"],"picked":"Sozu"}],"potions_floor_spawned":[2,14,18,19,22,27,33,39,41],"seed_played":"-4272904243094204697","killed_by":"Awakened One","ascension_level":5,"is_trial":false}