{"path_per_floor":["M","?","?","?","M","R","M","R","T","M","?","?","M","M","R","B",null,"M","?","?","$","?"],"character_chosen":"IRONCLAD","items_purchased":["Toolbox"],"gold_per_floor":[110,110,60,60,75,75,93,93,118,138,195,195,212,225,225,329,329,342,267,267,18,18],"floor_reached":23,"campfire_rested":1,"playtime":617,"current_hp_per_floor":[80,80,80,80,80,80,79,79,86,81,55,55,60,56,82,20,87,81,81,64,64,64],"items_purged":[],"gold":18,"score":241,"play_id":"b19d9ef3-9524-49d4-8c89-dd8d7fd2a815","is_prod":false,"is_daily":false,"is_ascension_mode":true,"campfire_upgraded":2,"path_taken":["M","?","?","?","M","R","M","R","T","?","?","?","M","M","R","BOSS","M","?","?","$","?","E"],"build_version":"2018-02-15-PROD1","purchased_purges":0,"victory":false,"master_deck":["Defend_R","Defend_R","Defend_R","Bash","Blood for Blood+1","Sever Soul","Seeing Red+1","Shrug It Off+1","Exhume","Inflame","Inflame","Reaper","Iron Wave","Bite","Bite","Bite","Bite","Bite"],"max_hp_per_floor":[80,80,80,80,80,80,80,80,87,87,87,87,87,87,87,87,87,87,87,92,92,64],"relics":["Burning Blood","Strawberry","Juzu Bracelet","Velvet Choker","Toolbox"],"card_choices":[{"not_picked":["Intimidate","Warcry"],"picked":"Blood for Blood"},{"not_picked":["Perfected Strike","Pommel Strike"],"picked":"Seeing Red"},{"not_picked":["Armaments","Body Slam"],"picked":"Shrug It Off"},{"not_picked":["Combust","Bloodletting"],"picked":"Exhume"},{"not_picked":["Second Wind","Power Through"],"picked":"Inflame"},{"not_picked":["Headbutt","Rupture"],"picked":"Inflame"},{"not_picked":["Juggernaut","Barricade"],"picked":"Reaper"},{"not_picked":["Burning Pact","Combust"],"picked":"Iron Wave"}],"player_experience":200423,"potions_floor_usage":[10,16,16],"damage_taken":[{"damage":3,"enemies":"Jaw Worm","floor":1,"turns":4},{"damage":1,"enemies":"Cultist","floor":5,"turns":3},{"damage":7,"enemies":"Small Slimes","floor":7,"turns":3},{"damage":11,"enemies":"3 Louse","floor":10,"turns":2},{"damage":32,"enemies":"Gremlin Nob","floor":11,"turns":5},{"damage":1,"enemies":"Looter","floor":13,"turns":2},{"damage":10,"enemies":"2 Fungi Beasts","floor":14,"turns":3},{"damage":83,"enemies":"Hexaghost","floor":16,"turns":10},{"damage":24,"enemies":"3 Byrds","floor":18,"turns":6},{"damage":67,"enemies":"Slavers","floor":23,"turns":3}],"event_choices":[{"event_name":"Upgrade Shrine","player_choice":"Upgraded","floor":2,"damage_taken":0},{"event_name":"The Cleric","player_choice":"Card Removal","floor":3,"damage_taken":0},{"event_name":"Living Wall","player_choice":"Change","floor":4,"damage_taken":0},{"event_name":"Dead Adventurer","player_choice":"Searched \u00272\u0027 times","floor":11,"damage_taken":0},{"event_name":"Liars Game","player_choice":"disagreed","floor":12,"damage_taken":0},{"event_name":"Beggar","player_choice":"Gave Gold","floor":19,"damage_taken":0},{"event_name":"Forgotten Altar","player_choice":"Shed Blood","floor":20,"damage_taken":0},{"event_name":"Vampires","player_choice":"Became a vampire","floor":22,"damage_taken":0}],"boss_relics":[{"not_picked":["Runic Pyramid","Calling Bell"],"picked":"Velvet Choker"}],"potions_floor_spawned":[1,5,11,13],"seed_played":"5897645087828820960","killed_by":"Slavers","ascension_level":4,"is_trial":false}