{"path_per_floor":["M","M","T","?","?","E","M","R","T","M","E","R","M","M","R","B",null,"M","?","M","M","$","R","$","R","T","$","M","M","T"],"character_chosen":"IRONCLAD","items_purchased":["Membership Card","Shrug It Off"],"gold_per_floor":[115,126,153,228,228,257,270,270,270,288,323,323,333,353,353,452,452,472,387,405,417,142,142,41,41,68,68,80,92,92],"floor_reached":31,"campfire_rested":0,"playtime":1362,"current_hp_per_floor":[75,78,78,67,67,61,67,67,67,69,61,61,65,73,73,32,80,64,64,72,71,71,71,71,71,71,71,53,44,44],"items_purged":["Strike_R","Strike_R"],"gold":92,"score":247,"play_id":"719ea2b0-25f6-4a1c-8958-3a11da40f3a8","is_prod":false,"is_daily":false,"is_ascension_mode":false,"campfire_upgraded":5,"path_taken":["M","M","?","?","?","E","?","R","T","M","E","R","M","M","R","BOSS","M","?","M","M","$","R","$","R","T","?","M","?","?","E"],"build_version":"2018-02-08-PROD1","purchased_purges":2,"victory":false,"master_deck":["Strike_R","Strike_R","Strike_R","Defend_R","Defend_R","Defend_R","Defend_R","Bash","Flame Barrier+1","Body Slam+1","Disarm+1","Shrug It Off+1","Shrug It Off+1","Pain","Flame Barrier","Parasite"],"max_hp_per_floor":[80,80,80,80,80,80,80,80,80,80,80,80,80,80,80,80,80,80,80,80,80,80,80,80,80,80,80,80,80,80],"relics":["Burning Blood","Anchor","Vajra","Blue Candle","Blood Vial","Cursed Key","Dodecahedron","Membership Card","Pen Nib","Ginger"],"card_choices":[{"not_picked":["Cleave","Armaments"],"picked":"Flame Barrier"},{"not_picked":["Wild Strike","Bludgeon"],"picked":"Body Slam"},{"not_picked":["True Grit","Power Through"],"picked":"Disarm"},{"not_picked":["Rage","Warcry"],"picked":"Shrug It Off"},{"not_picked":["Warcry","Fire Breathing"],"picked":"Flame Barrier"}],"player_experience":145340,"potions_floor_usage":[6,29,31],"damage_taken":[{"damage":11,"enemies":"Blue Slaver","floor":1,"turns":7},{"damage":3,"enemies":"2 Louse","floor":2,"turns":3},{"damage":12,"enemies":"Gremlin Nob","floor":6,"turns":4},{"damage":0,"enemies":"Jaw Worm","floor":7,"turns":2},{"damage":4,"enemies":"Lots of Slimes","floor":10,"turns":4},{"damage":14,"enemies":"Lagavulin","floor":11,"turns":5},{"damage":4,"enemies":"Large Slime","floor":13,"turns":6},{"damage":0,"enemies":"Red Slaver","floor":14,"turns":4},{"damage":49,"enemies":"The Guardian","floor":16,"turns":15},{"damage":22,"enemies":"Chosen","floor":18,"turns":6},{"damage":0,"enemies":"3 Byrds","floor":20,"turns":4},{"damage":9,"enemies":"Snake Plant","floor":21,"turns":5},{"damage":26,"enemies":"Centurion and Healer","floor":28,"turns":16},{"damage":17,"enemies":"Chosen and Byrds","floor":29,"turns":11},{"damage":46,"enemies":"Gremlin Leader","floor":31,"turns":9}],"event_choices":[{"event_name":"World of Goop","player_choice":"Gather Gold","floor":4,"damage_taken":0},{"event_name":"The Lab","player_choice":"Got Potions","floor":5,"damage_taken":0},{"event_name":"Addict","player_choice":"Obtained Relic","floor":19,"damage_taken":0}],"boss_relics":[{"not_picked":["Astrolabe","Calling Bell"],"picked":"Cursed Key"}],"potions_floor_spawned":[1,10,11,13,20,21,29],"seed_played":"6502155995019379602","killed_by":"Gremlin Leader","ascension_level":0,"is_trial":false}