{"path_per_floor":["M","M","M","?","$","M","?","R","T","R","M","E","T","M","R","B",null,"M","M","?","M","T","R","E","$","T","R","M","M","$","M","R","B",null,"M","$","?","?","$","R","M","R","T","R","M","E","$","M","R"],"character_chosen":"IRONCLAD","items_purchased":["Metallicize","Apotheosis","Inflame","Seeing Red","Swift Potion","Art of War","Lantern"],"gold_per_floor":[115,127,139,239,85,95,95,95,168,168,186,259,327,350,350,478,478,499,520,520,543,592,592,625,156,156,156,181,197,24,45,45,165,165,180,180,180,513,65,65,85,85,85,85,101,132,132,151,151],"floor_reached":50,"campfire_rested":1,"playtime":4275,"current_hp_per_floor":[80,76,80,80,80,80,60,60,60,60,57,47,47,44,44,36,80,80,64,64,60,60,60,33,33,33,57,80,80,80,80,80,25,80,80,80,80,80,80,80,73,73,73,73,80,17,17,62,62],"items_purged":["Strike_R","Corruption","Entrench","Perfected Strike"],"gold":151,"score":511,"play_id":"8941fcf7-fe93-4949-a2db-d9836e77a704","is_prod":false,"is_daily":false,"is_ascension_mode":true,"campfire_upgraded":9,"path_taken":["M","M","M","?","$","M","?","R","T","R","M","E","?","M","R","BOSS","M","M","?","?","?","R","E","$","T","R","M","M","$","M","R","BOSS","M","$","?","?","?","R","M","R","T","R","M","E","$","M","R","BOSS"],"build_version":"2018-02-08-PROD1","purchased_purges":4,"victory":false,"master_deck":["Bash","Flex","Heavy Blade","Dual Wield+1","Metallicize+1","Clash","Dual Wield+1","Offering+1","Shrug It Off","Twin Strike","Combust+1","Pommel Strike","Blood for Blood","Battle Trance+1","Dual Wield+1","Apotheosis+1","Inflame+1","Seeing Red+1","Flex","Immolate+1","Burning Pact"],"max_hp_per_floor":[80,80,80,80,80,80,80,80,80,80,80,80,80,80,80,80,80,80,80,80,80,80,80,80,80,80,80,80,80,80,80,80,80,80,80,80,80,80,80,80,80,80,80,80,80,80,80,80,80],"relics":["Black Blood","Frozen Egg 2","Tiny Chest","Pantograph","Pandora\u0027s Box","Dream Catcher","Bird Faced Urn","Kunai","Art of War","Lantern","Happy Flower","The Courier"],"card_choices":[{"not_picked":["Anger","Clash"],"picked":"Flex"},{"not_picked":["Warcry","Clash"],"picked":"Heavy Blade"},{"not_picked":["Combust","Clash"],"picked":"Dual Wield"},{"not_picked":["Iron Wave","Anger"],"picked":"Clash"},{"not_picked":["Combust","Fire Breathing"],"picked":"Clash"},{"not_picked":["Fire Breathing","Whirlwind"],"picked":"Dual Wield"},{"not_picked":["Brutality","Exhume"],"picked":"Offering"},{"not_picked":["Armaments","Sword Boomerang"],"picked":"Battle Trance"},{"not_picked":["Clothesline","Headbutt"],"picked":"Dual Wield"},{"not_picked":["Heavy Blade","Infernal Blade"],"picked":"Flex"},{"not_picked":["Berserk","Dark Embrace"],"picked":"Immolate"},{"not_picked":["Cleave","Thunderclap"],"picked":"Burning Pact"}],"player_experience":196135,"potions_floor_usage":[2,2,6,16,21,24,24,31,35],"damage_taken":[{"damage":6,"enemies":"Cultist","floor":1,"turns":3},{"damage":10,"enemies":"Blue Slaver","floor":2,"turns":3},{"damage":1,"enemies":"2 Louse","floor":3,"turns":2},{"damage":6,"enemies":"Looter","floor":6,"turns":4},{"damage":9,"enemies":"3 Louse","floor":11,"turns":5},{"damage":16,"enemies":"Gremlin Nob","floor":12,"turns":4},{"damage":9,"enemies":"Exordium Thugs","floor":14,"turns":3},{"damage":39,"enemies":"The Guardian","floor":16,"turns":12},{"damage":5,"enemies":"Chosen","floor":18,"turns":2},{"damage":22,"enemies":"2 Thieves","floor":19,"turns":3},{"damage":10,"enemies":"Snecko","floor":21,"turns":6},{"damage":33,"enemies":"Gremlin Leader","floor":24,"turns":6},{"damage":14,"enemies":"Centurion and Healer","floor":28,"turns":19},{"damage":40,"enemies":"Snake Plant","floor":29,"turns":21},{"damage":4,"enemies":"3 Cultists","floor":31,"turns":3},{"damage":77,"enemies":"Automaton","floor":33,"turns":9},{"damage":32,"enemies":"3 Shapes","floor":35,"turns":15},{"damage":27,"enemies":"Orb Walker","floor":41,"turns":6},{"damage":24,"enemies":"Sphere and 2 Shapes","floor":45,"turns":15},{"damage":73,"enemies":"2 Orb Walkers","floor":46,"turns":4},{"damage":13,"enemies":"3 Darklings","floor":48,"turns":18},{"damage":94,"enemies":"Awakened One","floor":50,"turns":5}],"event_choices":[{"event_name":"Golden Shrine","player_choice":"Pray","floor":4,"damage_taken":0},{"event_name":"Golden Idol","player_choice":"Take Damage","floor":7,"damage_taken":0},{"event_name":"Vampires","player_choice":"Ignored","floor":20,"damage_taken":0},{"event_name":"Bonfire Elementals","player_choice":"COMMON","floor":37,"damage_taken":0},{"event_name":"The Moai Head","player_choice":"Gave Idol","floor":38,"damage_taken":0}],"boss_relics":[{"not_picked":["Sozu","Black Star"],"picked":"Pandora\u0027s Box"},{"not_picked":["Calling Bell","Philosopher\u0027s Stone"],"picked":"Black Blood"}],"potions_floor_spawned":[2,3,12,18,21,48],"seed_played":"6989884099538112920","killed_by":"Awakened One","ascension_level":2,"is_trial":false}