{"path_per_floor":["M","?","$","?","M","E","R","E","T","?","?","M","M","E","R","B",null,"M","?","$","M","$","R","M","?","T","M","?","M","R","M","R","B",null,"M","M","T","$","M","R","?","R","T","M","M","$","M","?","R","B"],"character_chosen":"IRONCLAD","items_purchased":["Whirlwind","Metallicize","Anchor","Shrug It Off","Demon Form"],"gold_per_floor":[119,119,39,39,49,81,81,113,166,166,166,179,194,226,226,326,326,338,538,385,398,94,94,107,107,134,146,61,78,78,89,89,193,193,212,222,246,46,66,66,66,66,91,103,120,120,136,136,136,136],"floor_reached":51,"campfire_rested":3,"playtime":2434,"current_hp_per_floor":[77,82,82,82,80,61,61,52,52,52,45,51,57,47,73,48,79,66,66,66,63,63,63,48,48,48,54,54,56,56,48,89,85,88,86,79,79,79,73,73,73,73,73,51,57,57,55,55,89,66],"items_purged":["Strike_R","Strike_R","Strike_R"],"gold":136,"score":750,"play_id":"91641dd9-7b37-4cd7-9525-9416a0781d63","is_prod":false,"is_daily":false,"is_ascension_mode":true,"campfire_upgraded":5,"path_taken":["M","?","$","?","M","E","R","E","T","?","?","?","M","E","R","BOSS","M","?","$","?","$","R","?","?","T","M","?","?","R","M","R","BOSS","M","M","?","$","M","R","?","R","T","M","M","$","M","?","R","BOSS"],"build_version":"2018-02-12-PROD1","purchased_purges":4,"victory":true,"master_deck":["Defend_R","Defend_R","Defend_R","Defend_R","Bash","Shrug It Off+1","Flame Barrier","Whirlwind+1","Disarm","Clothesline+1","Barricade+1","Metallicize","Body Slam+1","Shrug It Off+1","Impervious","Seeing Red","Shrug It Off","Demon Form","Battle Trance+1"],"max_hp_per_floor":[80,85,85,82,82,89,89,89,89,89,89,89,89,89,89,89,89,89,89,89,89,89,89,89,89,89,89,89,89,89,89,89,89,89,89,89,89,89,89,89,89,89,89,89,89,89,89,89,89,89],"relics":["Burning Blood","Spirit Poop","Strawberry","Lantern","Bag of Marbles","Dream Catcher","Mark of Pain","Anchor","Regal Pillow","Ice Cream","Velvet Choker","Bronze Scales","Whetstone"],"card_choices":[{"not_picked":["Second Wind","Twin Strike"],"picked":"Shrug It Off"},{"not_picked":["Heavy Blade","Wild Strike"],"picked":"Flame Barrier"},{"not_picked":["Searing Blow","Seeing Red"],"picked":"Headbutt"},{"not_picked":["Flame Barrier","Sword Boomerang"],"picked":"Disarm"},{"not_picked":["Dual Wield","Cleave"],"picked":"Clothesline"},{"not_picked":["Shockwave","Armaments"],"picked":"Barricade"},{"not_picked":["Dual Wield","Pummel"],"picked":"Body Slam"},{"not_picked":["Pummel","Cleave"],"picked":"Seeing Red"},{"not_picked":["Corruption","Flex"],"picked":"Shrug It Off"},{"not_picked":["Twin Strike","Intimidate"],"picked":"Battle Trance"}],"player_experience":188929,"potions_floor_usage":[6,21,50,50,50],"damage_taken":[{"damage":1,"enemies":"2 Louse","floor":1,"turns":3},{"damage":8,"enemies":"Small Slimes","floor":5,"turns":4},{"damage":32,"enemies":"Gremlin Nob","floor":6,"turns":4},{"damage":15,"enemies":"3 Sentries","floor":8,"turns":5},{"damage":0,"enemies":"Cultist","floor":12,"turns":2},{"damage":0,"enemies":"Gremlin Gang","floor":13,"turns":1},{"damage":16,"enemies":"Gremlin Nob","floor":14,"turns":3},{"damage":31,"enemies":"The Guardian","floor":16,"turns":16},{"damage":19,"enemies":"Spheric Guardian","floor":18,"turns":5},{"damage":9,"enemies":"Chosen","floor":21,"turns":5},{"damage":21,"enemies":"Snecko","floor":24,"turns":6},{"damage":0,"enemies":"Snake Plant","floor":27,"turns":3},{"damage":4,"enemies":"Centurion and Healer","floor":29,"turns":4},{"damage":14,"enemies":"Slaver and Parasite","floor":31,"turns":7},{"damage":10,"enemies":"Automaton","floor":33,"turns":15},{"damage":8,"enemies":"Orb Walker","floor":35,"turns":3},{"damage":13,"enemies":"3 Shapes","floor":36,"turns":7},{"damage":12,"enemies":"3 Darklings","floor":39,"turns":4},{"damage":28,"enemies":"Maw","floor":44,"turns":7},{"damage":0,"enemies":"Sphere and 2 Shapes","floor":45,"turns":5},{"damage":8,"enemies":"4 Shapes","floor":47,"turns":9},{"damage":44,"enemies":"Donu and Deca","floor":50,"turns":11}],"event_choices":[{"event_name":"Big Fish","player_choice":"Donut","floor":2,"damage_taken":0},{"event_name":"Bonfire Elementals","player_choice":"CURSE","floor":4,"damage_taken":0},{"event_name":"Golden Idol","player_choice":"Ignored","floor":10,"damage_taken":0},{"event_name":"Golden Wing","player_choice":"Card Removal","floor":11,"damage_taken":0},{"event_name":"Wheel of Change","player_choice":"Gold","floor":19,"damage_taken":0},{"event_name":"Transmorgrifier","player_choice":"Transform","floor":25,"damage_taken":0},{"event_name":"Addict","player_choice":"Obtained Relic","floor":28,"damage_taken":0},{"event_name":"Tomb of Lord Red Mask","player_choice":"Ignored","floor":41,"damage_taken":0}],"boss_relics":[{"not_picked":["Black Blood","Runic Dome"],"picked":"Mark of Pain"},{"not_picked":["Astrolabe","Orrery"],"picked":"Velvet Choker"}],"potions_floor_spawned":[5,6,13,14,29,45],"seed_played":"8979894057177529221","ascension_level":10,"is_trial":false}