{"path_per_floor":["M","$","?","M","M","E","R","M","T","T","$","R","M","M","R","B",null,"M","T","?","$","M","E","$","M","T","R","?","?","M","M","R","B",null,"M","M","$","M","M","R","M","M","T","R","M","?","M","M","R"],"character_chosen":"IRONCLAD","items_purchased":["Body Slam","Shrug It Off","Ghostly Armor"],"gold_per_floor":[113,63,63,75,94,119,119,138,138,138,63,63,77,91,91,195,195,212,212,212,60,74,107,28,41,41,41,41,41,54,69,69,165,165,184,197,72,84,95,95,110,124,151,151,165,0,18,29,29],"floor_reached":50,"campfire_rested":4,"playtime":3276,"current_hp_per_floor":[78,78,75,75,75,48,48,39,39,39,39,63,62,67,67,32,80,80,80,80,80,80,49,49,55,65,65,47,38,44,50,78,10,95,95,95,95,73,51,79,70,72,72,72,67,67,66,67,95],"items_purged":["Strike_R","Strike_R","Strike_R"],"gold":29,"score":529,"play_id":"7b137144-247c-4d3e-b2f2-7b0bf92b258d","is_prod":false,"is_daily":false,"is_ascension_mode":true,"campfire_upgraded":4,"path_taken":["M","$","?","M","?","E","R","?","T","?","$","R","M","M","R","BOSS","M","?","?","$","?","E","$","M","T","R","?","?","M","?","R","BOSS","M","M","$","?","M","R","M","M","T","R","M","?","M","M","R","BOSS"],"build_version":"2018-02-08-PROD1","purchased_purges":3,"victory":false,"master_deck":["Strike_R","Strike_R+1","Defend_R+1","Defend_R","Defend_R","Defend_R","Bash+1","Headbutt+1","Body Slam+1","Flame Barrier+1","Ghostly Armor+1","Double Tap+1","Evolve+1","Shrug It Off+1","Ghostly Armor+1","Iron Wave+1","Offering+1","Body Slam+1","Battle Trance+1"],"max_hp_per_floor":[80,80,80,80,80,80,80,80,80,80,80,80,80,80,80,80,80,80,80,80,80,80,80,80,80,90,90,95,95,95,95,95,95,95,95,95,95,95,95,95,95,95,95,95,95,95,95,95,95],"relics":["Burning Blood","Toxic Egg 2","Frozen Egg 2","Self Forming Clay","Letter Opener","Velvet Choker","Frozen Eye","Whetstone","Pear","Sozu","Bag of Preparation","Red Mask"],"card_choices":[{"not_picked":["Cleave","Warcry"],"picked":"Headbutt"},{"not_picked":["Twin Strike","Infernal Blade"],"picked":"Flame Barrier"},{"not_picked":["Sword Boomerang","Bloodletting"],"picked":"Ghostly Armor"},{"not_picked":["Demon Form","Barricade"],"picked":"Double Tap"},{"not_picked":["Pummel","Twin Strike"],"picked":"Evolve"},{"not_picked":["Anger","Hemokinesis"],"picked":"Iron Wave"},{"not_picked":["Demon Form","Barricade"],"picked":"Offering"},{"not_picked":["Cleave","Dual Wield"],"picked":"Body Slam"},{"not_picked":["Sword Boomerang","Heavy Blade"],"picked":"Battle Trance"}],"player_experience":134015,"potions_floor_usage":[8,16,23,33,33,33],"damage_taken":[{"damage":8,"enemies":"Jaw Worm","floor":1,"turns":4},{"damage":6,"enemies":"Cultist","floor":4,"turns":3},{"damage":6,"enemies":"Blue Slaver","floor":5,"turns":5},{"damage":33,"enemies":"Lagavulin","floor":6,"turns":7},{"damage":15,"enemies":"Gremlin Gang","floor":8,"turns":6},{"damage":7,"enemies":"Exordium Wildlife","floor":13,"turns":4},{"damage":1,"enemies":"Lots of Slimes","floor":14,"turns":5},{"damage":41,"enemies":"The Guardian","floor":16,"turns":14},{"damage":1,"enemies":"Spheric Guardian","floor":18,"turns":3},{"damage":6,"enemies":"Shell Parasite","floor":22,"turns":3},{"damage":37,"enemies":"Slavers","floor":23,"turns":7},{"damage":0,"enemies":"Snecko","floor":25,"turns":5},{"damage":0,"enemies":"3 Cultists","floor":30,"turns":6},{"damage":0,"enemies":"Slaver and Parasite","floor":31,"turns":5},{"damage":74,"enemies":"Collector","floor":33,"turns":13},{"damage":0,"enemies":"Orb Walker","floor":35,"turns":3},{"damage":4,"enemies":"3 Shapes","floor":36,"turns":5},{"damage":28,"enemies":"Maw","floor":38,"turns":7},{"damage":28,"enemies":"3 Darklings","floor":39,"turns":6},{"damage":15,"enemies":"Sphere and 2 Shapes","floor":41,"turns":7},{"damage":4,"enemies":"4 Shapes","floor":42,"turns":5},{"damage":11,"enemies":"Maw","floor":45,"turns":7},{"damage":7,"enemies":"Sphere and 2 Shapes","floor":47,"turns":4},{"damage":5,"enemies":"3 Darklings","floor":48,"turns":3},{"damage":110,"enemies":"Time Eater","floor":50,"turns":12}],"event_choices":[{"event_name":"Scrap Ooze","player_choice":"success","floor":3,"damage_taken":3},{"event_name":"Drug Dealer","player_choice":"Ignored","floor":20,"damage_taken":0},{"event_name":"Forgotten Altar","player_choice":"Shed Blood","floor":28,"damage_taken":0},{"event_name":"Cursed Tome","player_choice":"Stopped","floor":29,"damage_taken":0},{"event_name":"Tomb of Lord Red Mask","player_choice":"Paid","floor":46,"damage_taken":0}],"boss_relics":[{"not_picked":["Cursed Key","Runic Dome"],"picked":"Velvet Choker"},{"not_picked":["White Beast Statue","Runic Cube"],"picked":"Sozu"}],"potions_floor_spawned":[6,8,16,18,22,23,31,39,42,47,48],"seed_played":"-4644827196438151171","killed_by":"Time Eater","ascension_level":4,"is_trial":false}