{"path_per_floor":["M","?","$","M","M","E","R","$","T","M","M","R","E","M","R","B",null,"M","?","$","?","M","E","R","M","T","?","R","M","M","M","R","B",null,"M","$","M","?","M","R","E","$","T","M","M","R"],"character_chosen":"IRONCLAD","items_purchased":["Shrug It Off","Inflame"],"gold_per_floor":[114,114,39,53,63,93,93,48,129,139,154,154,187,204,204,299,299,317,242,142,142,156,181,181,195,221,136,136,155,169,180,180,280,280,295,170,190,190,209,209,234,47,47,67,82,82],"floor_reached":47,"campfire_rested":8,"playtime":1862,"current_hp_per_floor":[80,85,85,84,85,52,77,77,77,53,46,71,39,27,52,34,85,85,85,85,85,85,28,55,53,53,53,80,77,52,47,74,16,92,87,87,77,77,51,78,49,49,49,20,12,39],"items_purged":["Clumsy","Strike_R","Strike_R","Strike_R"],"gold":82,"score":527,"play_id":"38ddb357-acd9-45a2-bba3-d93ca4daf5e1","is_prod":false,"is_daily":false,"is_ascension_mode":true,"campfire_upgraded":0,"path_taken":["M","?","$","M","?","E","R","$","T","M","M","R","E","M","R","BOSS","M","?","$","?","M","E","R","M","T","?","R","M","?","M","R","BOSS","M","$","M","?","M","R","E","?","T","M","M","R","?"],"build_version":"2018-02-12-PROD1","purchased_purges":4,"victory":false,"master_deck":["Strike_R","Defend_R","Defend_R","Defend_R","Defend_R","Bash","Pummel","Rampage","Seeing Red","Whirlwind","Shrug It Off","Headbutt","Ghostly Armor+1","Berserk","Carnage","Double Tap+1","Flex+1","Iron Wave","Spot Weakness+1","Heavy Blade","Offering+1","Thunderclap+1","Demon Form","Fire Breathing","Limit Break+1","Flex+1","Shrug It Off+1","Shockwave+1","Inflame+1","Seeing Red+1"],"max_hp_per_floor":[80,85,85,85,85,85,85,85,85,85,85,85,85,85,85,85,85,85,85,85,85,85,92,92,92,92,92,92,92,92,92,92,92,92,92,92,92,92,92,92,92,92,92,92,92,92],"relics":["Burning Blood","Ginger","Paper Frog","Toxic Egg 2","Toolbox","Velvet Choker","Strawberry","Dream Catcher","Thread and Needle","Runic Pyramid","Frozen Egg 2","Torii"],"card_choices":[{"not_picked":["Clothesline","Twin Strike"],"picked":"Pummel"},{"not_picked":["Heavy Blade","Shrug It Off"],"picked":"Rampage"},{"not_picked":["Battle Trance","Heavy Blade"],"picked":"Seeing Red"},{"not_picked":["Evolve","Clothesline"],"picked":"Whirlwind"},{"not_picked":["Wild Strike","Thunderclap"],"picked":"Headbutt"},{"not_picked":["Carnage","Shrug It Off"],"picked":"Ghostly Armor"},{"not_picked":["Clash","Blood for Blood"],"picked":"Berserk"},{"not_picked":["Twin Strike","Perfected Strike"],"picked":"Carnage"},{"not_picked":["Exhume","Brutality"],"picked":"Double Tap"},{"not_picked":["Shrug It Off","Clothesline"],"picked":"Flex"},{"not_picked":["Pommel Strike","Iron Wave"],"picked":"Spot Weakness"},{"not_picked":["Rupture","True Grit"],"picked":"Heavy Blade"},{"not_picked":["Warcry","Inflame"],"picked":"Offering"},{"not_picked":["Headbutt","Body Slam"],"picked":"Thunderclap"},{"not_picked":["Twin Strike","Warcry"],"picked":"Demon Form"},{"not_picked":["Clothesline","Body Slam"],"picked":"Fire Breathing"},{"not_picked":["Dark Embrace","Immolate"],"picked":"Limit Break"},{"not_picked":["Perfected Strike","Shrug It Off"],"picked":"Flex"},{"not_picked":["True Grit","Dropkick"],"picked":"Shrug It Off"},{"not_picked":["Feed","Headbutt"],"picked":"Shockwave"},{"not_picked":["Blood for Blood","Whirlwind"],"picked":"Seeing Red"}],"player_experience":172487,"potions_floor_usage":[22,23,30,33,37,41,47],"damage_taken":[{"damage":0,"enemies":"2 Louse","floor":1,"turns":3},{"damage":7,"enemies":"Jaw Worm","floor":4,"turns":3},{"damage":0,"enemies":"Small Slimes","floor":5,"turns":3},{"damage":39,"enemies":"3 Sentries","floor":6,"turns":9},{"damage":30,"enemies":"Gremlin Gang","floor":10,"turns":5},{"damage":13,"enemies":"Red Slaver","floor":11,"turns":4},{"damage":38,"enemies":"Gremlin Nob","floor":13,"turns":5},{"damage":18,"enemies":"Exordium Wildlife","floor":14,"turns":5},{"damage":24,"enemies":"Slime Boss","floor":16,"turns":10},{"damage":6,"enemies":"3 Byrds","floor":18,"turns":3},{"damage":0,"enemies":"Chosen","floor":22,"turns":3},{"damage":70,"enemies":"Slavers","floor":23,"turns":8},{"damage":8,"enemies":"Snecko","floor":25,"turns":4},{"damage":9,"enemies":"Snake Plant","floor":29,"turns":2},{"damage":31,"enemies":"Centurion and Healer","floor":30,"turns":4},{"damage":11,"enemies":"Slaver and Parasite","floor":31,"turns":3},{"damage":64,"enemies":"Collector","floor":33,"turns":7},{"damage":11,"enemies":"Orb Walker","floor":35,"turns":2},{"damage":16,"enemies":"3 Shapes","floor":37,"turns":4},{"damage":32,"enemies":"Sphere and 2 Shapes","floor":39,"turns":6},{"damage":35,"enemies":"2 Orb Walkers","floor":41,"turns":5},{"damage":35,"enemies":"4 Shapes","floor":44,"turns":6},{"damage":14,"enemies":"3 Darklings","floor":45,"turns":4},{"damage":49,"enemies":"Sphere and 2 Shapes","floor":47,"turns":4}],"event_choices":[{"event_name":"Big Fish","player_choice":"Donut","floor":2,"damage_taken":0},{"event_name":"Beggar","player_choice":"Gave Gold","floor":19,"damage_taken":0},{"event_name":"The Library","player_choice":"Read","floor":21,"damage_taken":0},{"event_name":"Addict","player_choice":"Obtained Relic","floor":27,"damage_taken":0},{"event_name":"Mysterious Sphere","player_choice":"Ignore","floor":38,"damage_taken":0}],"boss_relics":[{"not_picked":["Calling Bell","Lizard Tail"],"picked":"Velvet Choker"},{"not_picked":["Snecko Eye","Runic Dome"],"picked":"Runic Pyramid"}],"potions_floor_spawned":[6,11,13,14,18,29,30,33,39,45],"seed_played":"130668761942585125","killed_by":"Sphere and 2 Shapes","ascension_level":4,"is_trial":false}