{"path_per_floor":["M","M","?","$","?","M","R","E","T","E","$","?","R","M","R","B",null,"M","?","M","$","M","R"],"character_chosen":"IRONCLAD","items_purchased":["Armaments"],"gold_per_floor":[110,125,125,50,50,68,68,101,101,128,3,3,3,21,21,125,125,141,141,155,30,43,43],"floor_reached":24,"campfire_rested":2,"playtime":1005,"current_hp_per_floor":[80,80,73,73,90,85,85,64,64,38,38,38,65,68,68,51,90,53,53,27,27,17,44],"items_purged":["Strike_R","Strike_R","Strike_R"],"gold":43,"score":275,"play_id":"cbd5fb3d-2e29-464e-ab0f-0c9c4dfdf537","is_prod":false,"is_daily":false,"is_ascension_mode":true,"campfire_upgraded":1,"path_taken":["M","M","?","$","?","M","R","E","T","E","$","?","R","?","R","BOSS","M","?","M","$","M","R","M"],"build_version":"2018-02-08-PROD1","purchased_purges":3,"victory":false,"master_deck":["Defend_R","Defend_R","Defend_R","Defend_R","Bash","Spot Weakness+1","Shrug It Off","Heavy Blade","Armaments","Disarm","Writhe"],"max_hp_per_floor":[80,80,80,80,90,90,90,90,90,90,90,90,90,90,90,90,90,90,90,90,90,90,90],"relics":["Black Blood","Peace Pipe","Orichalcum","Lantern"],"card_choices":[{"not_picked":["Sword Boomerang","Clothesline"],"picked":"Spot Weakness"},{"not_picked":["Perfected Strike","Rampage"],"picked":"Shrug It Off"},{"not_picked":["Searing Blow","Corruption"],"picked":"Heavy Blade"},{"not_picked":["Rampage","Hemokinesis"],"picked":"Disarm"}],"player_experience":129801,"potions_floor_usage":[18,20,22,22],"damage_taken":[{"damage":2,"enemies":"2 Louse","floor":1,"turns":3},{"damage":4,"enemies":"Small Slimes","floor":2,"turns":4},{"damage":11,"enemies":"Blue Slaver","floor":6,"turns":7},{"damage":27,"enemies":"3 Sentries","floor":8,"turns":9},{"damage":32,"enemies":"Lagavulin","floor":10,"turns":5},{"damage":3,"enemies":"Looter","floor":14,"turns":3},{"damage":23,"enemies":"Hexaghost","floor":16,"turns":9},{"damage":47,"enemies":"3 Byrds","floor":18,"turns":7},{"damage":36,"enemies":"Spheric Guardian","floor":20,"turns":8},{"damage":20,"enemies":"Snake Plant","floor":22,"turns":5},{"damage":49,"enemies":"Cultist and Chosen","floor":24,"turns":7}],"event_choices":[{"event_name":"Golden Wing","player_choice":"Card Removal","floor":3,"damage_taken":0},{"event_name":"Bonfire Elementals","player_choice":"RARE","floor":5,"damage_taken":0},{"event_name":"Golden Idol","player_choice":"Ignored","floor":12,"damage_taken":0},{"event_name":"The Mausoleum","player_choice":"Yes","floor":19,"damage_taken":0}],"boss_relics":[{"not_picked":["Lizard Tail","Orrery"],"picked":"Black Blood"}],"potions_floor_spawned":[8,10,14,16,20],"seed_played":"7645606485903865452","killed_by":"Cultist and Chosen","ascension_level":4,"is_trial":false}