{"path_per_floor":["M","$","?","M","M","M","M","R","T","R","?","E","M","M","R","B",null,"M","?","?","?","M","R"],"character_chosen":"IRONCLAD","items_purchased":[],"gold_per_floor":[111,36,36,61,86,104,128,128,181,181,356,690,708,731,731,850,850,873,873,873,873,888,888],"floor_reached":24,"campfire_rested":1,"playtime":921,"current_hp_per_floor":[72,72,72,65,58,49,53,53,53,53,53,31,32,35,35,31,72,38,38,38,22,15,30],"items_purged":["Strike_R"],"gold":888,"score":254,"play_id":"17e375dc-b4e3-4458-a7f3-cbd2abc3425b","is_prod":false,"is_daily":false,"is_ascension_mode":true,"campfire_upgraded":3,"path_taken":["M","?","?","M","M","M","?","R","T","R","?","E","M","M","R","BOSS","M","?","?","?","M","R","M"],"build_version":"2018-02-15-PROD1","purchased_purges":1,"victory":false,"master_deck":["Defend_R","Defend_R","Defend_R","Bash","Juggernaut","Injury","Flame Barrier+1","True Grit+1","Rampage","Warcry+1","Shockwave","Iron Wave","Barricade","Seeing Red","Bite","Bite","Bite","Bite","Bite","True Grit+1"],"max_hp_per_floor":[72,72,72,72,72,72,72,72,72,72,72,72,72,72,72,72,72,72,50,50,50,50,50],"relics":["Burning Blood","Du-Vu Doll","Golden Idol","Omamori","Old Coin","Black Star","Enchiridion"],"card_choices":[{"not_picked":["Havoc","Heavy Blade"],"picked":"Juggernaut"},{"not_picked":["Warcry","Blood for Blood"],"picked":"Flame Barrier"},{"not_picked":["Body Slam","Wild Strike"],"picked":"True Grit"},{"not_picked":["Pummel","Thunderclap"],"picked":"Rampage"},{"not_picked":["Power Through","Sentinel"],"picked":"Warcry"},{"not_picked":["Pommel Strike","Combust"],"picked":"Shockwave"},{"not_picked":["Sword Boomerang","Demon Form"],"picked":"Iron Wave"},{"not_picked":["Impervious","Exhume"],"picked":"Barricade"},{"not_picked":["Warcry","Thunderclap"],"picked":"Seeing Red"},{"not_picked":["Burning Pact","Dropkick"],"picked":"True Grit"}],"player_experience":211824,"potions_floor_usage":[12,12,16,16,22],"damage_taken":[{"damage":6,"enemies":"Cultist","floor":1,"turns":3},{"damage":13,"enemies":"Jaw Worm","floor":4,"turns":5},{"damage":13,"enemies":"Small Slimes","floor":5,"turns":5},{"damage":15,"enemies":"Blue Slaver","floor":6,"turns":5},{"damage":2,"enemies":"Red Slaver","floor":7,"turns":5},{"damage":28,"enemies":"Gremlin Nob","floor":12,"turns":5},{"damage":5,"enemies":"Exordium Wildlife","floor":13,"turns":6},{"damage":3,"enemies":"2 Fungi Beasts","floor":14,"turns":4},{"damage":10,"enemies":"Hexaghost","floor":16,"turns":9},{"damage":40,"enemies":"Shell Parasite","floor":18,"turns":12},{"damage":42,"enemies":"Spheric Guardian","floor":22,"turns":7},{"damage":34,"enemies":"3 Cultists","floor":24,"turns":3}],"event_choices":[{"event_name":"Golden Idol","player_choice":"Take Wound","floor":3,"damage_taken":0},{"event_name":"Liars Game","player_choice":"agreed","floor":11,"damage_taken":0},{"event_name":"Vampires","player_choice":"Became a vampire","floor":19,"damage_taken":0},{"event_name":"Back to Basics","player_choice":"Elegance","floor":20,"damage_taken":0},{"event_name":"Cursed Tome","player_choice":"Obtained Book","floor":21,"damage_taken":0}],"boss_relics":[{"not_picked":["Question Card","Lizard Tail"],"picked":"Black Star"}],"potions_floor_spawned":[6,7,12,14,16,18,22],"seed_played":"-5199186932315022086","killed_by":"3 Cultists","ascension_level":3,"is_trial":false}