{"path_per_floor":["M","?","$","?","M","R","M","E","T","M","M","M","?","M","R","B",null,"M","$","M","M","?","R","$","M","T"],"character_chosen":"IRONCLAD","items_purchased":["Rampage","Ghostly Armor"],"gold_per_floor":[116,116,6,6,22,22,32,66,66,77,91,104,104,116,116,217,217,234,134,147,161,76,76,6,18,18],"floor_reached":27,"campfire_rested":2,"playtime":1371,"current_hp_per_floor":[67,67,67,51,50,74,69,30,30,31,41,44,41,45,69,43,71,66,66,56,42,42,42,42,43,43],"items_purged":["Strike_R","Parasite"],"gold":18,"score":326,"play_id":"e727d767-b74d-4f16-932f-de376cabef54","is_prod":false,"is_daily":false,"is_ascension_mode":true,"campfire_upgraded":1,"path_taken":["M","?","$","?","?","R","M","E","T","M","M","M","?","M","R","BOSS","M","$","M","M","?","R","$","M","T","M"],"build_version":"2018-02-12-PROD1","purchased_purges":2,"victory":false,"master_deck":["Strike_R","Strike_R","Strike_R","Defend_R","Defend_R","Defend_R+1","Defend_R","Bash","Double Tap","Body Slam+1","Hemokinesis","Rampage","Ghostly Armor","Reaper","Headbutt","Shrug It Off","Barricade","Disarm+1","True Grit+1","Ghostly Armor","Flame Barrier"],"max_hp_per_floor":[80,80,80,80,80,80,80,80,80,80,80,80,80,80,80,80,80,80,77,77,77,77,77,77,77,77],"relics":["Burning Blood","Centennial Puzzle","Gambling Chip","Bronze Scales","Mark of Pain","Juzu Bracelet","Dead Branch"],"card_choices":[{"not_picked":["Cleave","Wild Strike"],"picked":"Body Slam"},{"not_picked":["Shrug It Off","Flex"],"picked":"Ghostly Armor"},{"not_picked":["Body Slam","Seeing Red"],"picked":"Reaper"},{"not_picked":["Wild Strike","Power Through"],"picked":"Headbutt"},{"not_picked":["Blood for Blood","Body Slam"],"picked":"Shrug It Off"},{"not_picked":["Fiend Fire","Reaper"],"picked":"Barricade"},{"not_picked":["Warcry","Headbutt"],"picked":"Disarm"},{"not_picked":["Searing Blow","Twin Strike"],"picked":"True Grit"},{"not_picked":["Shrug It Off","Disarm"],"picked":"Flame Barrier"}],"player_experience":187558,"potions_floor_usage":[16],"damage_taken":[{"damage":11,"enemies":"Cultist","floor":1,"turns":4},{"damage":7,"enemies":"Jaw Worm","floor":5,"turns":4},{"damage":11,"enemies":"Blue Slaver","floor":7,"turns":4},{"damage":49,"enemies":"Lagavulin","floor":8,"turns":6},{"damage":9,"enemies":"2 Fungi Beasts","floor":10,"turns":5},{"damage":4,"enemies":"3 Louse","floor":11,"turns":4},{"damage":7,"enemies":"Looter","floor":12,"turns":4},{"damage":2,"enemies":"Large Slime","floor":14,"turns":7},{"damage":36,"enemies":"The Guardian","floor":16,"turns":9},{"damage":15,"enemies":"Spheric Guardian","floor":18,"turns":6},{"damage":16,"enemies":"Shell Parasite","floor":20,"turns":7},{"damage":23,"enemies":"Chosen and Byrds","floor":21,"turns":7},{"damage":9,"enemies":"Snecko","floor":25,"turns":10},{"damage":55,"enemies":"Slaver and Parasite","floor":27,"turns":4}],"event_choices":[{"event_name":"Living Wall","player_choice":"Change","floor":2,"damage_taken":0},{"event_name":"Shining Light","player_choice":"Entered Light","floor":4,"damage_taken":0},{"event_name":"Scrap Ooze","player_choice":"success","floor":13,"damage_taken":3},{"event_name":"Addict","player_choice":"Obtained Relic","floor":22,"damage_taken":0}],"boss_relics":[{"not_picked":["Philosopher\u0027s Stone","Runic Pyramid"],"picked":"Mark of Pain"}],"potions_floor_spawned":[8,11,12,14,16,21,25],"seed_played":"5620235676751969628","killed_by":"Slaver and Parasite","ascension_level":10,"is_trial":false}