{"path_per_floor":["M","?","$","M","?","R","M","M","T","R","E","M","?","?","R","B",null,"M","M","?","$","?","E","R","M","T","R","?","E","M","E","R","B",null,"M","M","T","$","?","R","M","M","T","R","E"],"character_chosen":"IRONCLAD","items_purchased":["Lantern"],"gold_per_floor":[111,61,61,73,73,73,85,101,128,128,156,175,175,175,175,270,270,280,296,296,72,72,104,104,121,121,121,121,152,168,223,223,323,323,336,352,352,252,222,222,233,243,243,243,271],"floor_reached":46,"campfire_rested":3,"playtime":2020,"current_hp_per_floor":[79,79,79,79,79,79,84,88,88,88,82,81,74,55,83,35,100,100,91,91,91,91,73,104,102,102,102,102,87,91,80,112,87,112,79,83,83,83,83,83,77,83,83,83,17],"items_purged":["Strike_R","Strike_R"],"gold":271,"score":627,"play_id":"acd11349-2dcf-4c89-9b93-92897d63e3f9","is_prod":false,"is_daily":false,"is_ascension_mode":true,"campfire_upgraded":5,"path_taken":["M","?","$","M","?","R","M","M","T","R","E","M","?","?","R","BOSS","M","M","?","$","?","E","R","M","T","R","?","E","?","E","R","BOSS","M","M","?","$","?","R","M","M","T","R","E","?"],"build_version":"2018-02-12-PROD1","purchased_purges":3,"victory":false,"master_deck":["Strike_R+1","Defend_R+1","Defend_R+1","Defend_R+1","Defend_R+1","Bash","Uppercut+1","Feed+1","Iron Wave","Spot Weakness","Metallicize+1","Juggernaut+1","Heavy Blade+1","Battle Trance","Spot Weakness","Armaments+1","Warcry","Headbutt+1","Seeing Red+1","Whirlwind+1","Clash+1","Warcry","Berserk","Shockwave+1","Flex+1"],"max_hp_per_floor":[80,80,80,80,80,80,84,88,88,88,92,96,96,96,96,100,100,100,104,104,104,104,104,104,104,104,104,104,104,108,112,112,112,112,112,112,112,112,112,112,116,116,116,116,116],"relics":["Burning Blood","Thread and Needle","Pen Nib","Molten Egg 2","Orrery","Lantern","Bottled Flame","Charon\u0027s Ashes","Ancient Tea Set","Tiny Chest","Runic Pyramid","Bronze Scales","Mercury Hourglass","Oddly Smooth Stone"],"card_choices":[{"not_picked":["Carnage","Pummel"],"picked":"Uppercut"},{"not_picked":["Feel No Pain","Cleave"],"picked":"Feed"},{"not_picked":["Sword Boomerang","Heavy Blade"],"picked":"Iron Wave"},{"not_picked":["Fiend Fire","Corruption"],"picked":"Spot Weakness"},{"not_picked":["Reckless Charge","Ghostly Armor"],"picked":"Metallicize"},{"not_picked":["Dark Embrace","Barricade"],"picked":"Juggernaut"},{"not_picked":["Flex","Havoc"],"picked":"Heavy Blade"},{"not_picked":["Disarm","Thunderclap"],"picked":"Battle Trance"},{"not_picked":["Havoc","Cleave"],"picked":"Spot Weakness"},{"not_picked":["Entrench","Heavy Blade"],"picked":"Armaments"},{"not_picked":["Sentinel","Entrench"],"picked":"Warcry"},{"not_picked":["Corruption","Cleave"],"picked":"Headbutt"},{"not_picked":["Flex","Inflame"],"picked":"Whirlwind"},{"not_picked":["Power Through","Uppercut"],"picked":"Warcry"},{"not_picked":["Dark Embrace","Exhume"],"picked":"Berserk"},{"not_picked":["Second Wind","Sword Boomerang"],"picked":"Shockwave"},{"not_picked":["Bloodletting","Immolate"],"picked":"Flex"}],"player_experience":163784,"potions_floor_usage":[16,29,29,31,42,45],"damage_taken":[{"damage":7,"enemies":"Jaw Worm","floor":1,"turns":3},{"damage":6,"enemies":"2 Louse","floor":4,"turns":3},{"damage":0,"enemies":"Small Slimes","floor":7,"turns":2},{"damage":4,"enemies":"Exordium Thugs","floor":8,"turns":5},{"damage":16,"enemies":"Gremlin Nob","floor":11,"turns":5},{"damage":11,"enemies":"Gremlin Gang","floor":12,"turns":5},{"damage":73,"enemies":"Hexaghost","floor":16,"turns":13},{"damage":6,"enemies":"Chosen","floor":18,"turns":6},{"damage":19,"enemies":"Shell Parasite","floor":19,"turns":5},{"damage":24,"enemies":"Book of Stabbing","floor":23,"turns":5},{"damage":8,"enemies":"Centurion and Healer","floor":25,"turns":5},{"damage":21,"enemies":"Gremlin Leader","floor":29,"turns":8},{"damage":6,"enemies":"3 Cultists","floor":30,"turns":5},{"damage":21,"enemies":"Slavers","floor":31,"turns":4},{"damage":31,"enemies":"Champ","floor":33,"turns":8},{"damage":39,"enemies":"3 Darklings","floor":35,"turns":6},{"damage":2,"enemies":"Orb Walker","floor":36,"turns":4},{"damage":16,"enemies":"Maw","floor":41,"turns":7},{"damage":0,"enemies":"Sphere and 2 Shapes","floor":42,"turns":3},{"damage":72,"enemies":"Giant Head","floor":45,"turns":9},{"damage":26,"enemies":"4 Shapes","floor":46,"turns":1}],"event_choices":[{"event_name":"The Cleric","player_choice":"Card Removal","floor":2,"damage_taken":0},{"event_name":"Liars Game","player_choice":"disagreed","floor":5,"damage_taken":0},{"event_name":"Golden Wing","player_choice":"Card Removal","floor":13,"damage_taken":0},{"event_name":"Shining Light","player_choice":"Entered Light","floor":14,"damage_taken":0},{"event_name":"The Library","player_choice":"Read","floor":20,"damage_taken":0},{"event_name":"Back to Basics","player_choice":"Simplicity","floor":22,"damage_taken":0},{"event_name":"Transmorgrifier","player_choice":"Transform","floor":28,"damage_taken":0},{"event_name":"The Woman in Blue","player_choice":"Bought 2 Potions","floor":39,"damage_taken":0}],"boss_relics":[{"not_picked":["Calling Bell","Tiny House"],"picked":"Orrery"},{"not_picked":["Lizard Tail","Black Star"],"picked":"Runic Pyramid"}],"potions_floor_spawned":[1,8,11,18,19,25,33,41,42],"seed_played":"1971305284787683035","killed_by":"4 Shapes","ascension_level":4,"is_trial":false}