{"path_per_floor":["M","M","M","M","M","E","R","?","T","M","$","R","E","M","R","B",null,"M","?","?","M","$","R"],"character_chosen":"IRONCLAD","items_purchased":["Ornamental Fan"],"gold_per_floor":[112,124,141,157,167,193,193,219,244,257,14,14,42,56,56,157,157,173,98,98,111,111,111],"floor_reached":24,"campfire_rested":4,"playtime":1067,"current_hp_per_floor":[71,68,73,72,68,39,63,48,48,48,48,72,58,63,80,29,80,44,44,44,11,11,35],"items_purged":[],"gold":111,"score":250,"play_id":"76331155-62ef-43ec-a222-7bf0df53a5a4","is_prod":false,"is_daily":false,"is_ascension_mode":true,"campfire_upgraded":0,"path_taken":["M","M","M","M","M","E","R","?","T","?","$","R","E","M","R","BOSS","M","?","?","M","$","R","M"],"build_version":"2018-02-12-PROD1","purchased_purges":1,"victory":false,"master_deck":["Strike_R+1","Strike_R+1","Strike_R+1","Defend_R+1","Defend_R+1","Defend_R+1","Bash","Fiend Fire","Warcry","Fire Breathing","Headbutt","Shrug It Off","Berserk","Headbutt","Pommel Strike","Rage","Seeing Red","Barricade","Carnage+1","Thunderclap+1","Intimidate","Dual Wield"],"max_hp_per_floor":[80,80,80,80,80,80,80,80,80,80,80,80,80,80,80,80,80,80,80,80,80,80,80],"relics":["Burning Blood","Oddly Smooth Stone","Odd Mushroom","Bag of Preparation","Ornamental Fan","Torii","Astrolabe"],"card_choices":[{"not_picked":["Rage","Heavy Blade"],"picked":"Warcry"},{"not_picked":["Iron Wave","Clash"],"picked":"Fire Breathing"},{"not_picked":["Iron Wave","Twin Strike"],"picked":"Headbutt"},{"not_picked":["True Grit","Sentinel"],"picked":"Shrug It Off"},{"not_picked":["Headbutt","Clothesline"],"picked":"Berserk"},{"not_picked":["Sever Soul","Twin Strike"],"picked":"Headbutt"},{"not_picked":["Combust","Reckless Charge"],"picked":"Pommel Strike"},{"not_picked":["Body Slam","Burning Pact"],"picked":"Rage"},{"not_picked":["Combust","Pommel Strike"],"picked":"Seeing Red"},{"not_picked":["Limit Break","Berserk"],"picked":"Barricade"},{"not_picked":["Rupture","Iron Wave"],"picked":"Intimidate"},{"not_picked":["Havoc","Warcry"],"picked":"Dual Wield"}],"player_experience":160763,"potions_floor_usage":[6,16,16],"damage_taken":[{"damage":15,"enemies":"Small Slimes","floor":1,"turns":3},{"damage":9,"enemies":"Blue Slaver","floor":2,"turns":4},{"damage":1,"enemies":"Cultist","floor":3,"turns":3},{"damage":7,"enemies":"Looter","floor":4,"turns":4},{"damage":10,"enemies":"Large Slime","floor":5,"turns":5},{"damage":35,"enemies":"3 Sentries","floor":6,"turns":10},{"damage":21,"enemies":"The Mushroom Lair","floor":8,"turns":6},{"damage":6,"enemies":"2 Fungi Beasts","floor":10,"turns":3},{"damage":20,"enemies":"Gremlin Nob","floor":13,"turns":4},{"damage":1,"enemies":"Looter","floor":14,"turns":3},{"damage":57,"enemies":"The Guardian","floor":16,"turns":12},{"damage":42,"enemies":"Shell Parasite","floor":18,"turns":7},{"damage":39,"enemies":"2 Thieves","floor":21,"turns":4},{"damage":41,"enemies":"Centurion and Healer","floor":24,"turns":3}],"event_choices":[{"event_name":"Mushrooms","player_choice":"Fought Mushrooms","floor":8,"damage_taken":0},{"event_name":"Beggar","player_choice":"Gave Gold","floor":19,"damage_taken":0},{"event_name":"Back to Basics","player_choice":"Simplicity","floor":20,"damage_taken":0}],"boss_relics":[{"not_picked":["Orrery","Snecko Eye"],"picked":"Astrolabe"}],"potions_floor_spawned":[1,3,4,5,6],"seed_played":"-4330087229082121853","killed_by":"Centurion and Healer","ascension_level":4,"is_trial":false}