{"path_per_floor":["M","?","M","$","?","R","M","R","T","R","M","?","M","?","R","B",null,"M","$","?","M","?","M","?","?","T","R","E","R","?","?","R"],"character_chosen":"IRONCLAD","items_purchased":["Spot Weakness","Shrug It Off"],"gold_per_floor":[113,113,124,50,50,50,64,64,64,64,76,76,94,94,94,190,190,200,78,78,96,21,37,37,37,37,37,65,65,65,65,65],"floor_reached":33,"campfire_rested":1,"playtime":992,"current_hp_per_floor":[79,61,62,62,55,55,47,47,47,47,53,80,79,79,79,47,80,77,77,61,63,63,60,60,60,60,60,40,64,64,80,80],"items_purged":["Strike_R"],"gold":65,"score":301,"play_id":"3b4d56fe-2698-4ef0-83dc-525f37846544","is_prod":false,"is_daily":false,"is_ascension_mode":true,"campfire_upgraded":6,"path_taken":["M","?","M","$","?","R","M","R","T","R","M","?","M","?","R","BOSS","M","?","?","M","?","M","?","?","T","R","E","R","?","?","R","BOSS"],"build_version":"2018-02-08-PROD1","purchased_purges":1,"victory":false,"master_deck":["Strike_R+1","Defend_R","Defend_R","Defend_R","Defend_R","Bash","Offering+1","True Grit","Whirlwind+1","Spot Weakness+1","Intimidate","Flex+1","Brutality","Shrug It Off","Mind Blast+1","Whirlwind+1","Battle Trance+1"],"max_hp_per_floor":[80,80,80,80,80,80,80,80,80,80,80,80,80,80,80,80,80,80,80,80,80,80,80,80,80,80,80,80,80,80,80,80],"relics":["Burning Blood","Juzu Bracelet","Meat on the Bone","Sozu","Frozen Eye","Whetstone"],"card_choices":[{"not_picked":["Pommel Strike","Perfected Strike"],"picked":"True Grit"},{"not_picked":["Exhume","Clothesline"],"picked":"Whirlwind"},{"not_picked":["Body Slam","Searing Blow"],"picked":"Intimidate"},{"not_picked":["Iron Wave","Body Slam"],"picked":"Flex"},{"not_picked":["Fiend Fire","Immolate"],"picked":"Brutality"},{"not_picked":["Anger","Feel No Pain"],"picked":"Whirlwind"},{"not_picked":["Pommel Strike","Warcry"],"picked":"Battle Trance"}],"player_experience":127122,"potions_floor_usage":[],"damage_taken":[{"damage":7,"enemies":"Small Slimes","floor":1,"turns":3},{"damage":5,"enemies":"2 Louse","floor":3,"turns":3},{"damage":14,"enemies":"Jaw Worm","floor":7,"turns":5},{"damage":12,"enemies":"Exordium Thugs","floor":11,"turns":2},{"damage":7,"enemies":"Lots of Slimes","floor":13,"turns":2},{"damage":50,"enemies":"The Guardian","floor":16,"turns":9},{"damage":9,"enemies":"Shell Parasite","floor":18,"turns":3},{"damage":4,"enemies":"3 Byrds","floor":21,"turns":3},{"damage":9,"enemies":"Centurion and Healer","floor":23,"turns":2},{"damage":38,"enemies":"Book of Stabbing","floor":28,"turns":4},{"damage":102,"enemies":"Champ","floor":33,"turns":10}],"event_choices":[{"event_name":"Scrap Ooze","player_choice":"success","floor":2,"damage_taken":18},{"event_name":"Golden Wing","player_choice":"Card Removal","floor":5,"damage_taken":0},{"event_name":"Wheel of Change","player_choice":"Full Heal","floor":12,"damage_taken":0},{"event_name":"Living Wall","player_choice":"Forget","floor":14,"damage_taken":0},{"event_name":"Knowing Skull","player_choice":"CARD ","floor":20,"damage_taken":0},{"event_name":"Beggar","player_choice":"Gave Gold","floor":22,"damage_taken":0},{"event_name":"N\u0027loth","player_choice":"Ignored","floor":24,"damage_taken":0},{"event_name":"Drug Dealer","player_choice":"Ignored","floor":25,"damage_taken":0},{"event_name":"Addict","player_choice":"Ignored","floor":30,"damage_taken":0},{"event_name":"The Library","player_choice":"Heal","floor":31,"damage_taken":0}],"boss_relics":[{"not_picked":["Calling Bell","Black Star"],"picked":"Sozu"}],"potions_floor_spawned":[7,13,16,28],"seed_played":"-3277748491232006895","killed_by":"Champ","ascension_level":4,"is_trial":false}