{"path_per_floor":["M","?","?","M","$","E","M","R","T","T","M","M","$","E","R","B",null,"M","M","?","M","M","R","M"],"character_chosen":"IRONCLAD","items_purchased":["Uppercut","Shuriken"],"gold_per_floor":[109,284,284,298,145,176,193,193,264,291,303,316,69,100,100,199,199,214,227,207,220,232,232,243],"floor_reached":25,"campfire_rested":2,"playtime":1031,"current_hp_per_floor":[80,80,64,70,70,76,80,80,80,80,80,80,80,48,72,49,72,63,54,54,49,50,77,61],"items_purged":["Doubt"],"gold":243,"score":300,"play_id":"1c3851ae-1ed0-468c-bc9e-f7b583f65aaf","is_prod":false,"is_daily":false,"is_ascension_mode":true,"campfire_upgraded":1,"path_taken":["M","?","?","?","$","E","M","R","T","?","?","M","$","E","R","BOSS","M","M","?","M","M","R","M","M"],"build_version":"2018-02-15-PROD1","purchased_purges":2,"victory":false,"master_deck":["Strike_R","Strike_R+1","Strike_R","Strike_R","Strike_R","Defend_R","Defend_R","Defend_R","Defend_R","Bash","True Grit+1","Pommel Strike","Uppercut+1","Intimidate","Flex","Warcry","Dual Wield","Feed","Rage","Shrug It Off+1","Feel No Pain","Armaments"],"max_hp_per_floor":[80,80,80,80,80,80,80,80,80,80,80,80,80,80,80,80,80,80,84,84,88,91,91,91],"relics":["Burning Blood","NeowsBlessing","Anchor","Toolbox","Omamori","Shuriken","Matryoshka","Mark of Pain"],"card_choices":[{"not_picked":["Twin Strike","Combust"],"picked":"True Grit"},{"not_picked":["Entrench","Anger"],"picked":"Pommel Strike"},{"not_picked":["Rupture","Berserk"],"picked":"Intimidate"},{"not_picked":["Infernal Blade","Intimidate"],"picked":"Flex"},{"not_picked":["Iron Wave","Body Slam"],"picked":"Warcry"},{"not_picked":["Havoc","Body Slam"],"picked":"Dual Wield"},{"not_picked":["Bludgeon","Juggernaut"],"picked":"Feed"},{"not_picked":["Power Through","True Grit"],"picked":"Rage"},{"not_picked":["Iron Wave","Headbutt"],"picked":"Shrug It Off"},{"not_picked":["Searing Blow","Evolve"],"picked":"Feel No Pain"},{"not_picked":["Rupture","Combust"],"picked":"Armaments"}],"player_experience":210860,"potions_floor_usage":[21,22,24],"damage_taken":[{"damage":0.0,"enemies":"2 Louse","floor":1.0,"turns":1.0},{"damage":0.0,"enemies":"Jaw Worm","floor":4.0,"turns":1.0},{"damage":0.0,"enemies":"Gremlin Nob","floor":6.0,"turns":1.0},{"damage":0.0,"enemies":"Cultist","floor":7.0,"turns":3.0},{"damage":0.0,"enemies":"2 Fungi Beasts","floor":11.0,"turns":2.0},{"damage":4.0,"enemies":"Exordium Wildlife","floor":12.0,"turns":4.0},{"damage":38.0,"enemies":"Lagavulin","floor":14.0,"turns":8.0},{"damage":29.0,"enemies":"The Guardian","floor":16.0,"turns":12.0},{"damage":15,"enemies":"Shell Parasite","floor":18,"turns":4},{"damage":19,"enemies":"3 Byrds","floor":19,"turns":7},{"damage":15,"enemies":"Centurion and Healer","floor":21,"turns":7},{"damage":8,"enemies":"3 Cultists","floor":22,"turns":5},{"damage":22,"enemies":"Slaver and Parasite","floor":24,"turns":6},{"damage":63,"enemies":"Chosen and Byrds","floor":25,"turns":4}],"event_choices":[{"event_name":"Liars Game","player_choice":"agreed","floor":2.0,"damage_taken":0.0},{"event_name":"Shining Light","player_choice":"Entered Light","floor":3.0,"damage_taken":0.0},{"event_name":"The Woman in Blue","player_choice":"Bought 1 Potion","floor":20,"damage_taken":0}],"boss_relics":[],"potions_floor_spawned":[4,7,12,21],"seed_played":"8508266322636446459","killed_by":"Chosen and Byrds","ascension_level":5,"is_trial":false}