{"path_per_floor":["M","$","?","M","$","R","M","M","T","M","R","?","M","M","R","B",null,"M","?","M","$","M","R","M","?","T","$","R","E","R","M","R"],"character_chosen":"IRONCLAD","items_purchased":["Armaments","Shockwave","Shrug It Off","Inflame"],"gold_per_floor":[110,35,35,47,23,23,34,48,48,58,58,8,21,41,41,140,140,159,159,179,99,117,117,128,128,128,12,12,42,42,57,57],"floor_reached":33,"campfire_rested":0,"playtime":1138,"current_hp_per_floor":[80,80,77,76,76,76,77,59,59,65,65,65,68,74,74,61,73,70,70,61,61,77,77,77,77,77,77,77,59,59,77,77],"items_purged":["Strike_R"],"gold":57,"score":324,"play_id":"96727353-6eea-4acf-9eec-519d17552d1a","is_prod":false,"is_daily":false,"is_ascension_mode":true,"campfire_upgraded":7,"path_taken":["M","$","?","M","$","R","M","M","T","M","R","?","M","M","R","BOSS","M","?","M","$","M","R","M","?","T","$","R","E","R","M","R","BOSS"],"build_version":"2018-02-15-PROD1","purchased_purges":2,"victory":false,"master_deck":["Strike_R","Strike_R","Strike_R","Defend_R","Defend_R","Defend_R","Defend_R","Bash","Pommel Strike+1","True Grit+1","Armaments+1","Shrug It Off+1","Spot Weakness","Cleave","Thunderclap","Uppercut+1","Reaper+1","Headbutt","Shockwave","Warcry","Double Tap+1","Shrug It Off","Inflame","Flame Barrier+1"],"max_hp_per_floor":[80,80,77,77,77,77,77,77,77,77,77,77,77,77,77,77,77,77,77,77,77,77,77,77,77,77,77,77,77,77,77,77],"relics":["Burning Blood","Du-Vu Doll","Calipers","Velvet Choker","Ancient Tea Set","Orichalcum"],"card_choices":[{"not_picked":["Anger","Body Slam"],"picked":"Pommel Strike"},{"not_picked":["Clash","Flex"],"picked":"True Grit"},{"not_picked":["Thunderclap","Sword Boomerang"],"picked":"Shrug It Off"},{"not_picked":["Body Slam","Anger"],"picked":"Spot Weakness"},{"not_picked":["Pommel Strike","Twin Strike"],"picked":"Cleave"},{"not_picked":["Corruption","Hemokinesis"],"picked":"Thunderclap"},{"not_picked":["Inflame","Havoc"],"picked":"Uppercut"},{"not_picked":["Exhume","Bludgeon"],"picked":"Reaper"},{"not_picked":["Cleave","Wild Strike"],"picked":"Headbutt"},{"not_picked":["Second Wind","Clothesline"],"picked":"Warcry"},{"not_picked":["Havoc","Carnage"],"picked":"Double Tap"},{"not_picked":["Headbutt","Clothesline"],"picked":"Flame Barrier"}],"player_experience":216690,"potions_floor_usage":[8,14,16,20],"damage_taken":[{"damage":1,"enemies":"Cultist","floor":1,"turns":3},{"damage":7,"enemies":"Small Slimes","floor":4,"turns":4},{"damage":2,"enemies":"Jaw Worm","floor":7,"turns":3},{"damage":24,"enemies":"Exordium Wildlife","floor":8,"turns":7},{"damage":0,"enemies":"2 Fungi Beasts","floor":10,"turns":4},{"damage":3,"enemies":"Red Slaver","floor":13,"turns":5},{"damage":0,"enemies":"Lots of Slimes","floor":14,"turns":1},{"damage":19,"enemies":"The Guardian","floor":16,"turns":15},{"damage":9,"enemies":"Chosen","floor":18,"turns":4},{"damage":25,"enemies":"2 Thieves","floor":20,"turns":4},{"damage":1,"enemies":"Snecko","floor":22,"turns":4},{"damage":23,"enemies":"Centurion and Healer","floor":24,"turns":6},{"damage":48,"enemies":"Slavers","floor":29,"turns":6},{"damage":3,"enemies":"3 Cultists","floor":31,"turns":3},{"damage":98,"enemies":"Champ","floor":33,"turns":12}],"event_choices":[{"event_name":"Fountain of Cleansing","player_choice":"Removed Curse","floor":3,"damage_taken":0},{"event_name":"The Cleric","player_choice":"Card Removal","floor":12,"damage_taken":0},{"event_name":"Upgrade Shrine","player_choice":"Upgraded","floor":19,"damage_taken":0},{"event_name":"Vampires","player_choice":"Ignored","floor":25,"damage_taken":0}],"boss_relics":[{"not_picked":["Runic Dome","Pandora\u0027s Box"],"picked":"Velvet Choker"}],"potions_floor_spawned":[4,8,10,18,31],"seed_played":"7852863958136082176","killed_by":"Champ","ascension_level":5,"is_trial":false}