{"path_per_floor":["M","?","?","T","M","R","M","E","T","R","M","M","?","E","R","B",null,"M","M","M","M","?","E","R","E","T","M","?","M","$","M","R","B",null,"M","$","?","M","M","R","M","R","T","M","M","?","E","?","R","B"],"character_chosen":"IRONCLAD","items_purchased":["Meat on the Bone"],"gold_per_floor":[112,112,112,112,131,131,146,176,201,201,220,238,238,270,270,372,372,385,404,416,431,531,563,563,592,592,610,610,625,315,329,329,426,426,442,392,392,406,417,417,430,430,453,467,480,480,515,515,515,515],"floor_reached":51,"campfire_rested":4,"playtime":5926,"current_hp_per_floor":[80,80,80,80,80,80,80,72,72,72,78,82,82,63,63,20,84,77,87,90,71,71,37,67,58,58,59,43,32,32,53,83,31,103,67,67,54,65,63,95,95,95,95,101,92,92,84,84,121,87],"items_purged":["Strike_R","Strike_R"],"gold":515,"score":634,"play_id":"2132779f-c5bf-4c36-8362-afd3d51aafee","is_prod":false,"is_daily":false,"is_ascension_mode":true,"campfire_upgraded":4,"path_taken":["M","?","?","?","M","R","M","E","T","R","M","M","?","E","R","BOSS","M","M","M","M","?","E","R","E","T","M","?","M","$","M","R","BOSS","M","$","?","M","?","R","M","R","T","M","M","?","E","?","R","BOSS"],"build_version":"2018-02-08-PROD1","purchased_purges":2,"victory":true,"master_deck":["Defend_R","Defend_R","Defend_R","Defend_R","Bash","Infernal Blade+1","Flame Barrier+1","Shrug It Off+1","Feed+1","Shrug It Off+1","Blood for Blood+1","Flex","Demon Form+1","Shockwave+1","Madness","Madness","Shockwave+1","Bludgeon+1","Demon Form"],"max_hp_per_floor":[80,80,80,80,80,80,80,80,80,80,80,84,84,84,84,84,84,84,88,92,96,96,100,100,100,100,100,100,100,100,103,103,103,103,103,103,103,107,107,107,107,107,107,107,111,111,125,125,125,125],"relics":["Burning Blood","Ancient Tea Set","Molten Egg 2","Pen Nib","Happy Flower","Snecko Eye","Lantern","Self Forming Clay","Smiling Mask","Nilry\u0027s Codex","Meat on the Bone","Question Card","Bag of Marbles","Mango"],"card_choices":[{"not_picked":["Sentinel","Clash"],"picked":"Flame Barrier"},{"not_picked":["Havoc","Thunderclap"],"picked":"Shrug It Off"},{"not_picked":["Dropkick","Reckless Charge"],"picked":"Feed"},{"not_picked":["Exhume","Uppercut"],"picked":"Shrug It Off"},{"not_picked":["Feed","Flex"],"picked":"Blood for Blood"},{"not_picked":["Wild Strike","Twin Strike"],"picked":"Flex"},{"not_picked":["Perfected Strike","Infernal Blade"],"picked":"Demon Form"},{"not_picked":["Body Slam","Bloodletting","Pommel Strike"],"picked":"Shockwave"},{"not_picked":["Searing Blow","Cleave","Blood for Blood"],"picked":"Shockwave"},{"not_picked":["Pommel Strike","Havoc","Shockwave"],"picked":"Bludgeon"}],"player_experience":101587,"potions_floor_usage":[29,31,33,38,50],"damage_taken":[{"damage":4.0,"enemies":"Cultist","floor":1.0,"turns":3.0},{"damage":0.0,"enemies":"2 Louse","floor":5.0,"turns":4.0},{"damage":0.0,"enemies":"Blue Slaver","floor":7.0,"turns":3.0},{"damage":14.0,"enemies":"Gremlin Nob","floor":8.0,"turns":3.0},{"damage":0.0,"enemies":"Looter","floor":11.0,"turns":2.0},{"damage":6.0,"enemies":"Exordium Wildlife","floor":12.0,"turns":3.0},{"damage":25.0,"enemies":"Lagavulin","floor":14.0,"turns":5.0},{"damage":49.0,"enemies":"The Guardian","floor":16.0,"turns":12.0},{"damage":13.0,"enemies":"Shell Parasite","floor":18.0,"turns":7.0},{"damage":0.0,"enemies":"Chosen","floor":19.0,"turns":4.0},{"damage":7.0,"enemies":"Snake Plant","floor":20.0,"turns":5.0},{"damage":29.0,"enemies":"Slaver and Parasite","floor":21.0,"turns":8.0},{"damage":44.0,"enemies":"Slavers","floor":23.0,"turns":11.0},{"damage":15.0,"enemies":"Book of Stabbing","floor":25.0,"turns":5.0},{"damage":20.0,"enemies":"Snecko","floor":27.0,"turns":6.0},{"damage":26,"enemies":"Cultist and Chosen","floor":29,"turns":6},{"damage":12,"enemies":"3 Cultists","floor":31,"turns":5},{"damage":85,"enemies":"Collector","floor":33,"turns":13},{"damage":42,"enemies":"3 Darklings","floor":35,"turns":9},{"damage":34,"enemies":"3 Shapes","floor":38,"turns":8},{"damage":20,"enemies":"3 Darklings","floor":39,"turns":5},{"damage":6,"enemies":"4 Shapes","floor":41,"turns":8},{"damage":0,"enemies":"Maw","floor":44,"turns":7},{"damage":19,"enemies":"3 Darklings","floor":45,"turns":6},{"damage":28,"enemies":"2 Orb Walkers","floor":47,"turns":6},{"damage":40,"enemies":"Time Eater","floor":50,"turns":9}],"event_choices":[{"event_name":"Upgrade Shrine","player_choice":"Upgraded","floor":2.0,"damage_taken":0.0},{"event_name":"The Lab","player_choice":"Got Potions","floor":3.0,"damage_taken":0.0},{"event_name":"Living Wall","player_choice":"Forget","floor":13.0,"damage_taken":0.0},{"event_name":"Golden Shrine","player_choice":"Pray","floor":22.0,"damage_taken":0.0},{"event_name":"Cursed Tome","player_choice":"Obtained Book","floor":28,"damage_taken":0},{"event_name":"Winding Halls","player_choice":"Embrace Madness","floor":37,"damage_taken":0},{"event_name":"Purifier","player_choice":"One Purge","floor":46,"damage_taken":0},{"event_name":"Match and Keep!","player_choice":"1 cards matched","floor":48,"damage_taken":0}],"boss_relics":[{"not_picked":["Runic Pyramid","White Beast Statue"],"picked":"Question Card"}],"potions_floor_spawned":[1,7,16,19,23,25,29,33,39,45,47],"seed_played":"1184509939619137429","ascension_level":1,"is_trial":false}