{"path_per_floor":["M","$","$","?","M","R","M","M","T","?","M","?","M","T","R","B",null,"M","$","M","?","M"],"character_chosen":"IRONCLAD","items_purchased":["Disarm","Flex"],"gold_per_floor":[111,38,38,38,52,52,73,96,96,96,121,121,142,193,193,318,318,343,221,242,167,182],"floor_reached":23,"campfire_rested":1,"playtime":973,"current_hp_per_floor":[80,80,80,60,57,57,48,46,46,28,30,30,30,30,54,33,80,58,58,59,59,57],"items_purged":["Strike_R"],"gold":182,"score":220,"play_id":"d65c7bc5-7055-405a-b55f-5555ce0aeb47","is_prod":false,"is_daily":false,"is_ascension_mode":true,"campfire_upgraded":1,"path_taken":["M","?","$","?","M","R","M","M","T","?","M","?","?","?","R","BOSS","M","?","?","?","M","M"],"build_version":"2018-02-08-PROD1","purchased_purges":1,"victory":false,"master_deck":["Strike_R","Strike_R","Strike_R","Defend_R","Defend_R","Defend_R","Defend_R","Bash","Iron Wave","Uppercut","Disarm+1","Spot Weakness","Rampage","Limit Break","Flex","Headbutt+1","Shrug It Off"],"max_hp_per_floor":[80,80,80,80,80,80,80,80,80,80,80,80,80,80,80,80,80,80,80,80,80,80],"relics":["Burning Blood","Golden Idol","Sundial","Bag of Marbles","Ancient Tea Set","Question Card"],"card_choices":[{"not_picked":["Perfected Strike","Dual Wield"],"picked":"Iron Wave"},{"not_picked":["Perfected Strike","Rage"],"picked":"Uppercut"},{"not_picked":["Iron Wave","Heavy Blade"],"picked":"Spot Weakness"},{"not_picked":["Wild Strike","Twin Strike"],"picked":"Rampage"},{"not_picked":["Dark Embrace","Brutality"],"picked":"Limit Break"},{"not_picked":["Pommel Strike","Clothesline","Body Slam"],"picked":"Headbutt"},{"not_picked":["Inflame","Warcry","Clash"],"picked":"Shrug It Off"}],"player_experience":139440,"potions_floor_usage":[18,22,22,23],"damage_taken":[{"damage":6,"enemies":"Blue Slaver","floor":1,"turns":7},{"damage":9,"enemies":"Jaw Worm","floor":5,"turns":3},{"damage":15,"enemies":"2 Louse","floor":7,"turns":3},{"damage":8,"enemies":"Exordium Wildlife","floor":8,"turns":4},{"damage":4,"enemies":"Large Slime","floor":11,"turns":4},{"damage":6,"enemies":"2 Fungi Beasts","floor":13,"turns":4},{"damage":27,"enemies":"The Guardian","floor":16,"turns":12},{"damage":28,"enemies":"Spheric Guardian","floor":18,"turns":7},{"damage":5,"enemies":"Chosen","floor":20,"turns":6},{"damage":23,"enemies":"Centurion and Healer","floor":22,"turns":7},{"damage":59,"enemies":"Cultist and Chosen","floor":23,"turns":6}],"event_choices":[{"event_name":"Golden Idol","player_choice":"Take Damage","floor":4,"damage_taken":0},{"event_name":"Scrap Ooze","player_choice":"success","floor":10,"damage_taken":18},{"event_name":"Liars Game","player_choice":"disagreed","floor":12,"damage_taken":0},{"event_name":"Beggar","player_choice":"Gave Gold","floor":21,"damage_taken":0}],"boss_relics":[{"not_picked":["Eternal Feather","Calling Bell"],"picked":"Question Card"}],"potions_floor_spawned":[1,8,11,13,18],"seed_played":"4045630644840657902","killed_by":"Cultist and Chosen","ascension_level":4,"is_trial":false}