{"path_per_floor":["M","M","$","M","?","R","E","R","T","$","E","$","M","E","R","B",null,"M","M","$","?","M","E","T","M","T","M","M","M","$"],"character_chosen":"IRONCLAD","items_purchased":["Inflame","Regen Potion","Heavy Blade","Regen Potion"],"gold_per_floor":[111,124,4,24,24,24,54,54,54,54,79,4,15,45,45,144,144,160,176,25,25,43,78,101,117,167,177,197,215,42],"floor_reached":31,"campfire_rested":0,"playtime":1535,"current_hp_per_floor":[75,80,80,80,80,80,64,64,64,64,71,71,71,74,74,70,80,73,78,78,78,79,61,61,31,31,26,33,37,37],"items_purged":["Strike_R","Strike_R","Writhe"],"gold":42,"score":305,"play_id":"b4b6fa4e-0b47-4bf1-89f7-a04242632adc","is_prod":false,"is_daily":false,"is_ascension_mode":true,"campfire_upgraded":3,"path_taken":["M","M","$","M","?","R","E","R","T","$","E","?","M","E","R","BOSS","M","?","$","?","M","E","?","M","T","M","M","M","$","M"],"build_version":"2018-02-12-PROD1","purchased_purges":3,"victory":false,"master_deck":["Strike_R","Strike_R","Strike_R","Defend_R","Defend_R","Defend_R","Defend_R","Bash+1","Shrug It Off","Inflame+1","Battle Trance","Armaments+1","True Grit","Disarm+1","Immolate","Pummel+1","Flex+1","Heavy Blade","Inflame","Disarm+1","Writhe","Uppercut+1"],"max_hp_per_floor":[80,80,80,80,80,80,80,80,80,80,80,80,80,80,80,80,80,80,80,80,80,80,80,80,80,80,82,84,86,86],"relics":["Burning Blood","Dream Catcher","Paper Frog","Ancient Tea Set","Art of War","Cursed Key","Bronze Scales","Bag of Marbles","Singing Bowl"],"card_choices":[{"not_picked":["Thunderclap","Perfected Strike"],"picked":"Shrug It Off"},{"not_picked":["Clothesline","Heavy Blade"],"picked":"Battle Trance"},{"not_picked":["Body Slam","Flame Barrier"],"picked":"Armaments"},{"not_picked":["Impervious","Headbutt"],"picked":"True Grit"},{"not_picked":["Wild Strike","Cleave"],"picked":"Disarm"},{"not_picked":["Juggernaut","Demon Form"],"picked":"Immolate"},{"not_picked":["Havoc","Hemokinesis"],"picked":"Pummel"},{"not_picked":["Wild Strike","Armaments"],"picked":"Flex"},{"not_picked":["Blood for Blood","Power Through"],"picked":"Disarm"},{"not_picked":["Disarm","Anger"],"picked":"Uppercut"}],"player_experience":201741,"potions_floor_usage":[11,18,22,23,23,27,28,28,31],"damage_taken":[{"damage":11,"enemies":"Jaw Worm","floor":1,"turns":4},{"damage":0,"enemies":"Small Slimes","floor":2,"turns":3},{"damage":0,"enemies":"Cultist","floor":4,"turns":3},{"damage":22,"enemies":"Gremlin Nob","floor":7,"turns":4},{"damage":14,"enemies":"3 Sentries","floor":11,"turns":10},{"damage":6,"enemies":"Gremlin Gang","floor":13,"turns":8},{"damage":3,"enemies":"Lagavulin","floor":14,"turns":7},{"damage":10,"enemies":"Hexaghost","floor":16,"turns":9},{"damage":13,"enemies":"Spheric Guardian","floor":18,"turns":5},{"damage":1,"enemies":"Shell Parasite","floor":19,"turns":6},{"damage":5,"enemies":"Snecko","floor":22,"turns":3},{"damage":24,"enemies":"Slavers","floor":23,"turns":7},{"damage":36,"enemies":"3 Cultists","floor":25,"turns":6},{"damage":13,"enemies":"Centurion and Healer","floor":27,"turns":5},{"damage":1,"enemies":"Cultist and Chosen","floor":28,"turns":4},{"damage":4,"enemies":"Snake Plant","floor":29,"turns":2},{"damage":58,"enemies":"Sentry and Sphere","floor":31,"turns":7}],"event_choices":[{"event_name":"Liars Game","player_choice":"disagreed","floor":5,"damage_taken":0},{"event_name":"The Library","player_choice":"Read","floor":21,"damage_taken":0}],"boss_relics":[{"not_picked":["Runic Cube","Runic Dome"],"picked":"Cursed Key"}],"potions_floor_spawned":[4,7,14,19,22,25,27],"seed_played":"2141807849130467933","killed_by":"Sentry and Sphere","ascension_level":2,"is_trial":false}