{"path_per_floor":["M","?","$","M","M","R","M","R","T","M","M","?","E","?","R","B",null,"M","?","?","?","$","R","M"],"character_chosen":"IRONCLAD","items_purchased":["True Grit","Oddly Smooth Stone"],"gold_per_floor":[17,17,17,28,45,45,58,58,85,100,114,114,140,140,140,259,259,277,277,277,277,5,5,18],"floor_reached":25,"campfire_rested":1,"playtime":1091,"current_hp_per_floor":[80,73,73,77,80,80,74,74,74,72,72,72,65,65,80,45,71,35,35,35,61,61,61,52],"items_purged":["Strike_R"],"gold":18,"score":251,"play_id":"e70f2225-9de3-4f62-bef7-31020d592d0d","is_prod":false,"is_daily":false,"is_ascension_mode":true,"campfire_upgraded":3,"path_taken":["M","?","$","?","M","R","M","R","T","M","M","?","E","?","R","BOSS","M","?","?","?","$","R","M","M"],"build_version":"2018-02-15-PROD1","purchased_purges":1,"victory":false,"master_deck":["Strike_R+1","Strike_R","Strike_R+1","Defend_R","Defend_R","Defend_R","Defend_R","Bash","Rampage+1","Warcry","Thunderclap","Spot Weakness+1","Flex","Fiend Fire","Disarm","Injury","Limit Break","Metallicize","Writhe","True Grit+1","Armaments"],"max_hp_per_floor":[80,80,80,80,80,80,80,80,80,80,80,80,80,80,80,80,80,80,80,80,80,80,80,80],"relics":["Black Blood","Du-Vu Doll","Whetstone","Sundial","Bloody Idol","Singing Bowl","Oddly Smooth Stone"],"card_choices":[{"not_picked":["Carnage","Heavy Blade"],"picked":"Rampage"},{"not_picked":["Sever Soul","Clothesline"],"picked":"Warcry"},{"not_picked":["Rampage","Wild Strike"],"picked":"Thunderclap"},{"not_picked":["Perfected Strike","Heavy Blade"],"picked":"Spot Weakness"},{"not_picked":["Carnage","Body Slam"],"picked":"Flex"},{"not_picked":["Power Through","Sword Boomerang"],"picked":"Fiend Fire"},{"not_picked":["Searing Blow","Clothesline"],"picked":"Disarm"},{"not_picked":["Barricade","Double Tap"],"picked":"Limit Break"},{"not_picked":["Uppercut","Shockwave"],"picked":"Metallicize"},{"not_picked":["Iron Wave","Rupture"],"picked":"Armaments"}],"player_experience":215599,"potions_floor_usage":[7,11,25],"damage_taken":[{"damage":4,"enemies":"Small Slimes","floor":1,"turns":4},{"damage":2,"enemies":"Jaw Worm","floor":4,"turns":3},{"damage":1,"enemies":"Cultist","floor":5,"turns":3},{"damage":12,"enemies":"2 Fungi Beasts","floor":7,"turns":3},{"damage":8,"enemies":"Exordium Wildlife","floor":10,"turns":4},{"damage":6,"enemies":"3 Louse","floor":11,"turns":3},{"damage":13,"enemies":"3 Sentries","floor":13,"turns":4},{"damage":41,"enemies":"Slime Boss","floor":16,"turns":8},{"damage":46,"enemies":"2 Thieves","floor":18,"turns":5},{"damage":24,"enemies":"3 Byrds","floor":24,"turns":7},{"damage":52,"enemies":"Snecko","floor":25,"turns":6}],"event_choices":[{"event_name":"Golden Wing","player_choice":"Card Removal","floor":2,"damage_taken":0},{"event_name":"Liars Game","player_choice":"disagreed","floor":12,"damage_taken":0},{"event_name":"Golden Idol","player_choice":"Take Wound","floor":14,"damage_taken":0},{"event_name":"The Mausoleum","player_choice":"Yes","floor":19,"damage_taken":0},{"event_name":"Forgotten Altar","player_choice":"Gave Idol","floor":20,"damage_taken":0},{"event_name":"The Library","player_choice":"Heal","floor":21,"damage_taken":0}],"boss_relics":[{"not_picked":["Question Card","Philosopher\u0027s Stone"],"picked":"Black Blood"}],"potions_floor_spawned":[1,5,10,16,24],"seed_played":"-1427204855922140303","killed_by":"Snecko","ascension_level":5,"is_trial":false}