{"path_per_floor":["M","M","$","M","?","E","?","R","T","M","?","R","M","?","R","B",null,"M","M","M","?","M","R","E","R","T","M","$","?","R","M","R","B",null,"M","M","M","?","M","R","E","R","T","?","E","$","M","M","R","B"],"character_chosen":"IRONCLAD","items_purchased":["Armaments","Pantograph"],"gold_per_floor":[117,131,56,71,71,100,100,100,127,143,173,173,184,184,184,288,288,299,309,319,319,329,329,361,361,361,374,224,224,224,244,244,348,348,367,383,395,450,469,469,494,494,518,518,549,172,192,203,203,203],"floor_reached":51,"campfire_rested":1,"playtime":1585,"current_hp_per_floor":[80,80,80,80,64,68,68,68,68,69,69,69,74,74,74,52,75,74,83,75,59,67,89,78,78,78,86,86,86,86,85,85,69,87,82,88,74,78,80,88,78,86,86,105,107,107,100,103,109,64],"items_purged":["Strike_R","Strike_R","Strike_R"],"gold":203,"score":799,"play_id":"5a2078fb-036b-4b76-9f7f-b7647bfd018e","is_prod":false,"is_daily":false,"is_ascension_mode":true,"campfire_upgraded":7,"path_taken":["M","?","$","M","?","E","?","R","T","M","?","R","?","?","R","BOSS","M","M","M","?","M","R","E","R","T","M","$","?","R","M","R","BOSS","M","M","M","?","M","R","E","R","T","?","E","$","M","M","R","BOSS"],"build_version":"2018-02-15-PROD1","purchased_purges":4,"victory":true,"master_deck":["Strike_R","Defend_R+1","Defend_R+1","Defend_R+1","Defend_R","Bash","Dropkick","Searing Blow+8","Iron Wave","Juggernaut","Whirlwind","Feed","Disarm","Battle Trance+1","Necronomicurse","Armaments+1","Battle Trance+1","Double Tap","Shockwave","Armaments+1","Writhe","Metallicize+1"],"max_hp_per_floor":[80,80,80,80,80,80,80,80,80,82,82,82,82,82,82,82,82,84,87,87,87,89,89,91,91,91,93,93,93,93,93,93,93,93,93,93,95,97,103,103,105,105,105,105,107,107,109,109,109,109],"relics":["Burning Blood","NeowsBlessing","War Paint","Singing Bowl","Bag of Preparation","Sozu","Necronomicon","Art of War","Peace Pipe","Eternal Feather","Bird Faced Urn","Molten Egg 2","Ancient Tea Set","Meat on the Bone","Pantograph"],"card_choices":[{"not_picked":["Sever Soul","Warcry"],"picked":"Dropkick"},{"not_picked":["Iron Wave","Body Slam"],"picked":"Searing Blow"},{"not_picked":["Clothesline","Exhume"],"picked":"Iron Wave"},{"not_picked":["Warcry","Sword Boomerang"],"picked":"Juggernaut"},{"not_picked":["Blood for Blood","Second Wind"],"picked":"Whirlwind"},{"not_picked":["Reaper","Limit Break"],"picked":"Feed"},{"not_picked":["True Grit","Havoc"],"picked":"Disarm"},{"not_picked":["Wild Strike","Dropkick"],"picked":"Battle Trance"},{"not_picked":["Feel No Pain","Hemokinesis"],"picked":"Battle Trance"},{"not_picked":["Barricade","Reaper"],"picked":"Double Tap"},{"not_picked":["Rampage","Wild Strike"],"picked":"Shockwave"},{"not_picked":["Clash","Warcry"],"picked":"Armaments"},{"not_picked":["Clothesline","True Grit"],"picked":"Metallicize"}],"player_experience":217828,"potions_floor_usage":[],"damage_taken":[{"damage":0.0,"enemies":"Cultist","floor":1.0,"turns":1.0},{"damage":0.0,"enemies":"Small Slimes","floor":2.0,"turns":1.0},{"damage":0.0,"enemies":"2 Louse","floor":4.0,"turns":1.0},{"damage":2.0,"enemies":"Gremlin Nob","floor":6.0,"turns":3.0},{"damage":7.0,"enemies":"Red Slaver","floor":10.0,"turns":4.0},{"damage":1.0,"enemies":"2 Fungi Beasts","floor":13.0,"turns":4.0},{"damage":28.0,"enemies":"The Guardian","floor":16.0,"turns":7.0},{"damage":9.0,"enemies":"2 Thieves","floor":18.0,"turns":5.0},{"damage":0.0,"enemies":"3 Byrds","floor":19.0,"turns":5.0},{"damage":14.0,"enemies":"3 Cultists","floor":20.0,"turns":4.0},{"damage":0.0,"enemies":"Snecko","floor":22.0,"turns":3.0},{"damage":19.0,"enemies":"Gremlin Leader","floor":24.0,"turns":4.0},{"damage":0.0,"enemies":"Cultist and Chosen","floor":27.0,"turns":3.0},{"damage":7.0,"enemies":"Centurion and Healer","floor":31.0,"turns":2.0},{"damage":22.0,"enemies":"Collector","floor":33.0,"turns":3.0},{"damage":11,"enemies":"3 Shapes","floor":35,"turns":2},{"damage":0,"enemies":"Orb Walker","floor":36,"turns":1},{"damage":22,"enemies":"3 Darklings","floor":37,"turns":4},{"damage":4,"enemies":"Mysterious Sphere","floor":38,"turns":6},{"damage":10,"enemies":"4 Shapes","floor":39,"turns":6},{"damage":20,"enemies":"Nemesis","floor":41,"turns":3},{"damage":0,"enemies":"Giant Head","floor":45,"turns":3},{"damage":15,"enemies":"Maw","floor":47,"turns":6},{"damage":3,"enemies":"Sphere and 2 Shapes","floor":48,"turns":3},{"damage":55,"enemies":"Time Eater","floor":50,"turns":7}],"event_choices":[{"event_name":"Shining Light","player_choice":"Entered Light","floor":5.0,"damage_taken":0.0},{"event_name":"Living Wall","player_choice":"Grow","floor":7.0,"damage_taken":0.0},{"event_name":"Dead Adventurer","player_choice":"Searched \u00272\u0027 times","floor":11.0,"damage_taken":0.0},{"event_name":"Liars Game","player_choice":"disagreed","floor":14.0,"damage_taken":0.0},{"event_name":"Cursed Tome","player_choice":"Obtained Book","floor":21.0,"damage_taken":0.0},{"event_name":"Forgotten Altar","player_choice":"Smashed Altar","floor":29.0,"damage_taken":0.0},{"event_name":"Mysterious Sphere","player_choice":"Fight","floor":38,"damage_taken":0},{"event_name":"Winding Halls","player_choice":"Writhe","floor":44,"damage_taken":0}],"boss_relics":[],"potions_floor_spawned":[1,4,18,22,27,36,38,39,47],"seed_played":"8345250710069893728","ascension_level":5,"is_trial":false}