{"path_per_floor":["M","$","M","?","$","R","?","M","T","T","R","M","E","M","R","B",null,"M","$","M","?","?","R","M","T","T","M","M","M"],"character_chosen":"IRONCLAD","items_purchased":["Shrug It Off","Whetstone"],"gold_per_floor":[117,42,56,56,56,56,56,66,116,162,162,182,207,222,222,319,319,319,52,52,52,52,52,52,52,52,52,52,52],"floor_reached":30,"campfire_rested":1,"playtime":1336,"current_hp_per_floor":[72,72,71,71,71,71,56,61,68,68,68,73,69,72,72,11,66,33,33,34,18,18,43,29,29,29,18,9,9],"items_purged":["Parasite","Strike_R"],"gold":52,"score":360,"play_id":"e423f0cf-b198-40f2-8016-51d9cc28392b","is_prod":false,"is_daily":false,"is_ascension_mode":true,"campfire_upgraded":3,"path_taken":["M","$","?","?","$","R","?","M","T","?","R","?","E","M","R","BOSS","M","$","M","?","?","R","M","?","T","M","M","M","?"],"build_version":"2018-02-15-PROD1","purchased_purges":3,"victory":false,"master_deck":["Strike_R","Strike_R+1","Strike_R+1","Defend_R","Defend_R","Defend_R","Defend_R+1","Bash+1","Exhume","Body Slam+1","Dropkick+1","Offering","Dropkick+1","Shrug It Off","Demon Form","Shrug It Off","Shockwave"],"max_hp_per_floor":[80,77,77,77,77,77,77,77,84,84,84,84,84,84,84,84,84,84,84,84,84,84,84,84,84,84,84,84,84],"relics":["Burning Blood","Strawberry","Bag of Marbles","Orichalcum","Ectoplasm","Whetstone","Enchiridion","Happy Flower","Dodecahedron"],"card_choices":[{"not_picked":["Warcry","Evolve"],"picked":"Body Slam"},{"not_picked":["Anger","Iron Wave"],"picked":"Dropkick"},{"not_picked":["Clothesline","Combust"],"picked":"Dropkick"},{"not_picked":["Metallicize","Inflame"],"picked":"Shrug It Off"},{"not_picked":["Berserk","Dark Embrace"],"picked":"Demon Form"},{"not_picked":["Warcry","Burning Pact"],"picked":"Shockwave"}],"player_experience":226305,"potions_floor_usage":[16,18,27,28,29,29],"damage_taken":[{"damage":6,"enemies":"Cultist","floor":1,"turns":4},{"damage":7,"enemies":"Jaw Worm","floor":3,"turns":5},{"damage":1,"enemies":"2 Louse","floor":8,"turns":4},{"damage":1,"enemies":"Looter","floor":12,"turns":3},{"damage":10,"enemies":"Gremlin Nob","floor":13,"turns":3},{"damage":3,"enemies":"Blue Slaver","floor":14,"turns":3},{"damage":67,"enemies":"Slime Boss","floor":16,"turns":11},{"damage":39,"enemies":"Spheric Guardian","floor":18,"turns":6},{"damage":5,"enemies":"Chosen","floor":20,"turns":4},{"damage":20,"enemies":"Sentry and Sphere","floor":24,"turns":6},{"damage":17,"enemies":"Snecko","floor":27,"turns":3},{"damage":15,"enemies":"Chosen and Byrds","floor":28,"turns":4},{"damage":6,"enemies":"Snake Plant","floor":29,"turns":4},{"damage":17,"enemies":"Sentry and Sphere","floor":30,"turns":3}],"event_choices":[{"event_name":"Living Wall","player_choice":"Change","floor":4,"damage_taken":0},{"event_name":"Shining Light","player_choice":"Entered Light","floor":7,"damage_taken":0},{"event_name":"Cursed Tome","player_choice":"Obtained Book","floor":21,"damage_taken":0},{"event_name":"Beggar","player_choice":"Ignored","floor":22,"damage_taken":0}],"boss_relics":[{"not_picked":["Orrery","Runic Pyramid"],"picked":"Ectoplasm"}],"potions_floor_spawned":[3,8,16,18,20,27],"seed_played":"5087817606105804067","killed_by":"Sentry and Sphere","ascension_level":11,"is_trial":false}