{"path_per_floor":["M","?","?","M","?","E","R","M","T","E","?","$","M","$","R","B",null,"M","M","$","M","M"],"character_chosen":"IRONCLAD","items_purchased":["Lantern","Bag of Marbles","Bandage Up","Orichalcum"],"gold_per_floor":[109,109,109,119,194,225,225,236,236,265,515,51,64,64,64,163,163,173,190,34,45,62],"floor_reached":23,"campfire_rested":2,"playtime":653,"current_hp_per_floor":[75,75,75,70,70,36,60,56,70,52,52,52,58,58,86,17,94,97,97,97,67,41],"items_purged":["Regret"],"gold":62,"score":266,"play_id":"3bf6ca5f-702f-4cd5-895e-9bf9614f0a4c","is_prod":false,"is_daily":false,"is_ascension_mode":true,"campfire_upgraded":0,"path_taken":["M","?","?","?","?","E","R","?","T","E","?","$","M","?","R","BOSS","M","?","$","M","M","E"],"build_version":"2018-02-08-PROD1","purchased_purges":1,"victory":false,"master_deck":["Strike_R","Strike_R","Strike_R","Strike_R","Defend_R","Defend_R","Defend_R","Defend_R","Bash+1","Thunderclap","Twin Strike","Blood for Blood","Whirlwind","Pommel Strike","Iron Wave","Bandage Up","Infernal Blade","Impervious","Anger","Perfected Strike","Metallicize+1","Second Wind+1"],"max_hp_per_floor":[80,80,80,80,80,80,80,80,94,94,94,94,94,94,94,94,94,97,97,97,97,97],"relics":["Burning Blood","Calipers","Mango","Shuriken","Lantern","Bag of Marbles","Sozu","Orichalcum"],"card_choices":[{"not_picked":["Perfected Strike","Hemokinesis"],"picked":"Twin Strike"},{"not_picked":["Anger","Body Slam"],"picked":"Blood for Blood"},{"not_picked":["Carnage","Rampage"],"picked":"Whirlwind"},{"not_picked":["Clothesline","Fire Breathing"],"picked":"Pommel Strike"},{"not_picked":["Uppercut","Juggernaut"],"picked":"Iron Wave"},{"not_picked":["True Grit","Heavy Blade"],"picked":"Infernal Blade"},{"not_picked":["Bludgeon","Limit Break"],"picked":"Impervious"},{"not_picked":["Wild Strike","Clash"],"picked":"Anger"},{"not_picked":["Evolve","Clash"],"picked":"Perfected Strike"},{"not_picked":["True Grit","Clash"],"picked":"Metallicize"},{"not_picked":["Blood for Blood","Twin Strike"],"picked":"Second Wind"}],"player_experience":160110,"potions_floor_usage":[4,13],"damage_taken":[{"damage":11,"enemies":"2 Louse","floor":1,"turns":2},{"damage":11,"enemies":"Blue Slaver","floor":4,"turns":3},{"damage":40,"enemies":"Lagavulin","floor":6,"turns":6},{"damage":10,"enemies":"Small Slimes","floor":8,"turns":3},{"damage":24,"enemies":"Gremlin Nob","floor":10,"turns":4},{"damage":0,"enemies":"Gremlin Gang","floor":13,"turns":1},{"damage":79,"enemies":"Hexaghost","floor":16,"turns":8},{"damage":0,"enemies":"Chosen","floor":18,"turns":4},{"damage":6,"enemies":"3 Byrds","floor":19,"turns":3},{"damage":40,"enemies":"Cultist and Chosen","floor":21,"turns":5},{"damage":36,"enemies":"Snake Plant","floor":22,"turns":4},{"damage":46,"enemies":"Book of Stabbing","floor":23,"turns":5}],"event_choices":[{"event_name":"Liars Game","player_choice":"disagreed","floor":2,"damage_taken":0},{"event_name":"Upgrade Shrine","player_choice":"Upgraded","floor":3,"damage_taken":0},{"event_name":"Golden Wing","player_choice":"Gained Gold","floor":5,"damage_taken":0},{"event_name":"Golden Shrine","player_choice":"Desecrate","floor":11,"damage_taken":0}],"boss_relics":[{"not_picked":["Snecko Eye","Ectoplasm"],"picked":"Sozu"}],"potions_floor_spawned":[1,6,13,18,19,22],"seed_played":"8804608579617305750","killed_by":"Book of Stabbing","ascension_level":4,"is_trial":false}