{"path_per_floor":["M","$","M","$","M","R","M","M","T","R","?","R","M","M","R","B",null,"M","$","?","M","$","E","R","?","T","?","R","E","T","M","R"],"character_chosen":"IRONCLAD","items_purchased":["Uppercut","Armaments"],"gold_per_floor":[112,37,57,17,31,31,46,58,58,58,58,58,70,83,83,186,186,172,50,50,66,66,91,91,91,116,116,116,144,195,213,213],"floor_reached":33,"campfire_rested":3,"playtime":1326,"current_hp_per_floor":[67,67,72,72,78,78,64,62,62,62,62,62,57,61,61,48,88,77,77,77,82,82,7,33,33,33,33,59,32,32,17,45],"items_purged":["Strike_R","Strike_R"],"gold":213,"score":355,"play_id":"07e55445-ebff-4d83-a8c4-e4fdd4a6d5ce","is_prod":false,"is_daily":false,"is_ascension_mode":true,"campfire_upgraded":4,"path_taken":["M","$","?","?","M","R","?","?","T","R","?","R","M","M","R","BOSS","M","$","?","M","?","E","R","?","T","?","R","E","?","M","R","BOSS"],"build_version":"2018-02-08-PROD1","purchased_purges":2,"victory":false,"master_deck":["Defend_R","Defend_R","Defend_R","Defend_R","Bash","Heavy Blade+1","Flex+1","Uppercut","Shrug It Off","True Grit+1","Shrug It Off","Decay","Headbutt+1","Flex+1","Double Tap","Clash+1","Intimidate+1","Shrug It Off+1","Cleave+1","Armaments","Inflame","Spot Weakness","Whirlwind","Decay","Seeing Red+1"],"max_hp_per_floor":[88,88,88,88,88,88,88,88,88,88,88,88,88,88,88,88,88,88,88,88,88,88,88,88,88,88,88,88,95,95,95,95],"relics":["Burning Blood","Ginger","Astrolabe","Whetstone","Pen Nib","Strawberry","Juzu Bracelet"],"card_choices":[{"not_picked":["Sword Boomerang","Clothesline"],"picked":"Heavy Blade"},{"not_picked":["Sword Boomerang","Clothesline"],"picked":"Flex"},{"not_picked":["Body Slam","Havoc"],"picked":"Shrug It Off"},{"not_picked":["Rage","Bloodletting"],"picked":"True Grit"},{"not_picked":["Wild Strike","Entrench"],"picked":"Shrug It Off"},{"not_picked":["Rage","Sever Soul"],"picked":"Headbutt"},{"not_picked":["Shrug It Off","Reckless Charge"],"picked":"Flex"},{"not_picked":["Impervious","Brutality"],"picked":"Double Tap"},{"not_picked":["Infernal Blade","Rupture"],"picked":"Cleave"},{"not_picked":["Headbutt","Perfected Strike"],"picked":"Spot Weakness"},{"not_picked":["Feel No Pain","Thunderclap"],"picked":"Whirlwind"},{"not_picked":["Twin Strike","Wild Strike"],"picked":"Seeing Red"}],"player_experience":125796,"potions_floor_usage":[23,23,29,33],"damage_taken":[{"damage":27,"enemies":"Blue Slaver","floor":1,"turns":7},{"damage":1,"enemies":"Cultist","floor":3,"turns":4},{"damage":0,"enemies":"Small Slimes","floor":5,"turns":3},{"damage":20,"enemies":"3 Louse","floor":7,"turns":4},{"damage":8,"enemies":"Exordium Wildlife","floor":8,"turns":4},{"damage":11,"enemies":"Exordium Thugs","floor":13,"turns":5},{"damage":2,"enemies":"Looter","floor":14,"turns":2},{"damage":19,"enemies":"Slime Boss","floor":16,"turns":9},{"damage":17,"enemies":"2 Thieves","floor":18,"turns":4},{"damage":1,"enemies":"Spheric Guardian","floor":21,"turns":3},{"damage":87,"enemies":"Book of Stabbing","floor":23,"turns":8},{"damage":40,"enemies":"Slavers","floor":29,"turns":8},{"damage":21,"enemies":"Centurion and Healer","floor":31,"turns":6},{"damage":63,"enemies":"Collector","floor":33,"turns":6}],"event_choices":[{"event_name":"Wheel of Change","player_choice":"Curse","floor":11,"damage_taken":0},{"event_name":"The Library","player_choice":"Read","floor":20,"damage_taken":0},{"event_name":"Drug Dealer","player_choice":"Ignored","floor":25,"damage_taken":0},{"event_name":"Forgotten Altar","player_choice":"Smashed Altar","floor":27,"damage_taken":0}],"boss_relics":[{"not_picked":["Runic Cube","Cursed Key"],"picked":"Astrolabe"}],"potions_floor_spawned":[7,13,14,16,21,31],"seed_played":"8695363779951475858","killed_by":"Collector","ascension_level":4,"is_trial":false}