{"path_per_floor":["M","$","?","?","$","E","R","E","T","R","M","M","$","M","R","B",null,"M","?","?","$","M","R","E","M","T","?","T","?","E","M","R","B",null,"M","$","?","$","M","R","M","R","T","E","M","E","?","M","R","B"],"character_chosen":"IRONCLAD","items_purchased":["Sundial","Armaments","Thread and Needle"],"gold_per_floor":[116,41,116,116,16,46,46,80,380,380,390,403,63,76,76,180,180,197,122,122,122,139,139,168,182,182,182,229,229,259,279,279,383,383,393,90,136,11,30,30,40,40,40,69,86,120,0,15,15,15],"floor_reached":51,"campfire_rested":2,"playtime":2809,"current_hp_per_floor":[80,80,69,69,69,75,75,80,80,80,80,80,80,80,80,75,80,80,80,80,80,80,80,80,80,80,80,80,80,75,69,69,75,80,80,80,71,71,59,80,57,81,81,83,83,83,83,86,86,29],"items_purged":["Strike_R","Strike_R","Pain"],"gold":15,"score":771,"play_id":"bce87cf8-5889-431d-b5c6-d7169f5907b1","is_prod":false,"is_daily":false,"is_ascension_mode":true,"campfire_upgraded":6,"path_taken":["M","$","?","?","?","E","R","E","T","R","?","?","$","M","R","BOSS","M","?","?","$","M","R","E","M","T","?","?","?","E","M","R","BOSS","M","$","?","$","M","R","M","R","T","E","M","E","?","M","R","BOSS"],"build_version":"2018-02-15-PROD1","purchased_purges":3,"victory":true,"master_deck":["Strike_R","Defend_R+1","Defend_R+1","Defend_R","Defend_R","Bash","Inflame+1","Uppercut+1","Reaper","Dropkick","Headbutt","Flame Barrier","Armaments+1","Seeing Red+1","Offering+1","Dual Wield+1","Whirlwind","Uppercut","Burning Pact","Dropkick+1","Battle Trance","Metallicize","Double Tap+1","Inflame","Infernal Blade+1","Dropkick","Parasite","Spot Weakness","Shockwave","Armaments+1"],"max_hp_per_floor":[80,80,80,80,80,80,80,80,80,80,80,80,80,80,80,80,80,80,80,80,80,80,80,80,80,80,80,80,80,80,80,80,80,80,80,80,80,80,80,80,83,83,83,83,83,83,83,86,86,86],"relics":["Burning Blood","NeowsBlessing","War Paint","Self Forming Clay","Old Coin","Sundial","Cursed Key","Oddly Smooth Stone","Dead Branch","Dream Catcher","Blue Candle","White Beast Statue","Thread and Needle","Du-Vu Doll","Mercury Hourglass","Bag of Preparation","Blood Vial","Red Mask"],"card_choices":[{"not_picked":["Clash","Heavy Blade"],"picked":"Inflame"},{"not_picked":["Wild Strike","Feel No Pain"],"picked":"Reaper"},{"not_picked":["Iron Wave","Clash"],"picked":"Dropkick"},{"not_picked":["Clothesline","Havoc"],"picked":"Headbutt"},{"not_picked":["Sentinel","Second Wind"],"picked":"Flame Barrier"},{"not_picked":["Heavy Blade","Rupture"],"picked":"Seeing Red"},{"not_picked":["Limit Break","Impervious"],"picked":"Offering"},{"not_picked":["Havoc","True Grit"],"picked":"Dual Wield"},{"not_picked":["Iron Wave","Havoc"],"picked":"Uppercut"},{"not_picked":["Sword Boomerang","Heavy Blade"],"picked":"Burning Pact"},{"not_picked":["Sword Boomerang","Rupture"],"picked":"Dropkick"},{"not_picked":["Dark Embrace","True Grit"],"picked":"Battle Trance"},{"not_picked":["Perfected Strike","Armaments"],"picked":"Metallicize"},{"not_picked":["Impervious","Barricade"],"picked":"Double Tap"},{"not_picked":["Corruption","Armaments"],"picked":"Inflame"},{"not_picked":["Clash","Carnage"],"picked":"Infernal Blade"},{"not_picked":["Whirlwind","Inflame"],"picked":"Dropkick"},{"not_picked":["Carnage","Sword Boomerang"],"picked":"Spot Weakness"},{"not_picked":["Pommel Strike","Pummel"],"picked":"Shockwave"},{"not_picked":["Heavy Blade","Carnage"],"picked":"Armaments"}],"player_experience":201040,"potions_floor_usage":[18,22,25,30,33,33,37,41,41,46,50,50],"damage_taken":[{"damage":0,"enemies":"Jaw Worm","floor":1,"turns":1},{"damage":0,"enemies":"3 Sentries","floor":6,"turns":2},{"damage":0,"enemies":"Lagavulin","floor":8,"turns":1},{"damage":2,"enemies":"Small Slimes","floor":11,"turns":2},{"damage":8,"enemies":"2 Louse","floor":12,"turns":3},{"damage":0,"enemies":"2 Fungi Beasts","floor":14,"turns":4},{"damage":15,"enemies":"The Guardian","floor":16,"turns":14},{"damage":4,"enemies":"3 Byrds","floor":18,"turns":2},{"damage":0,"enemies":"Chosen","floor":22,"turns":3},{"damage":14,"enemies":"Book of Stabbing","floor":24,"turns":5},{"damage":4,"enemies":"Snake Plant","floor":25,"turns":4},{"damage":50,"enemies":"Gremlin Leader","floor":30,"turns":7},{"damage":12,"enemies":"Sentry and Sphere","floor":31,"turns":5},{"damage":15,"enemies":"Champ","floor":33,"turns":7},{"damage":4,"enemies":"Orb Walker","floor":35,"turns":3},{"damage":15,"enemies":"Mysterious Sphere","floor":37,"turns":7},{"damage":29,"enemies":"3 Shapes","floor":39,"turns":4},{"damage":32,"enemies":"Sphere and 2 Shapes","floor":41,"turns":5},{"damage":6,"enemies":"Giant Head","floor":44,"turns":5},{"damage":4,"enemies":"Maw","floor":45,"turns":3},{"damage":10,"enemies":"2 Orb Walkers","floor":46,"turns":3},{"damage":5,"enemies":"4 Shapes","floor":48,"turns":5},{"damage":75,"enemies":"Awakened One","floor":50,"turns":7}],"event_choices":[{"event_name":"World of Goop","player_choice":"Gather Gold","floor":3,"damage_taken":0},{"event_name":"Living Wall","player_choice":"Change","floor":4,"damage_taken":0},{"event_name":"Beggar","player_choice":"Gave Gold","floor":19,"damage_taken":0},{"event_name":"The Library","player_choice":"Read","floor":20,"damage_taken":0},{"event_name":"Back to Basics","player_choice":"Elegance","floor":27,"damage_taken":0},{"event_name":"Addict","player_choice":"Ignored","floor":29,"damage_taken":0},{"event_name":"Mysterious Sphere","player_choice":"Fight","floor":37,"damage_taken":0},{"event_name":"Tomb of Lord Red Mask","player_choice":"Paid","floor":47,"damage_taken":0}],"boss_relics":[{"not_picked":["Question Card","Astrolabe"],"picked":"Cursed Key"},{"not_picked":["Velvet Choker","Calling Bell"],"picked":"White Beast Statue"}],"potions_floor_spawned":[6,11,12,18,22,30,31,35,37,39,41,44,45,46,48],"seed_played":"3740529604459107296","ascension_level":4,"is_trial":false}