{"path_per_floor":["M","?","?","?","M","R","M","$","T","E","R","T","E","M","R","B",null,"M","?","?","M","M","R","?","E","T","R","?","M","R","M","R"],"character_chosen":"IRONCLAD","items_purchased":[],"gold_per_floor":[115,115,115,115,134,134,151,76,157,187,187,187,219,234,234,332,332,342,342,342,356,372,372,287,312,312,312,312,326,326,343,343],"floor_reached":33,"campfire_rested":0,"playtime":1119,"current_hp_per_floor":[71,71,68,68,71,71,75,75,75,65,65,65,65,72,72,18,80,80,80,80,77,68,68,68,71,71,71,80,74,74,57,57],"items_purged":["Strike_R"],"gold":343,"score":300,"play_id":"8c4529cd-7f8c-4af5-a248-e4d1caffb03d","is_prod":false,"is_daily":false,"is_ascension_mode":true,"campfire_upgraded":4,"path_taken":["M","?","?","?","M","R","M","$","T","E","R","?","E","M","R","BOSS","M","?","?","M","M","R","?","E","T","R","?","?","R","?","R","BOSS"],"build_version":"2018-02-15-PROD1","purchased_purges":1,"victory":false,"master_deck":["Strike_R+1","Strike_R+1","Strike_R+1","Strike_R+1","Defend_R+1","Defend_R+1","Defend_R+1","Defend_R+1","Bash","Demon Form","Pummel+1","Regret","Whirlwind+1","Seeing Red+1","Headbutt","Battle Trance+1","Offering+1","Regret","Pommel Strike","Armaments+1","Power Through","Disarm"],"max_hp_per_floor":[80,80,80,80,80,80,80,80,80,80,80,80,80,80,80,80,80,80,80,80,80,80,80,80,80,80,80,80,80,80,80,80],"relics":["Burning Blood","Charon\u0027s Ashes","Du-Vu Doll","Toolbox","Blue Candle","Blood Vial","Bag of Marbles","Ginger","Mark of Pain","Paper Frog","Art of War","Shovel","War Paint","Bag of Preparation","Omamori"],"card_choices":[{"not_picked":["Clash","Fire Breathing"],"picked":"Pummel"},{"not_picked":["Headbutt","Anger"],"picked":"Whirlwind"},{"not_picked":["Anger","Hemokinesis"],"picked":"Seeing Red"},{"not_picked":["Inflame","Perfected Strike"],"picked":"Headbutt"},{"not_picked":["Perfected Strike","Anger"],"picked":"Battle Trance"},{"not_picked":["Demon Form","Immolate"],"picked":"Offering"},{"not_picked":["Sword Boomerang","Clash"],"picked":"Pommel Strike"},{"not_picked":["Combust","Hemokinesis"],"picked":"Armaments"},{"not_picked":["Pommel Strike","Warcry"],"picked":"Power Through"},{"not_picked":["Clothesline","Brutality"],"picked":"Disarm"}],"player_experience":206767,"potions_floor_usage":[25,31,33],"damage_taken":[{"damage":15,"enemies":"Jaw Worm","floor":1,"turns":5},{"damage":3,"enemies":"Small Slimes","floor":5,"turns":2},{"damage":2,"enemies":"2 Louse","floor":7,"turns":2},{"damage":16,"enemies":"3 Sentries","floor":10,"turns":5},{"damage":8,"enemies":"Gremlin Nob","floor":13,"turns":3},{"damage":1,"enemies":"Lots of Slimes","floor":14,"turns":2},{"damage":62,"enemies":"The Guardian","floor":16,"turns":7},{"damage":0,"enemies":"Shell Parasite","floor":18,"turns":1},{"damage":9,"enemies":"Spheric Guardian","floor":21,"turns":3},{"damage":17,"enemies":"Snake Plant","floor":22,"turns":2},{"damage":5,"enemies":"Slavers","floor":25,"turns":2},{"damage":12,"enemies":"3 Cultists","floor":29,"turns":3},{"damage":28,"enemies":"Sentry and Sphere","floor":31,"turns":3},{"damage":63,"enemies":"Champ","floor":33,"turns":7}],"event_choices":[{"event_name":"Big Fish","player_choice":"Box","floor":2,"damage_taken":0},{"event_name":"Scrap Ooze","player_choice":"success","floor":3,"damage_taken":3},{"event_name":"Wheel of Change","player_choice":"Relic","floor":4,"damage_taken":0},{"event_name":"Match and Keep!","player_choice":"1 cards matched","floor":19,"damage_taken":0},{"event_name":"Back to Basics","player_choice":"Simplicity","floor":20,"damage_taken":0},{"event_name":"Addict","player_choice":"Obtained Relic","floor":24,"damage_taken":0},{"event_name":"Wheel of Change","player_choice":"Full Heal","floor":28,"damage_taken":0}],"boss_relics":[{"not_picked":["Runic Pyramid","Black Blood"],"picked":"Mark of Pain"}],"potions_floor_spawned":[5,13,16,18,29],"seed_played":"3490247701455651285","killed_by":"Champ","ascension_level":2,"is_trial":false}