{"path_per_floor":["M","M","?","?","?","E","R","M","T","M","M","$","E","M","R"],"character_chosen":"IRONCLAD","items_purchased":["Flame Barrier","Anger","Finesse"],"gold_per_floor":[116,128,203,203,203,232,232,248,323,333,348,117,145,158,158],"floor_reached":16,"campfire_rested":1,"playtime":400,"current_hp_per_floor":[80,80,69,69,69,75,75,69,69,67,55,55,30,35,59],"items_purged":[],"gold":158,"score":151,"play_id":"843aad84-7497-431d-ba11-7f465d2924b8","is_prod":false,"is_daily":false,"is_ascension_mode":true,"campfire_upgraded":1,"path_taken":["M","M","?","?","?","E","R","?","T","?","M","$","E","M","R","BOSS"],"build_version":"2018-02-08-PROD1","purchased_purges":0,"victory":false,"master_deck":["Strike_R","Strike_R","Strike_R","Strike_R","Strike_R","Defend_R","Defend_R","Defend_R","Defend_R","Bash","Iron Wave","Flex","Pommel Strike+1","Inflame","Clothesline","Flex","Flame Barrier","Anger","Finesse","Cleave","Ghostly Armor"],"max_hp_per_floor":[80,80,80,80,80,80,80,80,80,80,80,80,80,80,80],"relics":["Burning Blood","NeowsBlessing","Unceasing Top","Tiny Chest","Bag of Marbles"],"card_choices":[{"not_picked":["Twin Strike","Havoc"],"picked":"Iron Wave"},{"not_picked":["Thunderclap","Perfected Strike"],"picked":"Flex"},{"not_picked":["Havoc","True Grit"],"picked":"Pommel Strike"},{"not_picked":["Heavy Blade","Thunderclap"],"picked":"Inflame"},{"not_picked":["Barricade","Body Slam"],"picked":"Clothesline"},{"not_picked":["Thunderclap","True Grit"],"picked":"Flex"},{"not_picked":["Second Wind","Entrench"],"picked":"Cleave"},{"not_picked":["Sword Boomerang","Body Slam"],"picked":"Ghostly Armor"}],"player_experience":141587,"potions_floor_usage":[14,16],"damage_taken":[{"damage":0,"enemies":"Cultist","floor":1,"turns":1},{"damage":0,"enemies":"2 Louse","floor":2,"turns":1},{"damage":0,"enemies":"3 Sentries","floor":6,"turns":2},{"damage":12,"enemies":"Jaw Worm","floor":8,"turns":2},{"damage":8,"enemies":"3 Louse","floor":10,"turns":3},{"damage":18,"enemies":"Exordium Thugs","floor":11,"turns":5},{"damage":31,"enemies":"Lagavulin","floor":13,"turns":6},{"damage":1,"enemies":"Gremlin Gang","floor":14,"turns":3},{"damage":59,"enemies":"The Guardian","floor":16,"turns":10}],"event_choices":[{"event_name":"World of Goop","player_choice":"Gather Gold","floor":3,"damage_taken":0},{"event_name":"Liars Game","player_choice":"disagreed","floor":4,"damage_taken":0},{"event_name":"Golden Wing","player_choice":"Ignored","floor":5,"damage_taken":0}],"boss_relics":[],"potions_floor_spawned":[2,6,10,13],"seed_played":"-8338333337699343580","killed_by":"The Guardian","ascension_level":2,"is_trial":false}