{"path_per_floor":["M","?","?","M","M","E","$","R","T","M","?","M","R","M","R","B",null,"M","M","$","?","T","R","M","M","T","T","R","M","?","M","R"],"character_chosen":"IRONCLAD","items_purchased":["Cleave","Shrug It Off"],"gold_per_floor":[116,116,146,166,179,205,78,78,105,116,116,127,127,143,143,245,245,261,271,126,126,151,151,171,187,187,213,213,226,226,238,238],"floor_reached":33,"campfire_rested":4,"playtime":1570,"current_hp_per_floor":[74,67,49,48,54,29,29,53,53,53,53,59,59,67,67,24,84,61,32,32,32,32,57,38,17,17,17,43,22,22,25,53],"items_purged":["Strike_R","Strike_R"],"gold":238,"score":274,"play_id":"aa13a234-8901-42e4-a5eb-eca1ede6c3ed","is_prod":false,"is_daily":false,"is_ascension_mode":false,"campfire_upgraded":2,"path_taken":["M","?","?","M","M","E","$","R","T","M","?","?","R","M","R","BOSS","M","M","$","?","?","R","M","M","T","?","R","?","?","M","R","BOSS"],"build_version":"2018-02-08-PROD1","purchased_purges":2,"victory":false,"master_deck":["Strike_R","Strike_R","Defend_R","Defend_R","Defend_R","Defend_R","Bash+1","Flame Barrier","Cleave+1","Heavy Blade+1","Limit Break","Feed","Disarm","Shrug It Off","Jack Of All Trades","Shrug It Off+1","Flex"],"max_hp_per_floor":[80,80,80,80,80,82,82,82,82,82,82,82,82,84,84,84,84,86,86,86,86,86,86,89,89,89,89,89,94,94,96,96],"relics":["Burning Blood","Tiny Chest","Singing Bowl","Vajra","Runic Pyramid","Blood Vial","Letter Opener","Happy Flower"],"card_choices":[{"not_picked":["Anger","Sentinel"],"picked":"Flame Barrier"},{"not_picked":["Clothesline","Sever Soul"],"picked":"Heavy Blade"},{"not_picked":["Whirlwind","Clothesline"],"picked":"Limit Break"},{"not_picked":["Impervious","Dark Embrace"],"picked":"Feed"},{"not_picked":["Headbutt","Flex"],"picked":"Disarm"},{"not_picked":["Wild Strike","Feel No Pain"],"picked":"Shrug It Off"},{"not_picked":["Iron Wave","Warcry"],"picked":"Flex"}],"player_experience":146702,"potions_floor_usage":[25,29,29,33],"damage_taken":[{"damage":12,"enemies":"Jaw Worm","floor":1,"turns":4},{"damage":7,"enemies":"2 Louse","floor":4,"turns":3},{"damage":0,"enemies":"Small Slimes","floor":5,"turns":3},{"damage":33,"enemies":"Lagavulin","floor":6,"turns":8},{"damage":6,"enemies":"3 Louse","floor":10,"turns":3},{"damage":0,"enemies":"2 Fungi Beasts","floor":12,"turns":3},{"damage":0,"enemies":"Large Slime","floor":14,"turns":5},{"damage":49,"enemies":"The Guardian","floor":16,"turns":12},{"damage":31,"enemies":"3 Byrds","floor":18,"turns":5},{"damage":35,"enemies":"Shell Parasite","floor":19,"turns":15},{"damage":34,"enemies":"Snake Plant","floor":24,"turns":6},{"damage":29,"enemies":"Slaver and Parasite","floor":25,"turns":11},{"damage":34,"enemies":"3 Cultists","floor":29,"turns":5},{"damage":7,"enemies":"Snecko","floor":31,"turns":6},{"damage":66,"enemies":"Champ","floor":33,"turns":12}],"event_choices":[{"event_name":"Golden Wing","player_choice":"Card Removal","floor":2,"damage_taken":0},{"event_name":"Scrap Ooze","player_choice":"success","floor":3,"damage_taken":18},{"event_name":"Liars Game","player_choice":"disagreed","floor":11,"damage_taken":0},{"event_name":"Match and Keep!","player_choice":"1 cards matched","floor":21,"damage_taken":0},{"event_name":"Drug Dealer","player_choice":"Ignored","floor":30,"damage_taken":0}],"boss_relics":[{"not_picked":["Runic Cube","White Beast Statue"],"picked":"Runic Pyramid"}],"potions_floor_spawned":[1,5,14,16,19,24,29],"seed_played":"327455051520260442","killed_by":"Champ","ascension_level":0,"is_trial":false}