{"path_per_floor":["M","M","?","M","?","R","E","M","T","M","$","R","T","M","R","B",null,"M","?","?","$","T","E","R","$","T","?","E","M","M","M","R"],"character_chosen":"IRONCLAD","items_purchased":["Armaments","Body Slam"],"gold_per_floor":[118,128,203,213,213,213,238,250,275,293,165,165,191,209,209,304,304,304,304,304,204,204,204,204,25,25,25,25,25,25,25,25],"floor_reached":33,"campfire_rested":2,"playtime":1419,"current_hp_per_floor":[79,78,67,69,53,77,36,38,38,44,44,44,44,50,74,18,80,82,82,82,82,82,73,73,73,73,73,64,58,66,66,66],"items_purged":["Strike_R","Strike_R","Strike_R"],"gold":25,"score":372,"play_id":"d97a1db1-6b61-4bd0-ad3c-ee3efd6041f9","is_prod":false,"is_daily":false,"is_ascension_mode":true,"campfire_upgraded":3,"path_taken":["M","M","?","M","?","R","E","M","T","M","$","R","?","M","R","BOSS","M","?","?","$","?","E","R","$","T","?","E","M","M","?","R","BOSS"],"build_version":"2018-02-08-PROD1","purchased_purges":3,"victory":false,"master_deck":["Strike_R+1","Defend_R","Defend_R","Defend_R","Defend_R","Bash","Shockwave","Body Slam+1","Double Tap+1","Flex","Armaments+1","Entrench","Impervious","Body Slam+1","Searing Blow"],"max_hp_per_floor":[80,80,80,80,80,80,80,80,80,80,80,80,80,80,80,80,80,82,82,82,82,82,84,84,84,84,84,86,88,90,92,92],"relics":["Burning Blood","Bronze Scales","Oddly Smooth Stone","Singing Bowl","Ectoplasm","Lantern","Champion Belt","Toxic Egg 2","Meat on the Bone"],"card_choices":[{"not_picked":["Second Wind","Bloodletting"],"picked":"Shockwave"},{"not_picked":["Headbutt","Shockwave"],"picked":"Body Slam"},{"not_picked":["Fire Breathing","Iron Wave"],"picked":"Double Tap"},{"not_picked":["Brutality","Dual Wield"],"picked":"Flex"},{"not_picked":["Intimidate","Shockwave"],"picked":"Entrench"},{"not_picked":["Feed","Offering"],"picked":"Impervious"}],"player_experience":120530,"potions_floor_usage":[7,8,16,16,16,28,33],"damage_taken":[{"damage":7,"enemies":"Small Slimes","floor":1,"turns":5},{"damage":7,"enemies":"2 Louse","floor":2,"turns":3},{"damage":4,"enemies":"Blue Slaver","floor":4,"turns":5},{"damage":47,"enemies":"Lagavulin","floor":7,"turns":8},{"damage":4,"enemies":"2 Fungi Beasts","floor":8,"turns":3},{"damage":0,"enemies":"Exordium Wildlife","floor":10,"turns":3},{"damage":0,"enemies":"Looter","floor":14,"turns":2},{"damage":62,"enemies":"Hexaghost","floor":16,"turns":9},{"damage":5,"enemies":"3 Byrds","floor":18,"turns":2},{"damage":17,"enemies":"Book of Stabbing","floor":23,"turns":4},{"damage":17,"enemies":"Gremlin Leader","floor":28,"turns":6},{"damage":14,"enemies":"Spheric Guardian","floor":29,"turns":4},{"damage":0,"enemies":"Snake Plant","floor":30,"turns":3},{"damage":8,"enemies":"Snecko","floor":31,"turns":6},{"damage":110,"enemies":"Champ","floor":33,"turns":16}],"event_choices":[{"event_name":"World of Goop","player_choice":"Gather Gold","floor":3,"damage_taken":0},{"event_name":"Shining Light","player_choice":"Entered Light","floor":5,"damage_taken":0},{"event_name":"The Mausoleum","player_choice":"No","floor":19,"damage_taken":0},{"event_name":"The Lab","player_choice":"Got Potions","floor":20,"damage_taken":0},{"event_name":"Match and Keep!","player_choice":"1 cards matched","floor":27,"damage_taken":0}],"boss_relics":[{"not_picked":["Question Card","Black Blood"],"picked":"Ectoplasm"}],"potions_floor_spawned":[1,4,7,10,14,23,29,31],"seed_played":"-4221127042499367725","killed_by":"Champ","ascension_level":4,"is_trial":false}