{"path_per_floor":["M","?","M","?","$","E","R","M","T","E","?","M","R","?","R","B",null,"M","M","$","?","?","R","M","$","T","R","E","M","R","?","R","B",null,"M","$","M","M","M","R","E","M","T","M","M","M","M","M","R","B"],"character_chosen":"IRONCLAD","items_purchased":["Inflame","Infernal Blade","Mummified Hand","Toolbox"],"gold_per_floor":[119,219,229,229,47,77,77,90,90,117,117,134,134,134,134,236,236,254,274,31,31,31,31,41,41,96,96,130,143,143,143,143,241,241,260,18,33,46,58,58,85,95,95,108,121,131,146,158,158,158],"floor_reached":51,"campfire_rested":1,"playtime":3756,"current_hp_per_floor":[78,78,78,78,78,39,39,53,53,65,62,64,64,64,64,39,97,81,79,79,60,60,60,69,69,69,69,61,64,64,48,78,62,102,102,102,101,77,75,75,25,41,41,53,48,62,84,75,75,61],"items_purged":["Strike_R"],"gold":158,"score":668,"play_id":"eb947fef-f0bf-41e3-b574-3dd66b407010","is_prod":false,"is_daily":false,"is_ascension_mode":true,"campfire_upgraded":8,"path_taken":["M","?","M","?","$","E","R","M","T","E","?","?","R","?","R","BOSS","M","M","$","?","?","R","M","?","T","R","E","M","R","?","R","BOSS","M","$","M","?","M","R","E","M","T","M","M","M","M","M","R","BOSS"],"build_version":"2018-02-15-PROD1","purchased_purges":1,"victory":true,"master_deck":["Bash+1","Doubt","Body Slam","Shockwave","Inflame+1","Infernal Blade+1","Shockwave","Second Wind","Offering+1","Shrug It Off","Exhume+1","Pummel","Thunderclap","Wild Strike","Twin Strike","Anger","Dual Wield+1","Clothesline","Pommel Strike+1","Uppercut","Flame Barrier","Shrug It Off","Offering+1","Double Tap","Metallicize+1","Bloodletting+1","Infernal Blade+1","Feel No Pain+1","Infernal Blade+1","Body Slam+1","Dropkick","Disarm+1"],"max_hp_per_floor":[80,80,80,80,80,80,80,80,80,97,97,97,97,97,97,97,97,97,97,97,102,102,102,102,102,102,102,102,102,102,102,102,102,102,102,102,102,105,105,105,105,105,105,105,105,105,105,105,105,105],"relics":["Burning Blood","Dead Branch","Meat on the Bone","Unceasing Top","Pear","Prayer Wheel","Pandora\u0027s Box","Mummified Hand","Art of War","Ice Cream","Nilry\u0027s Codex","Orrery","Toolbox","Gambling Chip","Juzu Bracelet"],"card_choices":[{"not_picked":["Reckless Charge","Rampage"],"picked":"Body Slam"},{"not_picked":["Headbutt","Shrug It Off"],"picked":"Shockwave"},{"not_picked":["Armaments","Perfected Strike"],"picked":"Shockwave"},{"not_picked":["Thunderclap","Burning Pact"],"picked":"Second Wind"},{"not_picked":["Fire Breathing","Evolve"],"picked":"Offering"},{"not_picked":["Clash","Havoc"],"picked":"Shrug It Off"},{"not_picked":["Feed","Immolate"],"picked":"Exhume"},{"not_picked":["Sword Boomerang","Spot Weakness"],"picked":"Uppercut"},{"not_picked":["Pommel Strike","Pummel"],"picked":"Flame Barrier"},{"not_picked":["Rage","Wild Strike"],"picked":"Shrug It Off"},{"not_picked":["Wild Strike","Body Slam"],"picked":"Offering"},{"not_picked":["Feed","Offering"],"picked":"Double Tap"},{"not_picked":["Clothesline","Sentinel"],"picked":"Metallicize"},{"not_picked":["Perfected Strike","Sword Boomerang"],"picked":"Bloodletting"},{"not_picked":["Evolve","Pommel Strike"],"picked":"Infernal Blade"},{"not_picked":["Iron Wave","Headbutt"],"picked":"Feel No Pain"},{"not_picked":["Heavy Blade","Reckless Charge"],"picked":"Infernal Blade"},{"not_picked":["Clash","Cleave"],"picked":"Body Slam"},{"not_picked":["Rampage","Sever Soul"],"picked":"Dropkick"},{"not_picked":["Armaments","Shrug It Off"],"picked":"Disarm"}],"player_experience":226092,"potions_floor_usage":[10,16,24,28,28,29,42,42,42,50],"damage_taken":[{"damage":8,"enemies":"2 Louse","floor":1,"turns":3},{"damage":6,"enemies":"Cultist","floor":3,"turns":4},{"damage":45,"enemies":"Lagavulin","floor":6,"turns":10},{"damage":4,"enemies":"Small Slimes","floor":8,"turns":4},{"damage":23,"enemies":"3 Sentries","floor":10,"turns":10},{"damage":4,"enemies":"Exordium Wildlife","floor":12,"turns":4},{"damage":58,"enemies":"Slime Boss","floor":16,"turns":12},{"damage":22,"enemies":"3 Byrds","floor":18,"turns":4},{"damage":8,"enemies":"Chosen","floor":19,"turns":2},{"damage":12,"enemies":"Centurion and Healer","floor":24,"turns":5},{"damage":38,"enemies":"Slavers","floor":28,"turns":8},{"damage":24,"enemies":"Cultist and Chosen","floor":29,"turns":5},{"damage":22,"enemies":"Champ","floor":33,"turns":8},{"damage":4,"enemies":"3 Shapes","floor":35,"turns":3},{"damage":7,"enemies":"3 Darklings","floor":37,"turns":1},{"damage":33,"enemies":"4 Shapes","floor":38,"turns":4},{"damage":8,"enemies":"Maw","floor":39,"turns":4},{"damage":68,"enemies":"2 Orb Walkers","floor":41,"turns":6},{"damage":8,"enemies":"Sphere and 2 Shapes","floor":42,"turns":3},{"damage":6,"enemies":"4 Shapes","floor":44,"turns":3},{"damage":23,"enemies":"Maw","floor":45,"turns":7},{"damage":4,"enemies":"3 Darklings","floor":46,"turns":2},{"damage":10,"enemies":"4 Shapes","floor":47,"turns":4},{"damage":15,"enemies":"Maw","floor":48,"turns":6},{"damage":47,"enemies":"Donu and Deca","floor":50,"turns":7}],"event_choices":[{"event_name":"Golden Shrine","player_choice":"Pray","floor":2,"damage_taken":0},{"event_name":"Shining Light","player_choice":"Ignored","floor":4,"damage_taken":0},{"event_name":"Scrap Ooze","player_choice":"success","floor":11,"damage_taken":3},{"event_name":"The Lab","player_choice":"Got Potions","floor":14,"damage_taken":0},{"event_name":"Forgotten Altar","player_choice":"Shed Blood","floor":21,"damage_taken":0},{"event_name":"Drug Dealer","player_choice":"Ignored","floor":22,"damage_taken":0},{"event_name":"Cursed Tome","player_choice":"Obtained Book","floor":31,"damage_taken":0}],"boss_relics":[{"not_picked":["Lizard Tail","Ectoplasm"],"picked":"Pandora\u0027s Box"},{"not_picked":["Runic Cube","Runic Pyramid"],"picked":"Orrery"}],"potions_floor_spawned":[1,8,12,16,18,19,28,37,38,41,46,47,48],"seed_played":"-6920993611760396040","ascension_level":4,"is_trial":false}