{"path_per_floor":["M","M","M","M","$","E","R","E","T","M","R","?","M","E","R","B",null,"M","?","?","M","M","R","?","R","T","$","M","R","M","M","R","B",null,"M","?","T","$","M","R","M","R","T","R","M","E","$","?","R","B"],"character_chosen":"IRONCLAD","items_purchased":["Burning Pact"],"gold_per_floor":[111,123,139,120,45,79,79,105,105,125,125,125,140,168,168,266,266,266,266,266,191,191,191,191,191,191,116,116,116,116,116,116,116,116,116,116,116,16,16,16,16,16,16,16,16,16,16,16,16,16],"floor_reached":51,"campfire_rested":0,"playtime":3140,"current_hp_per_floor":[80,80,80,68,68,24,24,26,26,32,32,32,38,12,12,7,87,87,87,87,54,71,71,71,71,71,71,75,75,85,85,85,18,87,87,87,87,87,89,89,89,89,89,89,89,91,91,91,91,68],"items_purged":["Strike_R","Strike_R"],"gold":16,"score":573,"play_id":"2b49ccac-c408-4a18-88b0-d6d87a8ee5dd","is_prod":false,"is_daily":false,"is_ascension_mode":true,"campfire_upgraded":11,"path_taken":["M","?","M","M","$","E","R","E","T","M","R","?","M","E","R","BOSS","M","?","?","M","M","R","?","R","T","$","M","R","?","M","R","BOSS","M","?","?","$","M","R","M","R","T","R","M","E","$","?","R","BOSS"],"build_version":"2018-02-08-PROD1","purchased_purges":2,"victory":true,"master_deck":["Strike_R","Strike_R","Defend_R","Defend_R","Bash","Power Through","Searing Blow+12","Shrug It Off","Burning Pact","Whirlwind","Second Wind","Power Through","Reaper","Feel No Pain","Disarm","Sentinel","Shrug It Off+1","Warcry+1","Fiend Fire","Demon Form","Disarm+1","Headbutt","Seeing Red"],"max_hp_per_floor":[80,80,80,80,80,80,80,87,87,87,87,87,87,87,87,87,87,87,87,87,87,87,87,87,87,87,87,87,87,87,87,87,87,87,87,87,87,87,89,89,89,89,89,89,89,91,91,91,91,91],"relics":["Burning Blood","Bronze Scales","Strawberry","Regal Pillow","Frozen Eye","Ectoplasm","Pantograph","Sozu","Singing Bowl","Gambling Chip","Old Coin"],"card_choices":[{"not_picked":["Battle Trance","Sword Boomerang"],"picked":"Searing Blow"},{"not_picked":["Bludgeon","Carnage"],"picked":"Shrug It Off"},{"not_picked":["Rage","Juggernaut"],"picked":"Whirlwind"},{"not_picked":["Metallicize","Heavy Blade"],"picked":"Second Wind"},{"not_picked":["True Grit","Clash"],"picked":"Power Through"},{"not_picked":["Berserk","Juggernaut"],"picked":"Reaper"},{"not_picked":["Anger","Flame Barrier"],"picked":"Feel No Pain"},{"not_picked":["Sword Boomerang","Hemokinesis"],"picked":"Sentinel"},{"not_picked":["Clothesline","Seeing Red"],"picked":"Shrug It Off"},{"not_picked":["Rampage","Entrench"],"picked":"Warcry"},{"not_picked":["Clothesline","Blood for Blood"],"picked":"Fiend Fire"},{"not_picked":["Barricade","Juggernaut"],"picked":"Demon Form"},{"not_picked":["Heavy Blade","Ghostly Armor"],"picked":"Disarm"},{"not_picked":["Perfected Strike","Second Wind"],"picked":"Headbutt"},{"not_picked":["Barricade","Iron Wave"],"picked":"Seeing Red"}],"player_experience":349359,"potions_floor_usage":[6,8,16,16,16],"damage_taken":[{"damage":4,"enemies":"Blue Slaver","floor":1,"turns":5},{"damage":6,"enemies":"Jaw Worm","floor":2,"turns":3},{"damage":2,"enemies":"2 Louse","floor":3,"turns":4},{"damage":18,"enemies":"Exordium Thugs","floor":4,"turns":5},{"damage":50,"enemies":"Lagavulin","floor":6,"turns":7},{"damage":11,"enemies":"3 Sentries","floor":8,"turns":8},{"damage":0,"enemies":"Red Slaver","floor":10,"turns":4},{"damage":0,"enemies":"2 Fungi Beasts","floor":13,"turns":3},{"damage":32,"enemies":"Lagavulin","floor":14,"turns":8},{"damage":11,"enemies":"Hexaghost","floor":16,"turns":9},{"damage":3,"enemies":"Spheric Guardian","floor":18,"turns":5},{"damage":43,"enemies":"2 Thieves","floor":21,"turns":4},{"damage":1,"enemies":"3 Cultists","floor":22,"turns":6},{"damage":6,"enemies":"Snecko","floor":28,"turns":6},{"damage":0,"enemies":"Centurion and Healer","floor":30,"turns":6},{"damage":6,"enemies":"Sentry and Sphere","floor":31,"turns":5},{"damage":75,"enemies":"Champ","floor":33,"turns":9},{"damage":2,"enemies":"3 Shapes","floor":35,"turns":7},{"damage":0,"enemies":"Orb Walker","floor":39,"turns":2},{"damage":11,"enemies":"4 Shapes","floor":41,"turns":8},{"damage":0,"enemies":"Sphere and 2 Shapes","floor":45,"turns":6},{"damage":1,"enemies":"Giant Head","floor":46,"turns":5},{"damage":40,"enemies":"Time Eater","floor":50,"turns":8}],"event_choices":[{"event_name":"Living Wall","player_choice":"Grow","floor":12,"damage_taken":0},{"event_name":"Bonfire Elementals","player_choice":"BASIC","floor":19,"damage_taken":0},{"event_name":"The Library","player_choice":"Read","floor":20,"damage_taken":0},{"event_name":"Vampires","player_choice":"Ignored","floor":24,"damage_taken":0},{"event_name":"Tomb of Lord Red Mask","player_choice":"Ignored","floor":36,"damage_taken":0}],"boss_relics":[{"not_picked":["Cursed Key","Philosopher\u0027s Stone"],"picked":"Ectoplasm"},{"not_picked":["White Beast Statue","Question Card"],"picked":"Sozu"}],"potions_floor_spawned":[1,3,6,8,14,16,28,33,39,46],"seed_played":"2499996907171664344","ascension_level":1,"is_trial":false}