{"path_per_floor":["M","?","$","?","M","E","R","E","T","R","M","E","?","M","R","B",null,"M","?","M","$","?"],"character_chosen":"IRONCLAD","items_purchased":["Dead Branch"],"gold_per_floor":[111,111,36,36,50,76,76,109,109,109,122,148,175,185,185,290,290,307,307,317,5,5],"floor_reached":23,"campfire_rested":0,"playtime":717,"current_hp_per_floor":[80,80,80,68,74,80,80,61,75,75,81,77,83,85,85,65,87,93,93,75,75,75],"items_purged":["Strike_R"],"gold":5,"score":290,"play_id":"b8866b30-68e7-4f6e-87ce-d5bc2609a6e6","is_prod":false,"is_daily":false,"is_ascension_mode":true,"campfire_upgraded":3,"path_taken":["M","?","$","?","M","E","R","E","T","R","?","E","?","M","R","BOSS","M","?","M","$","?","E"],"build_version":"2018-02-15-PROD1","purchased_purges":1,"victory":false,"master_deck":["Strike_R","Strike_R","Strike_R","Strike_R","Defend_R","Defend_R","Defend_R","Defend_R","Bash+1","Whirlwind+1","Flex","Cleave","Spot Weakness","Impervious","Exhume","Flame Barrier","Disarm+1","Limit Break","Pommel Strike+1","Normality","Flex+1"],"max_hp_per_floor":[80,80,80,80,80,80,80,80,94,94,94,94,94,94,94,94,94,94,94,94,94,94],"relics":["Burning Blood","NeowsBlessing","Bag of Marbles","Dodecahedron","Smiling Mask","Mango","Bag of Preparation","Odd Mushroom","Mark of Pain","Omamori","Dead Branch","Anchor"],"card_choices":[{"not_picked":["Searing Blow","Bloodletting"],"picked":"Whirlwind"},{"not_picked":["Shrug It Off","Flame Barrier"],"picked":"Flex"},{"not_picked":["Twin Strike","Burning Pact"],"picked":"Cleave"},{"not_picked":["Body Slam","Burning Pact"],"picked":"Spot Weakness"},{"not_picked":["Headbutt","Warcry"],"picked":"Impervious"},{"not_picked":["Iron Wave","Flex"],"picked":"Exhume"},{"not_picked":["Pommel Strike","Shrug It Off"],"picked":"Flame Barrier"},{"not_picked":["Anger","Battle Trance"],"picked":"Disarm"},{"not_picked":["Immolate","Juggernaut"],"picked":"Limit Break"},{"not_picked":["Anger","Rupture"],"picked":"Pommel Strike"},{"not_picked":["Heavy Blade","Battle Trance"],"picked":"Flex"}],"player_experience":230568,"potions_floor_usage":[12,12,16,18],"damage_taken":[{"damage":0,"enemies":"Jaw Worm","floor":1,"turns":1},{"damage":0,"enemies":"Small Slimes","floor":5,"turns":1},{"damage":0,"enemies":"Gremlin Nob","floor":6,"turns":1},{"damage":25,"enemies":"Lagavulin","floor":8,"turns":5},{"damage":0,"enemies":"2 Louse","floor":11,"turns":1},{"damage":16,"enemies":"Gremlin Nob","floor":12,"turns":3},{"damage":0,"enemies":"The Mushroom Lair","floor":13,"turns":1},{"damage":4,"enemies":"Large Slime","floor":14,"turns":5},{"damage":26,"enemies":"The Guardian","floor":16,"turns":16},{"damage":0,"enemies":"2 Thieves","floor":18,"turns":2},{"damage":24,"enemies":"Shell Parasite","floor":20,"turns":7},{"damage":76,"enemies":"Book of Stabbing","floor":23,"turns":8}],"event_choices":[{"event_name":"Shining Light","player_choice":"Ignored","floor":2,"damage_taken":0},{"event_name":"Scrap Ooze","player_choice":"success","floor":4,"damage_taken":12},{"event_name":"Mushrooms","player_choice":"Fought Mushrooms","floor":13,"damage_taken":0},{"event_name":"Accursed Blacksmith","player_choice":"Rummage","floor":19,"damage_taken":0},{"event_name":"The Mausoleum","player_choice":"Yes","floor":22,"damage_taken":0}],"boss_relics":[{"not_picked":["Runic Cube","Orrery"],"picked":"Mark of Pain"}],"potions_floor_spawned":[1,5,8,16],"seed_played":"8666009849939943026","killed_by":"Book of Stabbing","ascension_level":5,"is_trial":false}