{"path_per_floor":["M","?","$","M","M","E","$","R","T","$","?","E","R","M","R","B",null,"M","$","?","M","?","R"],"character_chosen":"IRONCLAD","items_purchased":["Armaments","Omamori","Seeing Red","Bronze Scales","Vajra"],"gold_per_floor":[364,364,266,281,301,335,154,154,199,48,74,109,109,121,121,223,223,237,89,89,105,105,105],"floor_reached":24,"campfire_rested":2,"playtime":989,"current_hp_per_floor":[72,65,65,70,72,61,61,61,61,61,51,40,61,55,55,45,79,52,52,52,26,10,50],"items_purged":["Strike_R"],"gold":105,"score":253,"play_id":"2b9f4cd9-5320-4616-bd12-e24b4a7904f9","is_prod":false,"is_daily":false,"is_ascension_mode":true,"campfire_upgraded":2,"path_taken":["M","?","?","?","M","E","$","R","T","$","?","E","R","?","R","BOSS","M","$","?","M","?","R","E"],"build_version":"2018-02-15-PROD1","purchased_purges":2,"victory":false,"master_deck":["Strike_R","Strike_R","Strike_R","Defend_R","Defend_R","Defend_R","Defend_R","Bash","Flex","Armaments+1","Iron Wave","Iron Wave","True Grit+1","Seeing Red","Uppercut","Fiend Fire","Exhume","Regret","Shrug It Off","Barricade"],"max_hp_per_floor":[72,72,72,72,72,72,72,72,72,72,72,72,72,72,72,72,86,86,86,86,86,86,86],"relics":["Burning Blood","Peace Pipe","Omamori","Bronze Scales","Odd Mushroom","Matryoshka","Calling Bell","Juzu Bracelet","Regal Pillow","Mango","Vajra","Nloth\u0027s Gift","Enchiridion"],"card_choices":[{"not_picked":["Twin Strike","Searing Blow"],"picked":"Flex"},{"not_picked":["Pommel Strike","Havoc"],"picked":"Iron Wave"},{"not_picked":["Clash","Anger"],"picked":"Iron Wave"},{"not_picked":["Flame Barrier","Thunderclap"],"picked":"True Grit"},{"not_picked":["True Grit","Flex"],"picked":"Uppercut"},{"not_picked":["Battle Trance","Havoc"],"picked":"Fiend Fire"},{"not_picked":["Juggernaut","Impervious"],"picked":"Exhume"},{"not_picked":["Armaments","Sword Boomerang"],"picked":"Shrug It Off"},{"not_picked":["Armaments","Impervious"],"picked":"Barricade"}],"player_experience":231285,"potions_floor_usage":[11,11,16,24],"damage_taken":[{"damage":0,"enemies":"Small Slimes","floor":1,"turns":3},{"damage":1,"enemies":"2 Louse","floor":4,"turns":2},{"damage":1,"enemies":"Cultist","floor":5,"turns":3},{"damage":17,"enemies":"3 Sentries","floor":6,"turns":13},{"damage":16,"enemies":"The Mushroom Lair","floor":11,"turns":4},{"damage":17,"enemies":"Lagavulin","floor":12,"turns":9},{"damage":12,"enemies":"Exordium Thugs","floor":14,"turns":5},{"damage":16,"enemies":"Slime Boss","floor":16,"turns":14},{"damage":33,"enemies":"Chosen","floor":18,"turns":9},{"damage":32,"enemies":"3 Byrds","floor":21,"turns":6},{"damage":50,"enemies":"Book of Stabbing","floor":24,"turns":6}],"event_choices":[{"event_name":"Golden Wing","player_choice":"Card Removal","floor":2,"damage_taken":0},{"event_name":"Mushrooms","player_choice":"Fought Mushrooms","floor":11,"damage_taken":0},{"event_name":"N\u0027loth","player_choice":"Traded a Oddly Smooth Stone","floor":20,"damage_taken":0},{"event_name":"Cursed Tome","player_choice":"Obtained Book","floor":22,"damage_taken":0}],"boss_relics":[{"not_picked":["Black Blood","Cursed Key"],"picked":"Calling Bell"}],"potions_floor_spawned":[4,6,14,16],"seed_played":"4874968216765436530","killed_by":"Book of Stabbing","ascension_level":5,"is_trial":false}