{"path_per_floor":["M","M","$","M","?","E","?","E","T","M","R","M","R","M","R","B",null,"M","T","M","M","M","R","$","?","T","E","?","?","$","?","R","B",null,"M","$","?","?","?"],"character_chosen":"IRONCLAD","items_purchased":["Gremlin Horn","Bandage Up","Flame Barrier","Shrug It Off"],"gold_per_floor":[99,110,35,50,50,76,76,106,106,125,125,145,145,161,161,261,261,274,326,337,347,367,367,23,23,46,81,81,81,42,42,42,143,143,161,135,135,0,0],"floor_reached":40,"campfire_rested":5,"playtime":1264,"current_hp_per_floor":[80,80,80,80,80,33,33,21,21,20,44,49,73,69,80,46,80,74,74,67,55,42,66,66,66,66,29,19,19,19,47,72,14,86,76,76,76,76,92],"items_purged":["Strike_R"],"gold":0,"score":416,"play_id":"86052dbd-bcc2-4cca-aeb5-416c0135689b","is_prod":false,"is_daily":false,"is_ascension_mode":true,"campfire_upgraded":0,"path_taken":["M","M","$","?","?","E","?","E","T","M","R","?","R","M","R","BOSS","M","?","M","M","M","R","$","?","T","E","?","?","?","?","R","BOSS","M","$","?","?","?","E"],"build_version":"2018-02-08-PROD1","purchased_purges":2,"victory":false,"master_deck":["Strike_R","Strike_R+1","Strike_R","Strike_R+1","Defend_R","Defend_R","Defend_R","Defend_R","Bash","Twin Strike","Flex","Ghostly Armor","Armaments","Carnage","Headbutt","Metallicize","Demon Form","Metallicize","Dropkick","Sword Boomerang","Immolate","Bandage Up","Bandage Up","Seeing Red+1","Flame Barrier","Ghostly Armor+1","Bludgeon","Seeing Red","Shrug It Off","Necronomicurse","Writhe"],"max_hp_per_floor":[80,80,80,80,80,80,80,80,80,80,80,80,80,80,80,80,80,80,80,80,80,80,80,80,80,80,80,86,86,86,86,86,86,86,86,86,86,86,92],"relics":["Burning Blood","NeowsBlessing","Whetstone","Singing Bowl","Darkstone Periapt","Velvet Choker","Happy Flower","Gremlin Horn","Dream Catcher","Juzu Bracelet","Necronomicon","Bag of Preparation","Philosopher\u0027s Stone","Red Mask"],"card_choices":[{"not_picked":["Hemokinesis","Perfected Strike"],"picked":"Twin Strike"},{"not_picked":["Barricade","Infernal Blade"],"picked":"Flex"},{"not_picked":["Brutality","Twin Strike"],"picked":"Ghostly Armor"},{"not_picked":["Perfected Strike","Clothesline"],"picked":"Armaments"},{"not_picked":["Clothesline","Warcry"],"picked":"Carnage"},{"not_picked":["Armaments","True Grit"],"picked":"Headbutt"},{"not_picked":["Perfected Strike","Twin Strike"],"picked":"Metallicize"},{"not_picked":["Impervious","Juggernaut"],"picked":"Demon Form"},{"not_picked":["Shrug It Off","Clothesline"],"picked":"Metallicize"},{"not_picked":["Shrug It Off","Wild Strike"],"picked":"Dropkick"},{"not_picked":["Armaments","Body Slam"],"picked":"Sword Boomerang"},{"not_picked":["Warcry","Thunderclap"],"picked":"Immolate"},{"not_picked":["Shockwave","Flex"],"picked":"Seeing Red"},{"not_picked":["Iron Wave","Corruption"],"picked":"Ghostly Armor"},{"not_picked":["Brutality","Feed"],"picked":"Bludgeon"},{"not_picked":["Pommel Strike","Havoc"],"picked":"Seeing Red"}],"player_experience":149396,"potions_floor_usage":[16,18,27,33],"damage_taken":[{"damage":0,"enemies":"Blue Slaver","floor":1,"turns":1},{"damage":0,"enemies":"Jaw Worm","floor":2,"turns":1},{"damage":0,"enemies":"Small Slimes","floor":4,"turns":1},{"damage":53,"enemies":"3 Sentries","floor":6,"turns":10},{"damage":18,"enemies":"Gremlin Nob","floor":8,"turns":4},{"damage":7,"enemies":"Looter","floor":10,"turns":4},{"damage":1,"enemies":"Large Slime","floor":12,"turns":5},{"damage":10,"enemies":"Exordium Thugs","floor":14,"turns":4},{"damage":40,"enemies":"Slime Boss","floor":16,"turns":10},{"damage":12,"enemies":"2 Thieves","floor":18,"turns":3},{"damage":13,"enemies":"Shell Parasite","floor":20,"turns":5},{"damage":18,"enemies":"Snecko","floor":21,"turns":4},{"damage":19,"enemies":"Centurion and Healer","floor":22,"turns":5},{"damage":51,"enemies":"Book of Stabbing","floor":27,"turns":5},{"damage":75,"enemies":"Automaton","floor":33,"turns":11},{"damage":19,"enemies":"3 Shapes","floor":35,"turns":5},{"damage":130,"enemies":"Nemesis","floor":40,"turns":9}],"event_choices":[{"event_name":"The Lab","player_choice":"Got Potions","floor":5,"damage_taken":0},{"event_name":"Liars Game","player_choice":"disagreed","floor":7,"damage_taken":0},{"event_name":"Duplicator","player_choice":"One dupe","floor":25,"damage_taken":0},{"event_name":"Cursed Tome","player_choice":"Obtained Book","floor":28,"damage_taken":0},{"event_name":"The Mausoleum","player_choice":"Yes","floor":29,"damage_taken":0},{"event_name":"The Library","player_choice":"Heal","floor":31,"damage_taken":0},{"event_name":"Fountain of Cleansing","player_choice":"Removed Curse","floor":37,"damage_taken":0},{"event_name":"Tomb of Lord Red Mask","player_choice":"Paid","floor":38,"damage_taken":0},{"event_name":"Winding Halls","player_choice":"Writhe","floor":39,"damage_taken":0}],"boss_relics":[{"not_picked":["Runic Dome","Orrery"],"picked":"Velvet Choker"},{"not_picked":["Eternal Feather","Question Card"],"picked":"Philosopher\u0027s Stone"}],"potions_floor_spawned":[4,6,10,12,18,20,22,33,35],"seed_played":"6623007142218982725","killed_by":"Nemesis","ascension_level":3,"is_trial":false}