{"path_per_floor":["M","?","?","M","M","E","M","?","T","R","M","R","T","M","R","B",null,"M","?","?","$","M","R","E","R","T","?","M","$","M"],"character_chosen":"IRONCLAD","items_purchased":["Mummified Hand","Strength Potion"],"gold_per_floor":[111,111,111,131,142,171,184,284,584,584,601,601,601,620,620,724,724,741,641,641,566,585,585,615,615,692,692,704,304,321],"floor_reached":31,"campfire_rested":2,"playtime":1024,"current_hp_per_floor":[80,77,77,74,79,53,50,50,50,50,21,45,45,51,51,11,80,59,59,59,59,58,58,24,48,48,48,19,19,22],"items_purged":["Warcry","Heavy Blade"],"gold":321,"score":293,"play_id":"58d9d6bc-9143-496a-9610-68915fb1aef6","is_prod":false,"is_daily":false,"is_ascension_mode":true,"campfire_upgraded":3,"path_taken":["M","?","?","?","M","E","M","?","T","R","M","R","?","?","R","BOSS","M","?","?","$","M","R","E","R","T","?","M","$","M","?"],"build_version":"2018-02-15-PROD1","purchased_purges":2,"victory":false,"master_deck":["Bash","Rampage+1","Fiend Fire","Intimidate","Battle Trance","Inflame","Warcry+1","Shrug It Off","Power Through","Offering+1","Heavy Blade","Fire Breathing","Whirlwind","Wild Strike","Shrug It Off","Evolve+1","J.A.X.","Headbutt+1","Corruption","Decay"],"max_hp_per_floor":[80,80,80,80,80,80,80,80,80,80,80,80,80,80,80,80,80,80,80,80,80,80,80,80,80,80,80,80,80,80],"relics":["Burning Blood","Prayer Wheel","Bronze Scales","Old Coin","Du-Vu Doll","Pandora\u0027s Box","Oddly Smooth Stone","Bottled Tornado","Mummified Hand"],"card_choices":[{"not_picked":["Disarm","Clash"],"picked":"Rampage"},{"not_picked":["Body Slam","Fire Breathing"],"picked":"Fiend Fire"},{"not_picked":["Fire Breathing","Warcry"],"picked":"Intimidate"},{"not_picked":["Carnage","Flame Barrier"],"picked":"Battle Trance"},{"not_picked":["Thunderclap","Perfected Strike"],"picked":"Inflame"},{"not_picked":["Thunderclap","Havoc"],"picked":"Warcry"},{"not_picked":["Warcry","Sword Boomerang"],"picked":"Shrug It Off"},{"not_picked":["Carnage","Iron Wave"],"picked":"Power Through"},{"not_picked":["Bludgeon","Brutality"],"picked":"Offering"},{"not_picked":["Rampage","Clash"],"picked":"Evolve"},{"not_picked":["Sever Soul","Anger"],"picked":"Headbutt"},{"not_picked":["Headbutt","Pummel"],"picked":"Corruption"}],"player_experience":214435,"potions_floor_usage":[11,16,16,24,30],"damage_taken":[{"damage":5,"enemies":"Small Slimes","floor":1,"turns":3},{"damage":9,"enemies":"Jaw Worm","floor":4,"turns":3},{"damage":1,"enemies":"Cultist","floor":5,"turns":4},{"damage":32,"enemies":"Gremlin Nob","floor":6,"turns":4},{"damage":9,"enemies":"2 Fungi Beasts","floor":7,"turns":3},{"damage":35,"enemies":"Exordium Thugs","floor":11,"turns":4},{"damage":0,"enemies":"Large Slime","floor":14,"turns":3},{"damage":46,"enemies":"Slime Boss","floor":16,"turns":10},{"damage":27,"enemies":"2 Thieves","floor":18,"turns":3},{"damage":7,"enemies":"Spheric Guardian","floor":22,"turns":2},{"damage":40,"enemies":"Slavers","floor":24,"turns":5},{"damage":35,"enemies":"Snecko","floor":28,"turns":4},{"damage":3,"enemies":"Centurion and Healer","floor":30,"turns":4},{"damage":24,"enemies":"Snake Plant","floor":31,"turns":2}],"event_choices":[{"event_name":"Scrap Ooze","player_choice":"success","floor":2,"damage_taken":3},{"event_name":"Purifier","player_choice":"One Purge","floor":3,"damage_taken":0},{"event_name":"Golden Shrine","player_choice":"Pray","floor":8,"damage_taken":0},{"event_name":"Drug Dealer","player_choice":"Got JAXXED","floor":19,"damage_taken":0},{"event_name":"Back to Basics","player_choice":"Elegance","floor":20,"damage_taken":0},{"event_name":"Forgotten Altar","player_choice":"Smashed Altar","floor":27,"damage_taken":0}],"boss_relics":[{"not_picked":["Black Blood","Tiny House"],"picked":"Pandora\u0027s Box"}],"potions_floor_spawned":[1,4,11,18,24],"seed_played":"7125614959409839862","killed_by":"Snake Plant","ascension_level":3,"is_trial":false}