{"path_per_floor":["M","?","$","M","?","R","E","T","T","M","R","?","E","$","R","B",null,"M","?","M","$","M","R","E","?","T"],"character_chosen":"IRONCLAD","items_purchased":["Metallicize"],"gold_per_floor":[116,116,41,58,8,8,38,62,132,148,148,148,183,7,7,105,105,120,120,130,5,18,18,49,49,73],"floor_reached":27,"campfire_rested":3,"playtime":1065,"current_hp_per_floor":[80,80,80,80,80,80,35,35,35,41,65,65,49,49,73,21,80,63,47,51,51,39,63,36,36,36],"items_purged":["Regret","Defend_R","Strike_R"],"gold":73,"score":284,"play_id":"e134b5f6-8a8a-4e51-9f64-c82c59885389","is_prod":false,"is_daily":false,"is_ascension_mode":true,"campfire_upgraded":1,"path_taken":["M","?","$","M","?","R","E","?","T","M","R","?","E","?","R","BOSS","M","?","M","$","M","R","E","?","T","E"],"build_version":"2018-02-12-PROD1","purchased_purges":3,"victory":false,"master_deck":["Strike_R","Strike_R","Defend_R","Defend_R","Defend_R","Bash","Whirlwind+1","Armaments","Pommel Strike","Disarm","Metallicize","Clothesline","Reaper","Headbutt","Flex","Metallicize","Pommel Strike","Rampage","Flame Barrier","Shrug It Off","Inflame","Pummel+1","Armaments+1"],"max_hp_per_floor":[80,80,80,80,80,80,80,80,80,80,80,80,80,80,80,80,80,80,80,80,80,80,80,80,80,80],"relics":["Burning Blood","Bag of Marbles","Dream Catcher","Juzu Bracelet","Ornamental Fan","Meat on the Bone","Orrery","Enchiridion","Prayer Wheel","Ancient Tea Set"],"card_choices":[{"not_picked":["Sword Boomerang","Burning Pact"],"picked":"Whirlwind"},{"not_picked":["Shockwave","Thunderclap"],"picked":"Armaments"},{"not_picked":["Wild Strike","Feel No Pain"],"picked":"Pommel Strike"},{"not_picked":["Clash","Rage"],"picked":"Disarm"},{"not_picked":["Rupture","Bloodletting"],"picked":"Clothesline"},{"not_picked":["Barricade","Limit Break"],"picked":"Reaper"},{"not_picked":["True Grit","Sever Soul"],"picked":"Headbutt"},{"not_picked":["True Grit","Clothesline"],"picked":"Flex"},{"not_picked":["Reckless Charge","Combust"],"picked":"Metallicize"},{"not_picked":["Clash","Barricade"],"picked":"Pommel Strike"},{"not_picked":["Heavy Blade","Pummel"],"picked":"Rampage"},{"not_picked":["Hemokinesis","Flex"],"picked":"Flame Barrier"},{"not_picked":["Intimidate","Sever Soul"],"picked":"Shrug It Off"},{"not_picked":["Armaments","Blood for Blood"],"picked":"Inflame"},{"not_picked":["Rage","Carnage"],"picked":"Pummel"},{"not_picked":["Body Slam","Iron Wave"],"picked":"Armaments"}],"player_experience":169852,"potions_floor_usage":[24,24,27],"damage_taken":[{"damage":1.0,"enemies":"Cultist","floor":1.0,"turns":4.0},{"damage":0.0,"enemies":"2 Louse","floor":4.0,"turns":1.0},{"damage":51.0,"enemies":"Lagavulin","floor":7.0,"turns":7.0},{"damage":0.0,"enemies":"Small Slimes","floor":10.0,"turns":1.0},{"damage":22.0,"enemies":"3 Sentries","floor":13.0,"turns":5.0},{"damage":85.0,"enemies":"Slime Boss","floor":16.0,"turns":12.0},{"damage":30.0,"enemies":"Spheric Guardian","floor":18.0,"turns":7.0},{"damage":2.0,"enemies":"3 Byrds","floor":20.0,"turns":2.0},{"damage":30,"enemies":"Snake Plant","floor":22,"turns":5},{"damage":57,"enemies":"Slavers","floor":24,"turns":9},{"damage":53,"enemies":"Gremlin Leader","floor":27,"turns":7}],"event_choices":[{"event_name":"Big Fish","player_choice":"Box","floor":2.0,"damage_taken":0.0},{"event_name":"The Cleric","player_choice":"Card Removal","floor":5.0,"damage_taken":0.0},{"event_name":"Liars Game","player_choice":"disagreed","floor":12.0,"damage_taken":0.0},{"event_name":"Cursed Tome","player_choice":"Obtained Book","floor":19.0,"damage_taken":0.0},{"event_name":"Beggar","player_choice":"Ignored","floor":25,"damage_taken":0}],"boss_relics":[],"potions_floor_spawned":[1,7,10,16,18,20],"seed_played":"-7605999031200199527","killed_by":"Gremlin Leader","ascension_level":4,"is_trial":false}