{"path_per_floor":["M","M","T","$","?","R","E","R","T","E","?","M","M","?","R","B",null,"M","?","?","M","$","R","E","M","T","M","M","M","M","T","R","B",null,"M","M","$","?","?","R","M","M","T","M","M","$","?","M","R","B"],"character_chosen":"IRONCLAD","items_purchased":["Flex","Happy Flower","Regal Pillow","Regen Potion"],"gold_per_floor":[118,135,135,12,12,12,44,44,44,73,73,84,94,169,169,267,267,283,283,283,296,40,40,70,81,104,117,128,141,160,183,183,284,284,297,314,44,44,44,44,61,73,97,113,133,82,82,100,100,100],"floor_reached":51,"campfire_rested":5,"playtime":3101,"current_hp_per_floor":[72,78,78,78,78,78,36,60,60,32,32,38,41,30,54,31,80,73,73,73,63,63,63,56,62,62,68,58,9,24,24,48,27,80,72,33,33,33,33,72,56,59,59,50,40,40,40,48,80,9],"items_purged":["Strike_R","Strike_R","Strike_R"],"gold":100,"score":657,"play_id":"49f6282a-3917-4dfb-a941-2b8f73ae167e","is_prod":false,"is_daily":false,"is_ascension_mode":true,"campfire_upgraded":2,"path_taken":["M","M","?","$","?","R","E","R","T","E","?","M","?","?","R","BOSS","M","?","?","?","?","R","E","M","T","?","M","M","M","?","R","BOSS","M","M","$","?","?","R","M","M","T","M","M","?","?","?","R","BOSS"],"build_version":"2018-02-08-PROD1","purchased_purges":3,"victory":true,"master_deck":["Defend_R","Defend_R","Defend_R","Defend_R","Bash+1","Rage","Heavy Blade","Flex","Berserk+1","Battle Trance","Spot Weakness","Whirlwind+1","Armaments+1","Impervious","Shrug It Off","Flex","Heavy Blade","Limit Break","Blind"],"max_hp_per_floor":[80,80,80,80,80,80,80,80,80,80,80,80,80,80,80,80,80,80,80,80,80,80,80,80,80,80,80,80,80,80,80,80,80,80,80,80,80,80,80,80,80,80,80,80,80,80,80,80,80,80],"relics":["Burning Blood","Bottled Flame","Vajra","Oddly Smooth Stone","Bag of Preparation","Velvet Choker","Pen Nib","Happy Flower","Orichalcum","Ancient Tea Set","Blood Vial","Lizard Tail","Regal Pillow","Lantern"],"card_choices":[{"not_picked":["Warcry","Reaper"],"picked":"Rage"},{"not_picked":["Corruption","Searing Blow"],"picked":"Heavy Blade"},{"not_picked":["Perfected Strike","Exhume"],"picked":"Battle Trance"},{"not_picked":["Sentinel","Havoc"],"picked":"Spot Weakness"},{"not_picked":["Body Slam","Cleave"],"picked":"Whirlwind"},{"not_picked":["Thunderclap","Wild Strike"],"picked":"Armaments"},{"not_picked":["Bludgeon","Fiend Fire"],"picked":"Impervious"},{"not_picked":["Anger","Clash"],"picked":"Shrug It Off"},{"not_picked":["Sword Boomerang","Carnage"],"picked":"Flex"},{"not_picked":["Iron Wave","Body Slam"],"picked":"Heavy Blade"},{"not_picked":["Barricade","Brutality"],"picked":"Limit Break"}],"player_experience":140413,"potions_floor_usage":[16,24,29,30,33,35,50,50,50],"damage_taken":[{"damage":14,"enemies":"Blue Slaver","floor":1,"turns":5},{"damage":0,"enemies":"Small Slimes","floor":2,"turns":4},{"damage":48,"enemies":"Lagavulin","floor":7,"turns":6},{"damage":34,"enemies":"Gremlin Nob","floor":10,"turns":5},{"damage":0,"enemies":"Cultist","floor":12,"turns":3},{"damage":3,"enemies":"2 Fungi Beasts","floor":13,"turns":2},{"damage":44,"enemies":"Hexaghost","floor":16,"turns":9},{"damage":13,"enemies":"Chosen","floor":18,"turns":7},{"damage":16,"enemies":"2 Thieves","floor":21,"turns":3},{"damage":13,"enemies":"Gremlin Leader","floor":24,"turns":7},{"damage":0,"enemies":"Chosen and Byrds","floor":25,"turns":5},{"damage":0,"enemies":"Centurion and Healer","floor":27,"turns":5},{"damage":16,"enemies":"Snecko","floor":28,"turns":5},{"damage":55,"enemies":"Chosen and Byrds","floor":29,"turns":8},{"damage":0,"enemies":"Snake Plant","floor":30,"turns":4},{"damage":29,"enemies":"Collector","floor":33,"turns":7},{"damage":14,"enemies":"3 Darklings","floor":35,"turns":4},{"damage":47,"enemies":"3 Shapes","floor":36,"turns":5},{"damage":24,"enemies":"3 Darklings","floor":41,"turns":4},{"damage":5,"enemies":"Sphere and 2 Shapes","floor":42,"turns":5},{"damage":17,"enemies":"Maw","floor":44,"turns":7},{"damage":18,"enemies":"4 Shapes","floor":45,"turns":5},{"damage":0,"enemies":"3 Darklings","floor":48,"turns":1},{"damage":133,"enemies":"Time Eater","floor":50,"turns":12}],"event_choices":[{"event_name":"Transmorgrifier","player_choice":"Transform","floor":5,"damage_taken":0},{"event_name":"Living Wall","player_choice":"Forget","floor":11,"damage_taken":0},{"event_name":"World of Goop","player_choice":"Gather Gold","floor":14,"damage_taken":0},{"event_name":"Wheel of Change","player_choice":"Relic","floor":19,"damage_taken":0},{"event_name":"N\u0027loth","player_choice":"Ignored","floor":20,"damage_taken":0},{"event_name":"Match and Keep!","player_choice":"1 cards matched","floor":38,"damage_taken":0},{"event_name":"Mysterious Sphere","player_choice":"Ignore","floor":39,"damage_taken":0},{"event_name":"Accursed Blacksmith","player_choice":"Forge","floor":47,"damage_taken":0}],"boss_relics":[{"not_picked":["Calling Bell","Cursed Key"],"picked":"Velvet Choker"},{"not_picked":["Black Blood","Mark of Pain"],"picked":"Lizard Tail"}],"potions_floor_spawned":[2,7,10,16,21,24,28,33,35,42,45],"seed_played":"-6822719541373358958","ascension_level":4,"is_trial":false}