{"path_per_floor":["M","$","M","?","?","E","?","E","T","R","?","E","?","M","R","B",null,"M","$","M","M","M","R","E","R","T","R","?","M","?","$","R","B",null,"M","?","?","M","M","E","R","M","T","R","M","E","M","$","R","B"],"character_chosen":"IRONCLAD","items_purchased":["Sentinel","Dead Branch","Purity","Limit Break","Armaments"],"gold_per_floor":[116,2,14,14,14,45,45,75,75,75,137,162,162,178,178,280,280,297,197,211,229,243,243,269,269,269,269,369,381,381,1,1,96,96,114,162,162,175,194,223,223,237,237,237,249,284,303,106,106,106],"floor_reached":51,"campfire_rested":1,"playtime":2754,"current_hp_per_floor":[80,80,80,73,73,79,79,73,73,73,57,48,74,78,78,37,80,72,72,67,50,35,74,58,58,58,58,58,64,56,56,56,59,80,83,83,83,83,83,83,83,85,95,102,103,99,103,103,103,95],"items_purged":["Strike_R","Strike_R"],"gold":106,"score":732,"play_id":"b0a2eab6-fa4c-403c-95ee-3985a851e1d8","is_prod":false,"is_daily":false,"is_ascension_mode":true,"campfire_upgraded":5,"path_taken":["M","$","M","?","?","E","?","E","T","R","?","E","?","?","R","BOSS","M","$","M","M","M","R","E","R","T","R","?","M","?","$","R","BOSS","M","?","?","?","M","E","R","M","T","R","M","E","M","?","R","BOSS"],"build_version":"2018-02-15-PROD1","purchased_purges":3,"victory":true,"master_deck":["Strike_R","Strike_R","Defend_R","Defend_R","Defend_R","Defend_R","Bash","Corruption+1","Sentinel","Pommel Strike+1","Flex","Armaments+1","Iron Wave+1","Fiend Fire","Juggernaut","Rampage+1","Shrug It Off","Battle Trance","Feel No Pain+1","Purity","Dark Embrace","Pommel Strike+1","Inflame+1","Sentinel","Sever Soul","Decay","Second Wind+1","Armaments+1","Limit Break","Armaments"],"max_hp_per_floor":[80,80,80,80,80,80,80,80,80,80,80,80,80,80,80,80,80,80,80,80,80,80,80,80,80,80,80,80,80,80,80,80,80,80,83,83,83,83,83,83,83,86,96,103,103,103,103,103,103,103],"relics":["Burning Blood","NeowsBlessing","Ancient Tea Set","Happy Flower","Regal Pillow","Peace Pipe","Bronze Scales","Bag of Preparation","Snecko Eye","Red Skull","Unceasing Top","Dead Branch","Cursed Key","Shovel","Bottled Tornado","Blood Vial","Pear","Strawberry","Matryoshka","Oddly Smooth Stone"],"card_choices":[{"not_picked":["Twin Strike","Wild Strike"],"picked":"Corruption"},{"not_picked":["Flex","Sword Boomerang"],"picked":"Pommel Strike"},{"not_picked":["Perfected Strike","Anger"],"picked":"Flex"},{"not_picked":["Flex","Thunderclap"],"picked":"Armaments"},{"not_picked":["Perfected Strike","Headbutt"],"picked":"Iron Wave"},{"not_picked":["Warcry","Sword Boomerang"],"picked":"Fiend Fire"},{"not_picked":["Reaper","Bludgeon"],"picked":"Juggernaut"},{"not_picked":["Armaments","Wild Strike"],"picked":"Rampage"},{"not_picked":["Twin Strike","Shockwave"],"picked":"Shrug It Off"},{"not_picked":["Rage","Flex"],"picked":"Battle Trance"},{"not_picked":["Warcry","Twin Strike"],"picked":"Feel No Pain"},{"not_picked":["Feed","Juggernaut"],"picked":"Dark Embrace"},{"not_picked":["Wild Strike","Clash"],"picked":"Pommel Strike"},{"not_picked":["Wild Strike","Thunderclap"],"picked":"Inflame"},{"not_picked":["Metallicize","Sword Boomerang"],"picked":"Sentinel"},{"not_picked":["Power Through","Body Slam"],"picked":"Sever Soul"},{"not_picked":["Clash","Shrug It Off"],"picked":"Second Wind"},{"not_picked":["Carnage","Hemokinesis"],"picked":"Armaments"}],"player_experience":222004,"potions_floor_usage":[8,16,24],"damage_taken":[{"damage":0,"enemies":"2 Louse","floor":1,"turns":1},{"damage":0,"enemies":"Cultist","floor":3,"turns":1},{"damage":0,"enemies":"Gremlin Nob","floor":6,"turns":1},{"damage":12,"enemies":"3 Sentries","floor":8,"turns":12},{"damage":22,"enemies":"3 Sentries","floor":11,"turns":10},{"damage":15,"enemies":"Lagavulin","floor":12,"turns":5},{"damage":2,"enemies":"Small Slimes","floor":14,"turns":3},{"damage":47,"enemies":"Hexaghost","floor":16,"turns":9},{"damage":14,"enemies":"Shell Parasite","floor":18,"turns":3},{"damage":11,"enemies":"Chosen","floor":20,"turns":5},{"damage":23,"enemies":"Slaver and Parasite","floor":21,"turns":6},{"damage":21,"enemies":"Chosen and Byrds","floor":22,"turns":6},{"damage":31,"enemies":"Slavers","floor":24,"turns":7},{"damage":0,"enemies":"Snake Plant","floor":29,"turns":2},{"damage":3,"enemies":"Collector","floor":33,"turns":2},{"damage":3,"enemies":"Orb Walker","floor":35,"turns":2},{"damage":3,"enemies":"Mysterious Sphere","floor":36,"turns":3},{"damage":3,"enemies":"3 Darklings","floor":38,"turns":2},{"damage":6,"enemies":"Sphere and 2 Shapes","floor":39,"turns":2},{"damage":4,"enemies":"Nemesis","floor":40,"turns":3},{"damage":7,"enemies":"Maw","floor":42,"turns":2},{"damage":0,"enemies":"3 Darklings","floor":45,"turns":1},{"damage":10,"enemies":"2 Orb Walkers","floor":46,"turns":3},{"damage":4,"enemies":"4 Shapes","floor":47,"turns":2},{"damage":14,"enemies":"Awakened One","floor":50,"turns":3}],"event_choices":[{"event_name":"Scrap Ooze","player_choice":"success","floor":4,"damage_taken":7},{"event_name":"Shining Light","player_choice":"Ignored","floor":5,"damage_taken":0},{"event_name":"Purifier","player_choice":"One Purge","floor":7,"damage_taken":0},{"event_name":"Dead Adventurer","player_choice":"Searched \u00271\u0027 times","floor":11,"damage_taken":0},{"event_name":"Big Fish","player_choice":"Banana","floor":13,"damage_taken":0},{"event_name":"Golden Shrine","player_choice":"Pray","floor":28,"damage_taken":0},{"event_name":"Knowing Skull","player_choice":"","floor":30,"damage_taken":0},{"event_name":"Mysterious Sphere","player_choice":"Fight","floor":36,"damage_taken":0},{"event_name":"The Woman in Blue","player_choice":"Bought 0 Potions","floor":37,"damage_taken":0}],"boss_relics":[{"not_picked":["Tiny House","Ectoplasm"],"picked":"Snecko Eye"},{"not_picked":["Pandora\u0027s Box","Question Card"],"picked":"Cursed Key"}],"potions_floor_spawned":[6,8,11,12,16,20,22,36,39,45,46,47],"seed_played":"4750397756736179284","ascension_level":3,"is_trial":false}