{"path_per_floor":["M","?","M","M","?","E","M","R","T","M","?","M","R","M","R","B",null,"M","$","M","M","M","R","M","R","T","M","T","M","M","$","R"],"character_chosen":"IRONCLAD","items_purchased":["Purity","Spot Weakness"],"gold_per_floor":[113,113,128,148,148,180,194,194,194,214,214,226,226,237,237,332,332,352,174,185,202,214,214,231,231,231,241,241,259,273,99,99],"floor_reached":33,"campfire_rested":4,"playtime":2165,"current_hp_per_floor":[40,40,46,52,36,25,13,37,37,42,35,41,65,71,71,65,80,80,80,80,61,57,57,41,65,65,50,50,45,33,33,57],"items_purged":["Strike_R","Strike_R"],"gold":99,"score":255,"play_id":"d57ed07d-8752-4ebd-beaa-eef72d9d8431","is_prod":false,"is_daily":false,"is_ascension_mode":false,"campfire_upgraded":2,"path_taken":["M","?","?","M","?","E","M","R","T","M","?","M","R","M","R","BOSS","M","$","M","M","M","R","M","R","T","M","?","M","M","?","R","BOSS"],"build_version":"2018-02-12-PROD1","purchased_purges":2,"victory":false,"master_deck":["Defend_R","Defend_R","Defend_R","Defend_R","Bash","Battle Trance","Uppercut+1","Shrug It Off+1","Shrug It Off+1","Pommel Strike+1","Clothesline","Disarm","Limit Break","Pommel Strike","Purity","Anger","Spot Weakness"],"max_hp_per_floor":[80,80,80,80,80,80,80,80,80,80,80,80,80,80,80,80,80,80,80,80,80,80,80,80,80,80,80,80,80,80,80,80],"relics":["Burning Blood","Mercury Hourglass","Bronze Scales","Runic Pyramid","Matryoshka","Ancient Tea Set","Bird Faced Urn"],"card_choices":[{"not_picked":["Searing Blow","Ghostly Armor"],"picked":"Shrug It Off"},{"not_picked":["Thunderclap","Dropkick"],"picked":"Shrug It Off"},{"not_picked":["Power Through","Sword Boomerang"],"picked":"Pommel Strike"},{"not_picked":["Clash","Sever Soul"],"picked":"Clothesline"},{"not_picked":["Cleave","Headbutt"],"picked":"Disarm"},{"not_picked":["Exhume","Impervious"],"picked":"Limit Break"},{"not_picked":["Sword Boomerang","Perfected Strike"],"picked":"Pommel Strike"},{"not_picked":["Bludgeon","Clothesline"],"picked":"Anger"}],"player_experience":170294,"potions_floor_usage":[33,33,33],"damage_taken":[{"damage":6,"enemies":"Jaw Worm","floor":1,"turns":3},{"damage":0,"enemies":"Blue Slaver","floor":3,"turns":7},{"damage":0,"enemies":"2 Louse","floor":4,"turns":4},{"damage":17,"enemies":"3 Sentries","floor":6,"turns":17},{"damage":18,"enemies":"Gremlin Gang","floor":7,"turns":5},{"damage":1,"enemies":"Exordium Wildlife","floor":10,"turns":4},{"damage":0,"enemies":"3 Louse","floor":12,"turns":3},{"damage":0,"enemies":"Looter","floor":14,"turns":3},{"damage":12,"enemies":"Slime Boss","floor":16,"turns":13},{"damage":5,"enemies":"3 Byrds","floor":18,"turns":3},{"damage":6,"enemies":"Chosen","floor":20,"turns":7},{"damage":25,"enemies":"Sentry and Sphere","floor":21,"turns":10},{"damage":10,"enemies":"Centurion and Healer","floor":22,"turns":9},{"damage":22,"enemies":"3 Cultists","floor":24,"turns":6},{"damage":21,"enemies":"Sentry and Sphere","floor":27,"turns":9},{"damage":11,"enemies":"Snecko","floor":29,"turns":4},{"damage":18,"enemies":"Cultist and Chosen","floor":30,"turns":8},{"damage":72,"enemies":"Collector","floor":33,"turns":7}],"event_choices":[{"event_name":"The Woman in Blue","player_choice":"Bought 0 Potions","floor":2,"damage_taken":0},{"event_name":"Shining Light","player_choice":"Entered Light","floor":5,"damage_taken":0},{"event_name":"Golden Wing","player_choice":"Card Removal","floor":11,"damage_taken":0}],"boss_relics":[{"not_picked":["Eternal Feather","Runic Dome"],"picked":"Runic Pyramid"}],"potions_floor_spawned":[1,6,10,14,16,18,21,24,29,30],"seed_played":"6691531411742450851","killed_by":"Collector","ascension_level":0,"is_trial":false}