{"path_per_floor":["M","M","?","$","M","E","R","?","T","R","M","$","M","E","R","B",null,"M","?","M","?","$","R","M","?","T","R","M","M","M","M","R","B",null,"M","?","M","?","M","E","?","T","T"],"character_chosen":"IRONCLAD","items_purchased":[],"gold_per_floor":[112,126,126,51,66,96,96,126,151,151,163,63,78,108,108,210,210,210,125,125,125,0,0,0,0,0,0,0,0,0,0,0,0,0,0,0,0,0,0,0,0,0,0],"floor_reached":44,"campfire_rested":1,"playtime":3108,"current_hp_per_floor":[79,79,72,72,72,46,46,46,46,46,52,52,56,49,73,38,80,78,78,76,76,76,76,64,48,48,48,54,60,66,69,69,69,80,67,67,62,62,68,56,46,46,46],"items_purged":["Strike_R","Strike_R","Strike_R"],"gold":0,"score":420,"play_id":"00283cb3-6134-4ffc-b273-a23db35ebd52","is_prod":false,"is_daily":false,"is_ascension_mode":true,"campfire_upgraded":5,"path_taken":["M","M","?","$","M","E","R","?","T","R","M","$","?","E","R","BOSS","M","?","?","?","$","R","?","?","T","R","M","M","M","M","R","BOSS","M","?","M","?","?","E","?","?","T","E"],"build_version":"2018-02-08-PROD1","purchased_purges":3,"victory":false,"master_deck":["Strike_R","Defend_R","Defend_R","Defend_R","Defend_R","Bash","Battle Trance+1","Body Slam+1","Flame Barrier+1","Iron Wave+1","Body Slam+1","Barricade+1","Inflame","Inflame","Battle Trance+1","Madness","Madness"],"max_hp_per_floor":[80,80,80,80,80,80,80,80,80,80,80,80,80,80,80,80,80,80,80,80,80,80,80,80,80,80,80,80,80,80,80,80,80,80,80,80,80,80,80,80,80,80,80],"relics":["Burning Blood","Dream Catcher","Darkstone Periapt","Omamori","Bag of Marbles","Ectoplasm","Tiny Chest","Enchiridion","Prayer Wheel","Mark of Pain","Red Mask","Self Forming Clay","Orichalcum","Anchor"],"card_choices":[{"not_picked":["Pummel","Intimidate"],"picked":"Battle Trance"},{"not_picked":["Blood for Blood","Heavy Blade"],"picked":"Body Slam"},{"not_picked":["Rampage","Anger"],"picked":"Flame Barrier"},{"not_picked":["Perfected Strike","Reckless Charge"],"picked":"Iron Wave"},{"not_picked":["Uppercut","Feed"],"picked":"Body Slam"},{"not_picked":["Impervious","Demon Form"],"picked":"Barricade"},{"not_picked":["Headbutt","Sword Boomerang"],"picked":"Inflame"},{"not_picked":["Disarm","Clash"],"picked":"Inflame"},{"not_picked":["Fire Breathing","Uppercut"],"picked":"Battle Trance"}],"player_experience":90505,"potions_floor_usage":[6,14,16,31,40,44,44],"damage_taken":[{"damage":7,"enemies":"Small Slimes","floor":1,"turns":3},{"damage":6,"enemies":"Jaw Worm","floor":2,"turns":6},{"damage":6,"enemies":"Cultist","floor":5,"turns":4},{"damage":47,"enemies":"Lagavulin","floor":6,"turns":10},{"damage":0,"enemies":"Looter","floor":11,"turns":4},{"damage":2,"enemies":"Red Slaver","floor":13,"turns":4},{"damage":13,"enemies":"Gremlin Nob","floor":14,"turns":5},{"damage":56,"enemies":"Slime Boss","floor":16,"turns":19},{"damage":8,"enemies":"3 Byrds","floor":18,"turns":4},{"damage":8,"enemies":"Chosen","floor":20,"turns":5},{"damage":18,"enemies":"Snecko","floor":24,"turns":6},{"damage":0,"enemies":"Centurion and Healer","floor":28,"turns":4},{"damage":0,"enemies":"3 Cultists","floor":29,"turns":4},{"damage":0,"enemies":"Snecko","floor":30,"turns":4},{"damage":3,"enemies":"Slaver and Parasite","floor":31,"turns":4},{"damage":6,"enemies":"Collector","floor":33,"turns":10},{"damage":19,"enemies":"3 Shapes","floor":35,"turns":6},{"damage":11,"enemies":"3 Darklings","floor":37,"turns":4},{"damage":0,"enemies":"Maw","floor":39,"turns":7},{"damage":18,"enemies":"Nemesis","floor":40,"turns":7},{"damage":48,"enemies":"2 Orb Walkers","floor":44,"turns":3}],"event_choices":[{"event_name":"Golden Wing","player_choice":"Card Removal","floor":3,"damage_taken":0},{"event_name":"Dead Adventurer","player_choice":"Searched \u00272\u0027 times","floor":8,"damage_taken":0},{"event_name":"Addict","player_choice":"Obtained Relic","floor":19,"damage_taken":0},{"event_name":"The Mausoleum","player_choice":"No","floor":21,"damage_taken":0},{"event_name":"Cursed Tome","player_choice":"Obtained Book","floor":25,"damage_taken":0},{"event_name":"Tomb of Lord Red Mask","player_choice":"Paid","floor":36,"damage_taken":0},{"event_name":"Upgrade Shrine","player_choice":"Upgraded","floor":38,"damage_taken":0},{"event_name":"Winding Halls","player_choice":"Embrace Madness","floor":41,"damage_taken":0}],"boss_relics":[{"not_picked":["Astrolabe","Runic Pyramid"],"picked":"Ectoplasm"},{"not_picked":["Orrery","Snecko Eye"],"picked":"Mark of Pain"}],"potions_floor_spawned":[1,2,14,24,30,33,37,40],"seed_played":"-8115365321116172849","killed_by":"2 Orb Walkers","ascension_level":1,"is_trial":false}