{"path_per_floor":["M","?","$","?","M","R","M","E","T","M","E","M","$","M","R"],"character_chosen":"IRONCLAD","items_purchased":["Metallicize","Armaments","Whetstone"],"gold_per_floor":[119,119,82,32,50,50,60,95,164,183,211,223,22,37,37],"floor_reached":16,"campfire_rested":1,"playtime":1243,"current_hp_per_floor":[80,62,62,62,68,68,74,22,22,17,18,14,14,18,42],"items_purged":[],"gold":37,"score":112,"play_id":"4a74d115-3622-48e3-bb55-987695faad93","is_prod":false,"is_daily":false,"is_ascension_mode":false,"campfire_upgraded":1,"path_taken":["M","?","?","?","M","R","?","E","T","M","E","M","$","?","R","BOSS"],"build_version":"2018-02-12-PROD1","purchased_purges":0,"victory":false,"master_deck":["Strike_R","Strike_R","Strike_R","Strike_R+1","Strike_R+1","Defend_R","Defend_R","Defend_R","Defend_R","Flex+1","Metallicize","Blood for Blood","Flame Barrier","Perfected Strike","Impervious","Warcry","Armaments","Anger"],"max_hp_per_floor":[80,80,80,80,80,80,80,80,80,80,80,80,80,80,80],"relics":["Burning Blood","NeowsBlessing","Self Forming Clay","Champion Belt","Darkstone Periapt","Peace Pipe","Whetstone"],"card_choices":[{"not_picked":["Body Slam","Searing Blow"],"picked":"Flex"},{"not_picked":["Sword Boomerang","True Grit"],"picked":"Blood for Blood"},{"not_picked":["Power Through","Body Slam"],"picked":"Flame Barrier"},{"not_picked":["Limit Break","Second Wind"],"picked":"Perfected Strike"},{"not_picked":["Clothesline","Rage"],"picked":"Impervious"},{"not_picked":["Fire Breathing","Corruption"],"picked":"Warcry"},{"not_picked":["Pummel","Heavy Blade"],"picked":"Anger"}],"player_experience":4887,"potions_floor_usage":[],"damage_taken":[{"damage":0,"enemies":"Small Slimes","floor":1,"turns":1},{"damage":0,"enemies":"2 Louse","floor":5,"turns":1},{"damage":0,"enemies":"Cultist","floor":7,"turns":1},{"damage":58,"enemies":"Gremlin Nob","floor":8,"turns":6},{"damage":11,"enemies":"Exordium Thugs","floor":10,"turns":5},{"damage":5,"enemies":"3 Sentries","floor":11,"turns":12},{"damage":10,"enemies":"Looter","floor":12,"turns":3},{"damage":2,"enemies":"2 Fungi Beasts","floor":14,"turns":5},{"damage":44,"enemies":"The Guardian","floor":16,"turns":12}],"event_choices":[{"event_name":"Scrap Ooze","player_choice":"success","floor":2,"damage_taken":18},{"event_name":"The Cleric","player_choice":"Card Removal","floor":4,"damage_taken":0}],"boss_relics":[],"potions_floor_spawned":[5,10,11],"seed_played":"-4654978155509057553","killed_by":"The Guardian","ascension_level":0,"is_trial":false}