{"path_per_floor":["M","?","$","M","$","R","E","R","T","E","$","M","E","M","R","B",null,"M","$","?","?","?","R","M","M","T"],"character_chosen":"IRONCLAD","items_purchased":["Flex","Shrug It Off","Spot Weakness"],"gold_per_floor":[116,191,65,76,27,27,61,61,61,91,52,64,121,135,135,240,240,259,159,159,59,59,59,44,58,85],"floor_reached":27,"campfire_rested":3,"playtime":1683,"current_hp_per_floor":[80,69,69,72,72,72,49,73,73,65,65,68,23,20,44,27,80,53,53,37,37,21,45,32,12,12],"items_purged":["Strike_R","Strike_R"],"gold":85,"score":275,"play_id":"443abbb2-b1e9-41c2-a561-ce5c526fbfda","is_prod":false,"is_daily":false,"is_ascension_mode":true,"campfire_upgraded":1,"path_taken":["M","?","?","M","$","R","E","R","T","E","$","M","E","M","R","BOSS","M","$","?","?","?","R","M","?","T","M"],"build_version":"2018-02-08-PROD1","purchased_purges":2,"victory":false,"master_deck":["Strike_R","Strike_R","Defend_R","Defend_R","Defend_R+1","Defend_R","Bash","Heavy Blade","Flex+1","Flame Barrier","Shrug It Off+1","Entrench","Flex","Spot Weakness","Shrug It Off","Armaments","Reaper","Trip","J.A.X."],"max_hp_per_floor":[80,80,80,80,80,80,80,80,80,80,80,80,80,80,80,80,80,80,80,80,80,80,80,80,80,80],"relics":["Burning Blood","Self Forming Clay","War Paint","Lantern","Tiny Chest","Runic Cube","Nilry\u0027s Codex","Omamori"],"card_choices":[{"not_picked":["Shockwave","Carnage"],"picked":"Heavy Blade"},{"not_picked":["Clash","Dual Wield"],"picked":"Flame Barrier"},{"not_picked":["Wild Strike","Disarm"],"picked":"Entrench"},{"not_picked":["Bludgeon","Wild Strike"],"picked":"Flex"},{"not_picked":["Disarm","Sword Boomerang"],"picked":"Shrug It Off"},{"not_picked":["Inflame","Anger"],"picked":"Armaments"},{"not_picked":["Impervious","Feed"],"picked":"Reaper"}],"player_experience":114131,"potions_floor_usage":[16],"damage_taken":[{"damage":6,"enemies":"Cultist","floor":1,"turns":4},{"damage":3,"enemies":"2 Louse","floor":4,"turns":2},{"damage":29,"enemies":"Gremlin Nob","floor":7,"turns":4},{"damage":14,"enemies":"3 Sentries","floor":10,"turns":13},{"damage":3,"enemies":"Blue Slaver","floor":12,"turns":4},{"damage":51,"enemies":"Gremlin Nob","floor":13,"turns":6},{"damage":9,"enemies":"2 Fungi Beasts","floor":14,"turns":3},{"damage":38,"enemies":"Slime Boss","floor":16,"turns":8},{"damage":33,"enemies":"Spheric Guardian","floor":18,"turns":8},{"damage":28,"enemies":"2 Thieves","floor":24,"turns":5},{"damage":42,"enemies":"Centurion and Healer","floor":25,"turns":7},{"damage":12,"enemies":"Snake Plant","floor":27,"turns":2}],"event_choices":[{"event_name":"World of Goop","player_choice":"Gather Gold","floor":2,"damage_taken":0},{"event_name":"Knowing Skull","player_choice":"CARD ","floor":20,"damage_taken":0},{"event_name":"Drug Dealer","player_choice":"Got JAXXED","floor":21,"damage_taken":0},{"event_name":"Cursed Tome","player_choice":"Obtained Book","floor":22,"damage_taken":0}],"boss_relics":[{"not_picked":["Calling Bell","Tiny House"],"picked":"Runic Cube"}],"potions_floor_spawned":[1,10,13,25],"seed_played":"7550998127204289470","killed_by":"Snake Plant","ascension_level":4,"is_trial":false}