{"path_per_floor":["M","?","M","M","?","R","E","R","T","R","?","M","?","M","R"],"character_chosen":"IRONCLAD","items_purchased":[],"gold_per_floor":[112,112,127,146,146,146,180,180,250,250,270,284,359,371,371],"floor_reached":16,"campfire_rested":2,"playtime":448,"current_hp_per_floor":[80,85,85,85,78,78,35,60,60,85,82,85,74,85,85],"items_purged":[],"gold":371,"score":120,"play_id":"348ba34a-010a-421c-b180-eb366b4adfb5","is_prod":false,"is_daily":false,"is_ascension_mode":true,"campfire_upgraded":2,"path_taken":["M","?","M","?","?","R","E","R","T","R","?","M","?","M","R","BOSS"],"build_version":"2018-02-12-PROD1","purchased_purges":0,"victory":false,"master_deck":["Strike_R","Strike_R","Strike_R","Strike_R","Defend_R","Defend_R","Defend_R","Defend_R","Bash","Armaments+1","Reaper","Infernal Blade","Thunderclap","Flex+1","Ghostly Armor","Cleave"],"max_hp_per_floor":[80,85,85,85,85,85,85,85,85,85,85,85,85,85,85],"relics":["Burning Blood","NeowsBlessing","Ginger","Mercury Hourglass","Odd Mushroom"],"card_choices":[{"not_picked":["Sword Boomerang","Warcry"],"picked":"Armaments"},{"not_picked":["Second Wind","Entrench"],"picked":"Reaper"},{"not_picked":["Perfected Strike","Pommel Strike"],"picked":"Infernal Blade"},{"not_picked":["Power Through","Wild Strike"],"picked":"Thunderclap"},{"not_picked":["Cleave","Headbutt"],"picked":"Flex"},{"not_picked":["Sentinel","Perfected Strike"],"picked":"Ghostly Armor"},{"not_picked":["Combust","Feel No Pain"],"picked":"Cleave"}],"player_experience":176532,"potions_floor_usage":[7,12,16],"damage_taken":[{"damage":0,"enemies":"2 Louse","floor":1,"turns":1},{"damage":0,"enemies":"Blue Slaver","floor":3,"turns":1},{"damage":0,"enemies":"Small Slimes","floor":4,"turns":1},{"damage":53,"enemies":"Lagavulin","floor":7,"turns":8},{"damage":9,"enemies":"The Mushroom Lair","floor":11,"turns":3},{"damage":12,"enemies":"Looter","floor":12,"turns":3},{"damage":6,"enemies":"Exordium Wildlife","floor":14,"turns":3},{"damage":103,"enemies":"Hexaghost","floor":16,"turns":10}],"event_choices":[{"event_name":"Big Fish","player_choice":"Donut","floor":2,"damage_taken":0},{"event_name":"Golden Wing","player_choice":"Card Removal","floor":5,"damage_taken":0},{"event_name":"Mushrooms","player_choice":"Fought Mushrooms","floor":11,"damage_taken":0},{"event_name":"World of Goop","player_choice":"Gather Gold","floor":13,"damage_taken":0}],"boss_relics":[],"potions_floor_spawned":[3,4,14],"seed_played":"8095176642364637720","killed_by":"Hexaghost","ascension_level":4,"is_trial":false}