{"path_per_floor":["M","$","?","?","?","E","M","R","T","R","E","M","E","M","R","B",null,"M","?","?","?","?","R","E","M","T","R","T","$","M","M","R","B",null,"M","?","?","?","$","E","M","E","T","R","M","$","?","?","R","B"],"character_chosen":"IRONCLAD","items_purchased":["Impervious","Shrug It Off","Second Wind","Feel No Pain"],"gold_per_floor":[114,35,35,35,35,68,79,79,79,79,114,132,158,177,177,275,275,287,287,212,212,212,212,240,255,255,255,278,151,168,179,179,283,283,294,294,347,347,87,112,131,156,156,156,171,46,46,46,46,46],"floor_reached":51,"campfire_rested":1,"playtime":2759,"current_hp_per_floor":[80,80,73,73,66,75,80,80,80,80,77,85,83,82,82,19,87,87,87,87,87,72,72,45,42,42,69,69,69,78,87,87,92,92,92,92,92,92,92,92,92,92,92,92,92,92,92,82,82,91],"items_purged":["Strike_R","Strike_R","Bash"],"gold":46,"play_id":"3f460d65-16a3-4eed-80e6-e7e0912881df","is_prod":false,"is_daily":false,"is_ascension_mode":false,"campfire_upgraded":7,"path_taken":["M","$","?","?","?","E","M","R","T","R","E","M","E","?","R","BOSS","M","?","?","?","?","R","E","M","T","R","?","$","M","?","R","BOSS","M","?","?","?","$","E","?","E","T","R","M","$","?","?","R","BOSS"],"build_version":"2018-02-01-PROD3","purchased_purges":5,"victory":true,"master_deck":["Strike_R","Strike_R","Defend_R","Defend_R","Defend_R","Defend_R","Entrench+1","Impervious+1","Dark Embrace+1","Body Slam+1","Thunderclap","Headbutt","Body Slam+1","Headbutt","Barricade+1","Body Slam+1","Whirlwind","Power Through+1","Shrug It Off","Power Through+1","Metallicize+1","Exhume+1","Battle Trance+1","Battle Trance","Second Wind","Feel No Pain+1","Sentinel+1","Ghostly Armor","Warcry+1","Impervious+1","Madness","Madness+1"],"max_hp_per_floor":[80,80,80,80,80,80,80,80,80,80,87,87,87,87,87,87,87,87,87,87,87,92,92,92,92,92,92,92,92,92,92,92,92,92,92,92,92,92,92,92,92,92,92,92,92,92,92,92,92,92],"relics":["Burning Blood","NeowsBlessing","Ancient Tea Set","Magic Flower","Letter Opener","Calipers","Strawberry","Frozen Egg 2","Velvet Choker","Matryoshka","Art of War","Mercury Hourglass","Anchor","Bag of Preparation","Question Card","Gambling Chip","Ornamental Fan","Molten Egg 2","Bottled Tornado"],"card_choices":[{"not_picked":["Flex","Sever Soul"],"picked":"Entrench"},{"not_picked":["Twin Strike","Shockwave"],"picked":"Dark Embrace"},{"not_picked":["Power Through","Headbutt"],"picked":"Body Slam"},{"not_picked":["Armaments","Cleave"],"picked":"Thunderclap"},{"not_picked":["Second Wind","Warcry"],"picked":"Headbutt"},{"not_picked":["Intimidate","Burning Pact"],"picked":"Body Slam"},{"not_picked":["Clash","Pommel Strike"],"picked":"Headbutt"},{"not_picked":["Brutality","Limit Break"],"picked":"Barricade"},{"not_picked":["Reckless Charge","Sword Boomerang"],"picked":"Body Slam"},{"not_picked":["Thunderclap","Intimidate"],"picked":"Power Through"},{"not_picked":["Headbutt","Flex"],"picked":"Power Through"},{"not_picked":["Pommel Strike","Double Tap"],"picked":"Metallicize"},{"not_picked":["Dark Embrace","Feed"],"picked":"Exhume"},{"not_picked":["Heavy Blade","Corruption","Disarm"],"picked":"Battle Trance"},{"not_picked":["Reckless Charge","Sword Boomerang","Rage"],"picked":"Battle Trance"},{"not_picked":["Body Slam","Rampage","Inflame"],"picked":"Sentinel"},{"not_picked":["True Grit","Hemokinesis","Shockwave"],"picked":"Ghostly Armor"},{"not_picked":["Heavy Blade","Rage","Uppercut"],"picked":"Warcry"}],"player_experience":129084,"potions_floor_usage":[30],"damage_taken":[{"damage":0.0,"enemies":"Small Slimes","floor":1.0,"turns":1.0},{"damage":0.0,"enemies":"3 Sentries","floor":6.0,"turns":2.0},{"damage":0.0,"enemies":"Jaw Worm","floor":7.0,"turns":1.0},{"damage":19.0,"enemies":"Gremlin Nob","floor":11.0,"turns":5.0},{"damage":1.0,"enemies":"2 Louse","floor":12.0,"turns":3.0},{"damage":11,"enemies":"3 Sentries","floor":13,"turns":7},{"damage":10,"enemies":"Large Slime","floor":14,"turns":6},{"damage":72,"enemies":"The Guardian","floor":16,"turns":9},{"damage":0,"enemies":"Spheric Guardian","floor":18,"turns":3},{"damage":36,"enemies":"Book of Stabbing","floor":24,"turns":6},{"damage":12,"enemies":"Shell Parasite","floor":25,"turns":3},{"damage":0,"enemies":"Sentry and Sphere","floor":30,"turns":4},{"damage":0,"enemies":"Snake Plant","floor":31,"turns":3},{"damage":0,"enemies":"Champ","floor":33,"turns":9},{"damage":0,"enemies":"3 Shapes","floor":35,"turns":4},{"damage":0,"enemies":"Mysterious Sphere","floor":37,"turns":4},{"damage":0,"enemies":"2 Orb Walkers","floor":40,"turns":3},{"damage":0,"enemies":"Orb Walker","floor":41,"turns":1},{"damage":0,"enemies":"Giant Head","floor":42,"turns":7},{"damage":0,"enemies":"Maw","floor":45,"turns":8},{"damage":0,"enemies":"Time Eater","floor":50,"turns":6}],"event_choices":[{"event_name":"Scrap Ooze","player_choice":"success","floor":3.0,"damage_taken":7.0},{"event_name":"Big Fish","player_choice":"Box","floor":4.0,"damage_taken":0.0},{"event_name":"Golden Wing","player_choice":"Card Removal","floor":5.0,"damage_taken":0.0},{"event_name":"The Library","player_choice":"Read","floor":19,"damage_taken":0},{"event_name":"Beggar","player_choice":"Gave Gold","floor":20,"damage_taken":0},{"event_name":"Vampires","player_choice":"Ignored","floor":21,"damage_taken":0},{"event_name":"Forgotten Altar","player_choice":"Shed Blood","floor":22,"damage_taken":0},{"event_name":"Upgrade Shrine","player_choice":"Upgraded","floor":36,"damage_taken":0},{"event_name":"Mysterious Sphere","player_choice":"Fight","floor":37,"damage_taken":0},{"event_name":"Tomb of Lord Red Mask","player_choice":"Ignored","floor":38,"damage_taken":0},{"event_name":"Duplicator","player_choice":"One dupe","floor":47,"damage_taken":0},{"event_name":"Winding Halls","player_choice":"Embrace Madness","floor":48,"damage_taken":0}],"boss_relics":[{"not_picked":["Lizard Tail","Tiny House"],"picked":"Velvet Choker"},{"not_picked":["Mark of Pain","Runic Pyramid"],"picked":"Question Card"}],"potions_floor_spawned":[1,6,11,13,16,30,33,41,42],"seed_played":"5186879605376751991","ascension_level":0,"is_trial":false}