{"path_per_floor":["M","$","M","M","M","E","M","M","T","M","M","E","R","$","R","B",null,"M","M","$","?","$","R","?","M","T","R","$","R","M","M","R","B",null,"M","?","M","?","?","E","R","T","T","E","R","M","$","M","R","B"],"character_chosen":"IRONCLAD","items_purchased":["Shrug It Off","True Grit","War Paint","Deep Breath"],"gold_per_floor":[119,44,63,78,96,131,148,168,198,211,224,249,249,149,149,245,245,259,276,151,151,99,99,14,24,95,95,72,72,87,98,98,193,193,204,204,222,222,268,293,293,293,293,318,318,329,70,87,87,87],"floor_reached":51,"campfire_rested":0,"playtime":15099,"current_hp_per_floor":[80,80,80,69,73,51,50,45,45,33,38,32,32,32,32,32,92,95,84,84,76,76,76,76,59,59,59,59,59,48,55,55,57,110,110,110,118,118,75,64,64,64,64,55,55,91,91,124,124,78],"items_purged":["Strike_R","Strike_R","Strike_R"],"gold":87,"score":594,"play_id":"6ee209c8-decd-43f3-890f-3d6d8662b6d2","is_prod":false,"is_daily":false,"is_ascension_mode":false,"campfire_upgraded":9,"path_taken":["M","$","M","M","M","E","M","M","T","M","M","E","R","$","R","BOSS","M","M","$","?","$","R","?","M","T","R","?","R","?","M","R","BOSS","M","?","M","?","?","E","R","?","T","E","R","?","$","M","R","BOSS"],"build_version":"2018-02-22-PROD2","purchased_purges":4,"victory":true,"master_deck":["Strike_R+1","Strike_R+1","Defend_R+1","Defend_R","Defend_R","Defend_R","Bash","Barricade+1","Metallicize","Demon Form","Feed+1","Flame Barrier+1","Demon Form+1","Fiend Fire+1","Shrug It Off+1","Feel No Pain+1","Shrug It Off+1","True Grit+1","Body Slam+1","Disarm","Feed+1","True Grit+1","Entrench+1","Deep Breath+1"],"max_hp_per_floor":[80,80,80,80,80,80,80,83,83,86,89,92,92,92,92,92,92,95,95,95,95,95,95,95,98,98,98,98,98,102,106,106,110,110,110,110,118,118,126,130,130,130,130,130,130,138,138,146,146,146],"relics":["Burning Blood","Magic Flower","Tiny Chest","Molten Egg 2","Mark of Pain","Shovel","Paper Frog","Sozu","Red Skull","Mummified Hand","Bird Faced Urn","Charon\u0027s Ashes","Whetstone","War Paint"],"card_choices":[{"not_picked":["Wild Strike","Havoc"],"picked":"Metallicize"},{"not_picked":["Disarm","Cleave"],"picked":"Demon Form"},{"not_picked":["Clash","Entrench"],"picked":"Perfected Strike"},{"not_picked":["Shrug It Off","Headbutt"],"picked":"Feed"},{"not_picked":["Hemokinesis","Clothesline"],"picked":"Sword Boomerang"},{"not_picked":["Iron Wave","Reckless Charge"],"picked":"Flame Barrier"},{"not_picked":["Anger","Twin Strike"],"picked":"Demon Form"},{"not_picked":["Barricade","Impervious"],"picked":"Fiend Fire"},{"not_picked":["Thunderclap","Corruption"],"picked":"Shrug It Off"},{"not_picked":["Power Through","Twin Strike"],"picked":"Feel No Pain"},{"not_picked":["Juggernaut","Heavy Blade"],"picked":"Body Slam"},{"not_picked":["Feel No Pain","Second Wind"],"picked":"Disarm"},{"not_picked":["Immolate","Reaper"],"picked":"Feed"},{"not_picked":["Clash","Metallicize"],"picked":"True Grit"},{"not_picked":["Rampage","Shrug It Off"],"picked":"Entrench"}],"player_experience":399677,"potions_floor_usage":[11,12,16,16,25,50,50,50],"damage_taken":[{"damage":1,"enemies":"Jaw Worm","floor":1,"turns":3},{"damage":4,"enemies":"Cultist","floor":3,"turns":4},{"damage":17,"enemies":"2 Louse","floor":4,"turns":4},{"damage":2,"enemies":"Large Slime","floor":5,"turns":6},{"damage":28,"enemies":"Gremlin Nob","floor":6,"turns":4},{"damage":10,"enemies":"2 Fungi Beasts","floor":7,"turns":4},{"damage":19,"enemies":"Blue Slaver","floor":8,"turns":4},{"damage":26,"enemies":"Exordium Wildlife","floor":10,"turns":7},{"damage":9,"enemies":"Gremlin Gang","floor":11,"turns":3},{"damage":20,"enemies":"3 Sentries","floor":12,"turns":7},{"damage":9,"enemies":"Hexaghost","floor":16,"turns":10},{"damage":8,"enemies":"3 Byrds","floor":18,"turns":6},{"damage":20,"enemies":"Spheric Guardian","floor":19,"turns":4},{"damage":31,"enemies":"Slaver and Parasite","floor":25,"turns":11},{"damage":26,"enemies":"Snake Plant","floor":30,"turns":5},{"damage":8,"enemies":"Snecko","floor":31,"turns":7},{"damage":13,"enemies":"Automaton","floor":33,"turns":12},{"damage":8,"enemies":"Orb Walker","floor":35,"turns":6},{"damage":13,"enemies":"3 Shapes","floor":37,"turns":7},{"damage":64,"enemies":"Mysterious Sphere","floor":39,"turns":12},{"damage":26,"enemies":"Giant Head","floor":40,"turns":14},{"damage":33,"enemies":"Nemesis","floor":44,"turns":7},{"damage":0,"enemies":"Sphere and 2 Shapes","floor":46,"turns":9},{"damage":0,"enemies":"4 Shapes","floor":48,"turns":5},{"damage":67,"enemies":"Awakened One","floor":50,"turns":12}],"event_choices":[{"event_name":"Knowing Skull","player_choice":"","floor":21,"damage_taken":0},{"event_name":"Knowing Skull","player_choice":"","floor":21,"damage_taken":0},{"event_name":"Addict","player_choice":"Obtained Relic","floor":24,"damage_taken":0},{"event_name":"Purifier","player_choice":"One Purge","floor":36,"damage_taken":0},{"event_name":"Mysterious Sphere","player_choice":"Fight","floor":39,"damage_taken":0}],"boss_relics":[{"not_picked":["White Beast Statue","Lizard Tail"],"picked":"Mark of Pain"},{"not_picked":["Runic Pyramid","Astrolabe"],"picked":"Sozu"}],"potions_floor_spawned":[1,7,10,11,16,25,31,33,35,39,40,46],"seed_played":"2792106754928059977","ascension_level":0,"is_trial":false}