{"path_per_floor":["M","M","M","?","?","R","M","R","T","M","M","M","M","M","R","B",null,"M","M","$","?","M","R"],"character_chosen":"IRONCLAD","items_purchased":["Armaments"],"gold_per_floor":[119,132,149,149,149,149,165,165,189,202,217,230,247,265,265,361,361,379,389,289,289,300,300],"floor_reached":24,"campfire_rested":0,"playtime":656,"current_hp_per_floor":[80,73,77,74,58,58,61,61,61,67,67,63,58,56,56,17,80,58,45,45,45,7,7],"items_purged":["Strike_R"],"gold":300,"score":194,"play_id":"59026498-a69d-40b2-9b25-78555f6e4515","is_prod":false,"is_daily":false,"is_ascension_mode":false,"campfire_upgraded":4,"path_taken":["M","M","M","?","?","R","M","R","T","M","M","M","?","M","R","BOSS","M","M","$","?","M","R","M"],"build_version":"2018-02-22-PROD2","purchased_purges":1,"victory":false,"master_deck":["Strike_R","Strike_R+1","Strike_R","Strike_R","Defend_R","Defend_R","Defend_R+1","Defend_R","Bash+1","Heavy Blade+1","Flex+1","Clash","Feed","Flex","Armaments+1"],"max_hp_per_floor":[80,80,80,80,80,80,80,80,80,80,80,80,80,80,80,80,80,80,83,83,83,83,83],"relics":["Burning Blood","Matryoshka","Omamori","Sozu","Nloth\u0027s Gift"],"card_choices":[{"not_picked":["Sever Soul","Fire Breathing"],"picked":"Heavy Blade"},{"not_picked":["Havoc","Pommel Strike"],"picked":"Flex"},{"not_picked":["Flex","Warcry"],"picked":"Clash"},{"not_picked":["Anger","Evolve"],"picked":"Feed"},{"not_picked":["Power Through","Twin Strike"],"picked":"Flex"}],"player_experience":398544,"potions_floor_usage":[12,16,16],"damage_taken":[{"damage":2,"enemies":"2 Louse","floor":1,"turns":3},{"damage":13,"enemies":"Jaw Worm","floor":2,"turns":3},{"damage":2,"enemies":"Small Slimes","floor":3,"turns":4},{"damage":3,"enemies":"2 Fungi Beasts","floor":7,"turns":4},{"damage":0,"enemies":"Exordium Wildlife","floor":10,"turns":2},{"damage":6,"enemies":"Exordium Thugs","floor":11,"turns":4},{"damage":19,"enemies":"Gremlin Gang","floor":12,"turns":4},{"damage":11,"enemies":"Red Slaver","floor":13,"turns":4},{"damage":8,"enemies":"Exordium Wildlife","floor":14,"turns":4},{"damage":45,"enemies":"The Guardian","floor":16,"turns":12},{"damage":28,"enemies":"2 Thieves","floor":18,"turns":4},{"damage":22,"enemies":"Shell Parasite","floor":19,"turns":4},{"damage":44,"enemies":"Snecko","floor":22,"turns":7},{"damage":15,"enemies":"Sentry and Sphere","floor":24,"turns":3}],"event_choices":[{"event_name":"Scrap Ooze","player_choice":"success","floor":4,"damage_taken":3},{"event_name":"Shining Light","player_choice":"Entered Light","floor":5,"damage_taken":0},{"event_name":"N\u0027loth","player_choice":"Traded a Ancient Tea Set","floor":21,"damage_taken":0}],"boss_relics":[{"not_picked":["Tiny House","Eternal Feather"],"picked":"Sozu"}],"potions_floor_spawned":[2,3,10,12,14,22],"seed_played":"3629603450814391321","killed_by":"Sentry and Sphere","ascension_level":0,"is_trial":false}