{"path_per_floor":["M","?","$","M","M","R","$","?","T","M","M","M","M","?","R","B",null,"M","?","M","M","$","R","E","R","T","R","$","M","R"],"character_chosen":"IRONCLAD","items_purchased":["Body Slam","Metallicize","Dexterity Potion","Entrench"],"gold_per_floor":[117,117,70,83,97,97,63,63,93,107,126,141,160,160,160,264,264,277,277,249,268,141,141,170,170,197,197,22,36,36],"floor_reached":31,"campfire_rested":1,"playtime":1572,"current_hp_per_floor":[77,77,77,80,80,80,80,73,73,73,71,61,67,67,67,70,78,69,69,56,36,36,60,51,51,51,51,51,54,54],"items_purged":["Strike_R","Strike_R"],"gold":36,"score":358,"play_id":"24df4361-fb34-4a85-b164-5f8acdbe9949","is_prod":false,"is_daily":false,"is_ascension_mode":true,"campfire_upgraded":5,"path_taken":["M","?","$","M","M","R","?","?","T","M","M","?","?","?","R","BOSS","M","?","M","M","$","R","E","R","T","R","$","M","R","E"],"build_version":"2018-02-22-PROD2","purchased_purges":2,"victory":false,"master_deck":["Strike_R","Strike_R","Defend_R","Defend_R","Defend_R","Defend_R","Bash","Shockwave","Body Slam+1","Inflame","Headbutt","Metallicize","Shrug It Off","Uppercut+1","Evolve+1","Dark Embrace","Armaments+1","Feed","Shrug It Off","Entrench+1","Metallicize","Entrench+1"],"max_hp_per_floor":[80,80,80,80,80,80,80,80,80,80,80,80,80,80,80,80,80,80,80,80,83,83,83,83,83,83,83,83,83,83],"relics":["Black Blood","Bag of Preparation","Tiny Chest","Prayer Wheel","Orichalcum"],"card_choices":[{"not_picked":["Demon Form","Hemokinesis"],"picked":"Shockwave"},{"not_picked":["Pummel","Flex"],"picked":"Inflame"},{"not_picked":["Heavy Blade","Bloodletting"],"picked":"Headbutt"},{"not_picked":["Thunderclap","Feel No Pain"],"picked":"Shrug It Off"},{"not_picked":["Twin Strike","Sword Boomerang"],"picked":"Uppercut"},{"not_picked":["Clothesline","Blood for Blood"],"picked":"Evolve"},{"not_picked":["Limit Break","Immolate"],"picked":"Dark Embrace"},{"not_picked":["Havoc","Searing Blow"],"picked":"Armaments"},{"not_picked":["Anger","Pommel Strike"],"picked":"Shrug It Off"},{"not_picked":["Wild Strike","Thunderclap"],"picked":"Entrench"},{"not_picked":["Anger","Havoc"],"picked":"Metallicize"}],"player_experience":292160,"potions_floor_usage":[10,11,16,16,20,21,24],"damage_taken":[{"damage":1,"enemies":"Cultist","floor":1,"turns":4},{"damage":1,"enemies":"2 Louse","floor":4,"turns":3},{"damage":3,"enemies":"Small Slimes","floor":5,"turns":4},{"damage":6,"enemies":"3 Louse","floor":10,"turns":2},{"damage":8,"enemies":"Lots of Slimes","floor":11,"turns":5},{"damage":16,"enemies":"Gremlin Gang","floor":12,"turns":4},{"damage":0,"enemies":"2 Fungi Beasts","floor":13,"turns":4},{"damage":18,"enemies":"The Guardian","floor":16,"turns":12},{"damage":19,"enemies":"3 Byrds","floor":18,"turns":9},{"damage":23,"enemies":"2 Thieves","floor":20,"turns":5},{"damage":45,"enemies":"Snake Plant","floor":21,"turns":6},{"damage":19,"enemies":"Book of Stabbing","floor":24,"turns":8},{"damage":7,"enemies":"Centurion and Healer","floor":29,"turns":12},{"damage":60,"enemies":"Gremlin Leader","floor":31,"turns":6}],"event_choices":[{"event_name":"The Lab","player_choice":"Got Potions","floor":2,"damage_taken":0},{"event_name":"Scrap Ooze","player_choice":"success","floor":8,"damage_taken":7},{"event_name":"Liars Game","player_choice":"disagreed","floor":14,"damage_taken":0},{"event_name":"Match and Keep!","player_choice":"1 cards matched","floor":19,"damage_taken":0}],"boss_relics":[{"not_picked":["Philosopher\u0027s Stone","Question Card"],"picked":"Black Blood"}],"potions_floor_spawned":[1,5,10,13,16,18],"seed_played":"-5379917262672817819","killed_by":"Gremlin Leader","ascension_level":9,"is_trial":false}