{"path_per_floor":["M","M","$","?","$","R","E","?","T","M","M","M","E","?","R","B",null,"M","?","?","M","?","R","M","E","T","R","?","E","$"],"character_chosen":"IRONCLAD","items_purchased":["Armaments","Anchor"],"gold_per_floor":[113,125,3,3,3,3,34,64,64,74,85,100,133,133,133,233,233,252,177,177,195,495,495,515,548,548,548,463,493,291],"floor_reached":31,"campfire_rested":2,"playtime":1059,"current_hp_per_floor":[80,71,71,71,71,71,50,50,50,56,51,55,74,74,74,50,73,67,67,56,48,48,56,39,29,29,45,45,10,10],"items_purged":["Strike_R","Bite"],"gold":291,"score":377,"play_id":"ee30f91f-ad41-48a5-8f84-c14564219a55","is_prod":false,"is_daily":false,"is_ascension_mode":true,"campfire_upgraded":2,"path_taken":["M","M","$","?","$","R","E","?","T","?","M","M","E","?","R","BOSS","M","?","?","?","?","R","M","E","T","R","?","E","$","M"],"build_version":"2018-02-15-PROD1","purchased_purges":2,"victory":false,"master_deck":["Defend_R","Defend_R+1","Defend_R","Defend_R","Bash","Shrug It Off","Carnage+1","Armaments+1","Shrug It Off+1","Second Wind","Uppercut","Exhume","Intimidate","Bite","Bite","Bite","Bite","Inflame+1","Flex+1","Metallicize+1","True Grit+1"],"max_hp_per_floor":[80,80,80,80,80,80,80,80,80,80,80,80,80,80,80,80,80,80,80,56,56,56,56,56,56,56,56,56,56,56],"relics":["Burning Blood","Smiling Mask","War Paint","Mercury Hourglass","Prayer Wheel","Old Coin","Oddly Smooth Stone","Molten Egg 2","Vajra","Regal Pillow","Anchor"],"card_choices":[{"not_picked":["Headbutt","Cleave"],"picked":"Shrug It Off"},{"not_picked":["Rage","Impervious"],"picked":"Carnage"},{"not_picked":["Bloodletting","Sword Boomerang"],"picked":"Shrug It Off"},{"not_picked":["Rage","Shrug It Off"],"picked":"Second Wind"},{"not_picked":["Warcry","Havoc"],"picked":"Uppercut"},{"not_picked":["Fiend Fire","Feed"],"picked":"Exhume"},{"not_picked":["Warcry","Fire Breathing"],"picked":"Intimidate"},{"not_picked":["Shockwave","Havoc"],"picked":"Inflame"},{"not_picked":["Cleave","Clothesline"],"picked":"Flex"},{"not_picked":["Entrench","Pummel"],"picked":"Metallicize"},{"not_picked":["Fiend Fire","Sword Boomerang"],"picked":"True Grit"}],"player_experience":239986,"potions_floor_usage":[13,13,24,24,29],"damage_taken":[{"damage":0,"enemies":"Small Slimes","floor":1,"turns":3},{"damage":15,"enemies":"Jaw Worm","floor":2,"turns":6},{"damage":27,"enemies":"Lagavulin","floor":7,"turns":6},{"damage":0,"enemies":"2 Louse","floor":10,"turns":3},{"damage":11,"enemies":"2 Fungi Beasts","floor":11,"turns":3},{"damage":2,"enemies":"Blue Slaver","floor":12,"turns":3},{"damage":2,"enemies":"3 Sentries","floor":13,"turns":6},{"damage":30,"enemies":"The Guardian","floor":16,"turns":12},{"damage":12,"enemies":"Shell Parasite","floor":18,"turns":7},{"damage":19,"enemies":"Chosen","floor":21,"turns":5},{"damage":25,"enemies":"3 Cultists","floor":24,"turns":5},{"damage":33,"enemies":"Slavers","floor":25,"turns":7},{"damage":51,"enemies":"Book of Stabbing","floor":29,"turns":9},{"damage":14,"enemies":"Chosen and Byrds","floor":31,"turns":3}],"event_choices":[{"event_name":"Liars Game","player_choice":"disagreed","floor":4,"damage_taken":0},{"event_name":"Dead Adventurer","player_choice":"Searched \u00273\u0027 times","floor":8,"damage_taken":0},{"event_name":"Living Wall","player_choice":"Forget","floor":14,"damage_taken":0},{"event_name":"Beggar","player_choice":"Gave Gold","floor":19,"damage_taken":0},{"event_name":"Vampires","player_choice":"Became a vampire","floor":20,"damage_taken":0},{"event_name":"The Mausoleum","player_choice":"Yes","floor":22,"damage_taken":0},{"event_name":"Addict","player_choice":"Obtained Relic","floor":28,"damage_taken":0}],"boss_relics":[{"not_picked":["Runic Dome","Runic Pyramid","Ectoplasm"]}],"potions_floor_spawned":[10,11,12,13,16,25],"seed_played":"1151793840876871793","killed_by":"Chosen and Byrds","ascension_level":5,"is_trial":false}