{"path_per_floor":["M","M","$","?","M","R","E","R","T","E","M","M","$","M","R","B",null,"M","M","$","?","M","R","?","M","T","$","M","M","R","?","R","B",null,"M","M","$","?","?","R","M","M","T","M","M","E","M","$","R","B"],"character_chosen":"IRONCLAD","items_purchased":["Madness","Pommel Strike"],"gold_per_floor":[111,121,46,46,64,64,89,89,89,116,136,151,101,117,117,220,220,234,252,202,127,139,139,39,49,74,24,41,59,59,59,59,163,163,182,193,193,247,247,247,261,277,277,288,298,326,344,182,182,182],"floor_reached":51,"campfire_rested":1,"playtime":4905,"current_hp_per_floor":[80,76,76,60,60,60,45,45,45,31,33,35,35,35,35,42,84,86,76,76,76,78,78,78,75,75,75,74,73,73,73,73,57,94,91,90,90,79,79,79,81,65,65,63,62,56,53,53,85,44],"items_purged":["Defend_R","Defend_R","Defend_R","Regret","Doubt"],"gold":182,"score":518,"play_id":"47e722a4-7b59-4674-af71-702107570f92","is_prod":false,"is_daily":false,"is_ascension_mode":false,"campfire_upgraded":7,"path_taken":["M","?","$","?","M","R","E","R","T","E","M","?","$","M","R","BOSS","M","M","$","?","M","R","?","M","T","$","M","?","R","?","R","BOSS","M","M","$","?","?","R","M","?","T","M","M","E","M","$","R","BOSS"],"build_version":"2018-02-22-PROD2","purchased_purges":6,"victory":true,"master_deck":["Strike_R+1","Strike_R+1","Strike_R+1","Defend_R+1","Bash+1","Evolve+1","Entrench","Power Through+1","Flame Barrier+1","Immolate+1","Shockwave+1","J.A.X.+1","Pommel Strike+1","Blood for Blood+1","Blood for Blood+1","Madness","Pommel Strike+1"],"max_hp_per_floor":[80,80,80,80,80,80,80,80,80,80,82,84,84,84,84,84,84,86,86,86,86,88,88,88,88,88,88,90,92,92,92,92,94,94,94,96,96,98,98,98,100,102,102,104,106,108,108,108,108,108],"relics":["Snecko Eye","Molten Egg 2","Smiling Mask","Singing Bowl","Cursed Key","Oddly Smooth Stone","Sozu","Ice Cream","Lantern","Mercury Hourglass"],"card_choices":[{"not_picked":["Heavy Blade","Dropkick"],"picked":"Evolve"},{"not_picked":["Heavy Blade","Body Slam"],"picked":"Entrench"},{"not_picked":["Dark Embrace","Uppercut"],"picked":"Power Through"},{"not_picked":["Havoc","Cleave"],"picked":"Flame Barrier"},{"not_picked":["Bludgeon","Limit Break"],"picked":"Immolate"},{"not_picked":["Whirlwind","Sever Soul"],"picked":"Shockwave"},{"not_picked":["Feel No Pain","Rampage"],"picked":"Pommel Strike"},{"not_picked":["Shrug It Off","Cleave"],"picked":"Blood for Blood"},{"not_picked":["Anger","Thunderclap"],"picked":"Blood for Blood"}],"player_experience":443046,"potions_floor_usage":[10,16,50,50],"damage_taken":[{"damage":0,"enemies":"Cultist","floor":1,"turns":3},{"damage":4,"enemies":"2 Louse","floor":2,"turns":3},{"damage":0,"enemies":"Small Slimes","floor":5,"turns":2},{"damage":15,"enemies":"Lagavulin","floor":7,"turns":5},{"damage":14,"enemies":"Gremlin Nob","floor":10,"turns":3},{"damage":0,"enemies":"2 Fungi Beasts","floor":11,"turns":4},{"damage":0,"enemies":"Exordium Wildlife","floor":12,"turns":3},{"damage":0,"enemies":"Large Slime","floor":14,"turns":4},{"damage":8,"enemies":"Hexaghost","floor":16,"turns":9},{"damage":0,"enemies":"Spheric Guardian","floor":18,"turns":4},{"damage":10,"enemies":"2 Thieves","floor":19,"turns":3},{"damage":0,"enemies":"Centurion and Healer","floor":22,"turns":3},{"damage":3,"enemies":"Snake Plant","floor":25,"turns":2},{"damage":3,"enemies":"Snecko","floor":28,"turns":3},{"damage":3,"enemies":"Slaver and Parasite","floor":29,"turns":3},{"damage":18,"enemies":"Champ","floor":33,"turns":8},{"damage":3,"enemies":"3 Darklings","floor":35,"turns":3},{"damage":3,"enemies":"Orb Walker","floor":36,"turns":3},{"damage":13,"enemies":"Mysterious Sphere","floor":38,"turns":5},{"damage":0,"enemies":"3 Darklings","floor":41,"turns":3},{"damage":18,"enemies":"Maw","floor":42,"turns":6},{"damage":4,"enemies":"4 Shapes","floor":44,"turns":4},{"damage":3,"enemies":"Sphere and 2 Shapes","floor":45,"turns":4},{"damage":8,"enemies":"Giant Head","floor":46,"turns":6},{"damage":3,"enemies":"Maw","floor":47,"turns":6},{"damage":41,"enemies":"Time Eater","floor":50,"turns":10}],"event_choices":[{"event_name":"Shining Light","player_choice":"Entered Light","floor":4,"damage_taken":0},{"event_name":"Beggar","player_choice":"Gave Gold","floor":21,"damage_taken":0},{"event_name":"Drug Dealer","player_choice":"Got JAXXED","floor":24,"damage_taken":0},{"event_name":"Addict","player_choice":"Ignored","floor":31,"damage_taken":0},{"event_name":"Mysterious Sphere","player_choice":"Fight","floor":38,"damage_taken":0},{"event_name":"Bonfire Elementals","player_choice":"BASIC","floor":39,"damage_taken":0}],"boss_relics":[{"not_picked":["Mark of Pain","Philosopher\u0027s Stone"],"picked":"Cursed Key"},{"not_picked":["Black Star","Orrery"],"picked":"Sozu"}],"potions_floor_spawned":[7,10,11,18,22,44,45,46,47],"seed_played":"-1514214818482065012","ascension_level":0,"is_trial":false}