{"path_per_floor":["M","M","$","M","M","R","E","?","T","?","M","$","M","?","R","B",null,"M","?","?","?","M","E"],"character_chosen":"IRONCLAD","items_purchased":["Dropkick"],"gold_per_floor":[113,130,62,81,98,98,124,154,154,154,168,93,111,111,111,241,241,257,257,182,182,206,241],"floor_reached":24,"campfire_rested":0,"playtime":678,"current_hp_per_floor":[80,79,79,79,75,75,59,59,59,59,60,60,40,40,40,18,74,48,48,48,48,50,19],"items_purged":["Defend_R"],"gold":241,"score":216,"play_id":"4db5f75a-66a3-4562-991d-31fcd6630bba","is_prod":false,"is_daily":false,"is_ascension_mode":false,"campfire_upgraded":2,"path_taken":["M","?","$","M","?","R","E","?","T","?","M","$","?","?","R","BOSS","M","?","?","?","M","E","M"],"build_version":"2018-02-22-PROD2","purchased_purges":1,"victory":false,"master_deck":["Strike_R+1","Strike_R","Defend_R","Defend_R","Bash+1","Dropkick+1","Warcry+1","Barricade+1","Spot Weakness+1","Dropkick+1"],"max_hp_per_floor":[80,80,80,80,80,80,80,80,80,74,74,74,74,74,74,74,74,74,74,74,74,74,74],"relics":["Burning Blood","Kunai","Blood Vial","Sundial","Golden Idol","Astrolabe","Dodecahedron"],"card_choices":[],"player_experience":436330,"potions_floor_usage":[7,16,16,22,23,23],"damage_taken":[{"damage":5,"enemies":"Cultist","floor":1,"turns":4},{"damage":7,"enemies":"2 Louse","floor":2,"turns":3},{"damage":6,"enemies":"Jaw Worm","floor":4,"turns":2},{"damage":10,"enemies":"Looter","floor":5,"turns":2},{"damage":31,"enemies":"Lagavulin","floor":7,"turns":5},{"damage":7,"enemies":"3 Louse","floor":11,"turns":3},{"damage":28,"enemies":"Lots of Slimes","floor":13,"turns":4},{"damage":30,"enemies":"The Guardian","floor":16,"turns":10},{"damage":32,"enemies":"2 Thieves","floor":18,"turns":3},{"damage":6,"enemies":"Shell Parasite","floor":22,"turns":2},{"damage":39,"enemies":"Book of Stabbing","floor":23,"turns":4},{"damage":24,"enemies":"3 Cultists","floor":24,"turns":3}],"event_choices":[{"event_name":"Dead Adventurer","player_choice":"Searched \u00273\u0027 times","floor":8,"damage_taken":0},{"event_name":"Golden Idol","player_choice":"Lose Max HP","floor":10,"damage_taken":0},{"event_name":"Wheel of Change","player_choice":"Curse","floor":14,"damage_taken":0},{"event_name":"Duplicator","player_choice":"One dupe","floor":19,"damage_taken":0},{"event_name":"Beggar","player_choice":"Gave Gold","floor":20,"damage_taken":0},{"event_name":"Back to Basics","player_choice":"Elegance","floor":21,"damage_taken":0}],"boss_relics":[{"not_picked":["Runic Cube","Snecko Eye"],"picked":"Astrolabe"}],"potions_floor_spawned":[1,4,5,7,16,18],"seed_played":"-1489505393468118879","killed_by":"3 Cultists","ascension_level":0,"is_trial":false}