{"path_per_floor":["M","?","M","M","M","R","M","R","T","E","$","M","$","M","R","B",null,"M","M"],"character_chosen":"IRONCLAD","items_purchased":["Flash of Steel","Pummel"],"gold_per_floor":[116,66,85,96,108,108,127,127,127,154,56,71,32,44,44,145,145,161,172],"floor_reached":20,"campfire_rested":1,"playtime":1103,"current_hp_per_floor":[71,71,75,80,71,71,68,68,68,41,41,37,37,37,61,40,70,76,12],"items_purged":[],"gold":172,"score":249,"play_id":"41d84f81-631a-4330-9a0f-0c98ab320b94","is_prod":false,"is_daily":false,"is_ascension_mode":true,"campfire_upgraded":2,"path_taken":["M","?","?","M","M","R","M","R","T","E","$","M","$","M","R","BOSS","M","M","M"],"build_version":"2018-02-15-PROD1","purchased_purges":0,"victory":false,"master_deck":["Defend_R","Defend_R","Defend_R","Defend_R","Bash","Flex","Disarm","True Grit+1","Intimidate","Pommel Strike+1","Reaper","Flash of Steel","Shrug It Off","Pummel","Shockwave","Feed","Exhume+1","Brutality+1","Battle Trance+1","Flame Barrier+1"],"max_hp_per_floor":[80,80,80,80,80,80,80,80,80,80,80,80,80,80,80,80,80,83,83],"relics":["Burning Blood","Bird Faced Urn","Juzu Bracelet","Astrolabe"],"card_choices":[{"not_picked":["Sword Boomerang","Reckless Charge"],"picked":"Flex"},{"not_picked":["Fiend Fire","Sever Soul"],"picked":"Disarm"},{"not_picked":["Fire Breathing","Sword Boomerang"],"picked":"True Grit"},{"not_picked":["Twin Strike","Perfected Strike"],"picked":"Intimidate"},{"not_picked":["Perfected Strike","Shrug It Off"],"picked":"Pommel Strike"},{"not_picked":["Blood for Blood","Cleave"],"picked":"Reaper"},{"not_picked":["Headbutt","Clothesline"],"picked":"Shrug It Off"},{"not_picked":["Rupture","Infernal Blade"],"picked":"Shockwave"},{"not_picked":["Berserk","Fiend Fire"],"picked":"Feed"},{"not_picked":["Body Slam","Warcry"],"picked":"Flame Barrier"}],"player_experience":247348,"potions_floor_usage":[10,16,16],"damage_taken":[{"damage":7,"enemies":"Small Slimes","floor":1,"turns":7},{"damage":2,"enemies":"2 Louse","floor":3,"turns":3},{"damage":0,"enemies":"Cultist","floor":4,"turns":4},{"damage":15,"enemies":"Gremlin Gang","floor":5,"turns":8},{"damage":9,"enemies":"Looter","floor":7,"turns":4},{"damage":33,"enemies":"Lagavulin","floor":10,"turns":10},{"damage":22,"enemies":"Exordium Thugs","floor":12,"turns":5},{"damage":6,"enemies":"Blue Slaver","floor":14,"turns":3},{"damage":48,"enemies":"Hexaghost","floor":16,"turns":16},{"damage":14,"enemies":"3 Byrds","floor":18,"turns":6},{"damage":73,"enemies":"Chosen","floor":19,"turns":15},{"damage":14,"enemies":"Slaver and Parasite","floor":20,"turns":1}],"event_choices":[{"event_name":"The Cleric","player_choice":"Card Removal","floor":2,"damage_taken":0}],"boss_relics":[{"not_picked":["Runic Cube","Orrery"],"picked":"Astrolabe"}],"potions_floor_spawned":[5,7,12,14,18],"seed_played":"-3623777695136403998","killed_by":"Slaver and Parasite","ascension_level":8,"is_trial":false}