{"path_per_floor":["M","M","M","M","$","E","M","R","T","M","M","?","M","$","R","B",null,"M","$","M","M","?","R"],"character_chosen":"IRONCLAD","items_purchased":[],"gold_per_floor":[114,125,138,154,79,112,123,123,123,142,154,154,167,167,167,262,262,281,181,193,207,207,207],"floor_reached":24,"campfire_rested":1,"playtime":718,"current_hp_per_floor":[80,80,80,65,65,43,36,36,36,26,28,12,8,8,32,28,80,76,76,58,44,44,44],"items_purged":["Strike_R","Defend_R"],"gold":207,"score":202,"play_id":"1aeddbd0-225f-4d5c-a326-54e60df799b0","is_prod":false,"is_daily":false,"is_ascension_mode":false,"campfire_upgraded":2,"path_taken":["M","M","M","M","$","E","M","R","T","?","M","?","M","$","R","BOSS","M","$","M","M","?","R","E"],"build_version":"2018-02-22-PROD2","purchased_purges":2,"victory":false,"master_deck":["Strike_R","Strike_R","Strike_R+1","Strike_R","Defend_R","Defend_R+1","Bash+1","Perfected Strike","Flex","Limit Break+1","Writhe"],"max_hp_per_floor":[80,80,80,80,80,80,80,80,80,80,80,80,80,80,80,80,80,80,80,80,80,80,80],"relics":["Burning Blood","Bag of Preparation","Peace Pipe","Runic Dome","Thread and Needle"],"card_choices":[{"not_picked":["Headbutt","Flex"],"picked":"Perfected Strike"},{"not_picked":["Bloodletting","Inflame"],"picked":"Flex"},{"not_picked":["Demon Form","Immolate"],"picked":"Limit Break"}],"player_experience":437008,"potions_floor_usage":[13,16,16,18,24],"damage_taken":[{"damage":6,"enemies":"Cultist","floor":1,"turns":3},{"damage":6,"enemies":"2 Louse","floor":2,"turns":2},{"damage":6,"enemies":"Jaw Worm","floor":3,"turns":2},{"damage":21,"enemies":"Large Slime","floor":4,"turns":8},{"damage":28,"enemies":"Gremlin Nob","floor":6,"turns":4},{"damage":13,"enemies":"3 Louse","floor":7,"turns":3},{"damage":16,"enemies":"Lots of Slimes","floor":10,"turns":4},{"damage":4,"enemies":"Exordium Wildlife","floor":11,"turns":4},{"damage":10,"enemies":"2 Fungi Beasts","floor":13,"turns":3},{"damage":25,"enemies":"Slime Boss","floor":16,"turns":7},{"damage":10,"enemies":"Spheric Guardian","floor":18,"turns":4},{"damage":24,"enemies":"Shell Parasite","floor":20,"turns":4},{"damage":20,"enemies":"Chosen and Byrds","floor":21,"turns":5},{"damage":45,"enemies":"Slavers","floor":24,"turns":4}],"event_choices":[{"event_name":"Shining Light","player_choice":"Entered Light","floor":12,"damage_taken":0},{"event_name":"The Mausoleum","player_choice":"Yes","floor":22,"damage_taken":0}],"boss_relics":[{"not_picked":["Black Blood","Calling Bell"],"picked":"Runic Dome"}],"potions_floor_spawned":[3,10,13,16,18],"seed_played":"-724135956674546045","killed_by":"Slavers","ascension_level":0,"is_trial":false}