{"path_per_floor":["M","?","M","$","?","R","M","R","T","M","R","$","R","?","R","B",null,"M","?","M","$","M","E","R","?","T","?","R","M","M","$","R","B"],"character_chosen":"IRONCLAD","items_purchased":["Spot Weakness","Dropkick","Shrug It Off"],"gold_per_floor":[118,118,131,57,57,57,74,74,74,88,88,13,13,13,13,113,113,132,32,45,45,58,86,86,86,86,86,86,104,117,12,12,107],"floor_reached":34,"campfire_rested":2,"playtime":1003,"current_hp_per_floor":[74,67,67,67,67,67,67,67,67,57,57,57,57,57,57,53,80,73,73,58,58,58,35,35,35,35,25,44,31,35,35,55,7],"items_purged":["Strike_R"],"gold":107,"score":333,"play_id":"6fa6731a-380e-4ddf-9866-caacd185876c","is_prod":false,"is_daily":false,"is_ascension_mode":false,"campfire_upgraded":6,"path_taken":["M","?","?","?","?","R","M","R","T","M","R","$","R","?","R","BOSS","M","?","?","?","M","E","R","?","T","?","R","M","M","$","R","BOSS"],"build_version":"2018-02-22-PROD2","purchased_purges":1,"victory":false,"master_deck":["Defend_R","Defend_R","Bash+1","Pommel Strike+1","Heavy Blade+1","Spot Weakness+1","Flame Barrier+1","Burning Pact+1","Feed","Flex+1","J.A.X.","Barricade+1","Bite","Bite","Bite","Dropkick","Shrug It Off","Demon Form","Purity+1","Enlightenment+1","Entrench+1"],"max_hp_per_floor":[80,80,80,80,80,80,80,80,80,80,80,80,80,80,80,80,80,83,83,83,83,86,86,86,60,60,65,65,65,68,68,68,71],"relics":["Velvet Choker","Bronze Scales","Charon\u0027s Ashes","Astrolabe"],"card_choices":[{"not_picked":["Disarm","True Grit"],"picked":"Pommel Strike"},{"not_picked":["Seeing Red","Reckless Charge"],"picked":"Heavy Blade"},{"not_picked":["Perfected Strike","Heavy Blade"],"picked":"Flame Barrier"},{"not_picked":["Disarm","Havoc"],"picked":"Burning Pact"},{"not_picked":["Brutality","Barricade"],"picked":"Feed"},{"not_picked":["Cleave","True Grit"],"picked":"Flex"},{"not_picked":["Seeing Red","Armaments"],"picked":"Barricade"},{"not_picked":["Barricade","Juggernaut"],"picked":"Demon Form"}],"player_experience":455034,"potions_floor_usage":[18,23,23,33],"damage_taken":[{"damage":6,"enemies":"Jaw Worm","floor":1,"turns":3},{"damage":0,"enemies":"Small Slimes","floor":3,"turns":3},{"damage":0,"enemies":"Cultist","floor":7,"turns":2},{"damage":10,"enemies":"Lots of Slimes","floor":10,"turns":4},{"damage":4,"enemies":"Slime Boss","floor":16,"turns":6},{"damage":10,"enemies":"2 Thieves","floor":18,"turns":2},{"damage":15,"enemies":"Shell Parasite","floor":20,"turns":3},{"damage":3,"enemies":"Snake Plant","floor":22,"turns":2},{"damage":23,"enemies":"Gremlin Leader","floor":23,"turns":3},{"damage":21,"enemies":"Snecko","floor":29,"turns":5},{"damage":9,"enemies":"Centurion and Healer","floor":30,"turns":6},{"damage":73,"enemies":"Automaton","floor":33,"turns":12}],"event_choices":[{"event_name":"Golden Wing","player_choice":"Card Removal","floor":2,"damage_taken":0},{"event_name":"Purifier","player_choice":"One Purge","floor":5,"damage_taken":0},{"event_name":"Living Wall","player_choice":"Grow","floor":14,"damage_taken":0},{"event_name":"Drug Dealer","player_choice":"Got JAXXED","floor":19,"damage_taken":0},{"event_name":"Vampires","player_choice":"Became a vampire","floor":25,"damage_taken":0},{"event_name":"Forgotten Altar","player_choice":"Shed Blood","floor":27,"damage_taken":0}],"boss_relics":[{"not_picked":[]},{"not_picked":["White Beast Statue","Runic Pyramid"],"picked":"Astrolabe"}],"potions_floor_spawned":[1,16,20,23,33],"seed_played":"-3308230856183154902","ascension_level":0,"is_trial":false}