{"path_per_floor":["M","M","?","?","?","R","E","T","T","R","M","$","R","E","R","B",null,"M","?","$","$","M","E","R","E","T","R","M","R","?","?","R","B",null,"M","M","M","$","M","R","M","?","T","E","M","R","E","M","R","B"],"character_chosen":"IRONCLAD","items_purchased":["Blood Vial","Uppercut","Oddly Smooth Stone","Tiny Chest"],"gold_per_floor":[111,123,123,198,198,198,229,229,229,229,243,13,13,57,57,185,185,210,210,64,64,83,114,114,149,149,149,174,174,74,74,74,200,200,219,243,267,75,96,96,119,119,119,152,166,166,210,229,229,229],"floor_reached":51,"campfire_rested":5,"playtime":3052,"current_hp_per_floor":[75,80,60,49,31,55,47,47,47,71,79,79,79,86,86,82,86,88,88,88,88,88,86,86,79,79,79,85,85,85,85,85,64,94,70,63,51,51,55,83,90,90,90,86,75,104,65,55,87,15],"items_purged":["Clash"],"gold":229,"score":681,"play_id":"5f952427-df44-4ae2-829d-87800279b6a9","is_prod":false,"is_daily":false,"is_ascension_mode":true,"campfire_upgraded":6,"path_taken":["M","M","?","?","?","R","E","?","T","R","M","$","R","E","R","BOSS","M","?","?","$","M","E","R","E","T","R","?","R","?","?","R","BOSS","M","?","M","?","M","R","?","?","T","E","M","R","E","M","R","BOSS"],"build_version":"2018-02-22-PROD2","purchased_purges":1,"victory":true,"master_deck":["Bash","Pommel Strike+1","Battle Trance+1","Uppercut+1","Demon Form+1","Armaments","Shrug It Off","Flex","Reckless Charge","Shrug It Off+1","Metallicize+1","Pummel","Metallicize+1","Headbutt+1","J.A.X.+1","Limit Break","Spot Weakness","Searing Blow+1","Pommel Strike+1","Clothesline+1"],"max_hp_per_floor":[80,80,80,80,80,80,82,82,82,82,84,84,84,86,86,86,86,88,88,88,88,88,90,90,92,92,92,94,94,94,94,94,94,94,94,94,96,96,96,96,98,98,98,100,102,104,106,108,108,108],"relics":["Burning Blood","Singing Bowl","Golden Idol","Thread and Needle","Whetstone","Torii","Ancient Tea Set","Blood Vial","Bottled Lightning","Pandora\u0027s Box","Oddly Smooth Stone","Centennial Puzzle","War Paint","Unceasing Top","Vajra","Black Star","Tiny Chest","Prayer Wheel","Happy Flower","Dream Catcher","Pen Nib","Orichalcum"],"card_choices":[{"not_picked":["Corruption","True Grit"],"picked":"Pommel Strike"},{"not_picked":["Power Through","Clothesline"],"picked":"Battle Trance"},{"not_picked":["Double Tap","Exhume"],"picked":"Demon Form"},{"not_picked":["Battle Trance","Cleave"],"picked":"Headbutt"},{"not_picked":["Juggernaut","Exhume"],"picked":"Limit Break"},{"not_picked":["Shrug It Off","True Grit"],"picked":"Spot Weakness"},{"not_picked":["Body Slam","Thunderclap"],"picked":"Searing Blow"},{"not_picked":["Clash","Sentinel"],"picked":"Pommel Strike"},{"not_picked":["Flex","Burning Pact"],"picked":"Clothesline"}],"player_experience":109457,"potions_floor_usage":[14,16,22,23,25,35,37,44,47,50],"damage_taken":[{"damage":11,"enemies":"Jaw Worm","floor":1,"turns":5},{"damage":0,"enemies":"2 Louse","floor":2,"turns":3},{"damage":16,"enemies":"3 Sentries","floor":7,"turns":11},{"damage":0,"enemies":"Small Slimes","floor":11,"turns":2},{"damage":0,"enemies":"Lagavulin","floor":14,"turns":5},{"damage":10,"enemies":"Hexaghost","floor":16,"turns":9},{"damage":2,"enemies":"3 Byrds","floor":18,"turns":6},{"damage":1,"enemies":"2 Thieves","floor":22,"turns":3},{"damage":10,"enemies":"Book of Stabbing","floor":23,"turns":6},{"damage":17,"enemies":"Slavers","floor":25,"turns":7},{"damage":4,"enemies":"Snake Plant","floor":28,"turns":3},{"damage":29,"enemies":"Automaton","floor":33,"turns":6},{"damage":30,"enemies":"3 Darklings","floor":35,"turns":4},{"damage":15,"enemies":"3 Shapes","floor":36,"turns":5},{"damage":34,"enemies":"3 Darklings","floor":37,"turns":6},{"damage":4,"enemies":"Maw","floor":39,"turns":7},{"damage":3,"enemies":"4 Shapes","floor":41,"turns":5},{"damage":14,"enemies":"Nemesis","floor":44,"turns":5},{"damage":21,"enemies":"Sphere and 2 Shapes","floor":45,"turns":6},{"damage":47,"enemies":"2 Orb Walkers","floor":47,"turns":4},{"damage":20,"enemies":"Maw","floor":48,"turns":7},{"damage":80,"enemies":"Awakened One","floor":50,"turns":10}],"event_choices":[{"event_name":"Golden Idol","player_choice":"Take Damage","floor":3,"damage_taken":0},{"event_name":"World of Goop","player_choice":"Gather Gold","floor":4,"damage_taken":0},{"event_name":"Scrap Ooze","player_choice":"success","floor":5,"damage_taken":18},{"event_name":"The Library","player_choice":"Read","floor":19,"damage_taken":0},{"event_name":"Drug Dealer","player_choice":"Got JAXXED","floor":30,"damage_taken":0},{"event_name":"The Mausoleum","player_choice":"Yes","floor":31,"damage_taken":0}],"boss_relics":[{"not_picked":["Tiny House","Black Blood"],"picked":"Pandora\u0027s Box"},{"not_picked":["Question Card","Philosopher\u0027s Stone"],"picked":"Black Star"}],"potions_floor_spawned":[7,14,16,18,23,28,35,36,39,41],"seed_played":"-3549819665029470660","ascension_level":1,"is_trial":false}