{"path_per_floor":["M","$","?","M","T","R","E","R","T","R","M","R","?","M","R","B",null,"M","?","M","M","?","R","E","R","T","E","R","M","$","?","R","B",null,"M","?","M","M","$","R","$","R","T","$","R","M","M","M","R","B"],"character_chosen":"IRONCLAD","items_purchased":["Shockwave","Ornamental Fan","Iron Wave","Metallicize"],"gold_per_floor":[119,84,84,95,95,95,128,128,128,128,145,145,145,159,159,262,262,276,276,290,301,216,216,251,251,278,312,312,330,12,12,12,117,117,136,136,156,169,123,123,43,43,43,43,43,62,81,98,98,98],"floor_reached":51,"campfire_rested":6,"playtime":2039,"current_hp_per_floor":[77,77,77,79,79,79,58,58,58,58,51,75,68,74,74,64,76,75,75,42,44,44,68,25,49,49,42,66,53,53,45,69,30,68,53,53,73,55,55,55,55,55,55,55,79,70,80,79,79,78],"items_purged":["Strike_R"],"gold":98,"score":702,"play_id":"86ec1abe-7e0c-4aef-9c94-1b35fb14818a","is_prod":false,"is_daily":false,"is_ascension_mode":true,"campfire_upgraded":7,"path_taken":["M","$","?","M","?","R","E","R","T","R","M","R","?","?","R","BOSS","M","?","M","?","?","R","E","R","T","E","R","M","$","?","R","BOSS","M","?","M","?","$","R","$","R","T","$","R","?","M","M","R","BOSS"],"build_version":"2018-02-15-PROD1","purchased_purges":2,"victory":true,"master_deck":["Strike_R","Strike_R","Defend_R","Defend_R","Defend_R","Bash","Shrug It Off+1","Shockwave+1","Inflame+1","Seeing Red+1","Double Tap+1","Metallicize","Whirlwind","Seeing Red","Iron Wave","Feel No Pain","Armaments","Demon Form+1","Bludgeon","Bloodletting+1","Disarm","Disarm","Metallicize","Reaper+1","Dual Wield+1","Whirlwind+1","Reckless Charge+1","Heavy Blade+1","Iron Wave","Metallicize","Headbutt","Shrug It Off+1"],"max_hp_per_floor":[80,80,80,80,80,80,80,80,80,80,80,80,80,80,80,80,80,80,80,80,80,80,80,80,80,80,80,80,80,80,80,80,80,80,80,80,80,80,80,80,80,80,80,80,80,80,80,80,80,80],"relics":["Burning Blood","Dream Catcher","Bag of Marbles","Ginger","Art of War","Peace Pipe","Orrery","Dodecahedron","Oddly Smooth Stone","Vajra","Meat on the Bone","Ornamental Fan","Astrolabe","Calipers"],"card_choices":[{"not_picked":["True Grit","Disarm"],"picked":"Shrug It Off"},{"not_picked":["Dark Embrace","Clash"],"picked":"Inflame"},{"not_picked":["Hemokinesis","Dual Wield"],"picked":"Cleave"},{"not_picked":["Anger","Sword Boomerang"],"picked":"Seeing Red"},{"not_picked":["Dark Embrace","Barricade"],"picked":"Double Tap"},{"not_picked":["Body Slam","Clash"],"picked":"Metallicize"},{"not_picked":["Cleave","Shrug It Off"],"picked":"Whirlwind"},{"not_picked":["Feel No Pain","Clash"],"picked":"Seeing Red"},{"not_picked":["Wild Strike","Rage"],"picked":"Iron Wave"},{"not_picked":["Combust","Whirlwind"],"picked":"Feel No Pain"},{"not_picked":["Spot Weakness","Perfected Strike"],"picked":"Armaments"},{"not_picked":["Pommel Strike","Iron Wave"],"picked":"Demon Form"},{"not_picked":["Body Slam","Anger"],"picked":"Bludgeon"},{"not_picked":["Cleave","Shrug It Off"],"picked":"Bloodletting"},{"not_picked":["Reckless Charge","Blood for Blood"],"picked":"Disarm"},{"not_picked":["Clothesline","Perfected Strike"],"picked":"Disarm"},{"not_picked":["Dual Wield","Body Slam"],"picked":"Metallicize"},{"not_picked":["Immolate","Feed"],"picked":"Reaper"},{"not_picked":["Reckless Charge","Twin Strike"],"picked":"Heavy Blade"},{"not_picked":["Sever Soul","Sentinel"],"picked":"Headbutt"},{"not_picked":["Exhume","Cleave"],"picked":"Shrug It Off"}],"player_experience":235347,"potions_floor_usage":[7,16,18,21,27,37,38,50],"damage_taken":[{"damage":1,"enemies":"Cultist","floor":1,"turns":4},{"damage":4,"enemies":"Small Slimes","floor":4,"turns":5},{"damage":27,"enemies":"3 Sentries","floor":7,"turns":10},{"damage":13,"enemies":"Jaw Worm","floor":11,"turns":4},{"damage":0,"enemies":"2 Fungi Beasts","floor":14,"turns":3},{"damage":16,"enemies":"Slime Boss","floor":16,"turns":10},{"damage":7,"enemies":"Shell Parasite","floor":18,"turns":6},{"damage":39,"enemies":"2 Thieves","floor":20,"turns":5},{"damage":4,"enemies":"Cultist and Chosen","floor":21,"turns":7},{"damage":49,"enemies":"Book of Stabbing","floor":24,"turns":8},{"damage":13,"enemies":"Slavers","floor":27,"turns":2},{"damage":19,"enemies":"Snecko","floor":29,"turns":6},{"damage":57,"enemies":"Automaton","floor":33,"turns":10},{"damage":45,"enemies":"3 Shapes","floor":35,"turns":8},{"damage":24,"enemies":"Orb Walker","floor":37,"turns":4},{"damage":24,"enemies":"3 Darklings","floor":38,"turns":5},{"damage":49,"enemies":"4 Shapes","floor":46,"turns":5},{"damage":18,"enemies":"Maw","floor":47,"turns":9},{"damage":49,"enemies":"3 Darklings","floor":48,"turns":6},{"damage":43,"enemies":"Time Eater","floor":50,"turns":10}],"event_choices":[{"event_name":"Wheel of Change","player_choice":"Relic","floor":3,"damage_taken":0},{"event_name":"Golden Wing","player_choice":"Card Removal","floor":13,"damage_taken":0},{"event_name":"Vampires","player_choice":"Ignored","floor":19,"damage_taken":0},{"event_name":"Addict","player_choice":"Obtained Relic","floor":22,"damage_taken":0},{"event_name":"Knowing Skull","player_choice":"","floor":31,"damage_taken":0},{"event_name":"Mysterious Sphere","player_choice":"Ignore","floor":36,"damage_taken":0}],"boss_relics":[{"not_picked":["Ectoplasm","Calling Bell"],"picked":"Orrery"},{"not_picked":["Runic Pyramid","Pandora\u0027s Box"],"picked":"Astrolabe"}],"potions_floor_spawned":[4,7,11,20,21,29,33,47,48],"seed_played":"-7191124451577612059","ascension_level":7,"is_trial":false}