{"path_per_floor":["M","?","M","$","?","E","R","M","T","?","M","M","R","M","R","B",null,"M","M","?","?","?","E","R","E","T","T"],"character_chosen":"IRONCLAD","items_purchased":["Shrug It Off"],"gold_per_floor":[118,118,139,16,16,50,50,63,63,63,76,95,95,118,118,249,249,273,294,219,219,219,258,258,294,294,319],"floor_reached":28,"campfire_rested":1,"playtime":3151,"current_hp_per_floor":[78,58,59,59,80,56,56,59,59,59,61,67,67,73,73,67,87,63,61,61,61,61,40,66,19,19,19],"items_purged":["Regret"],"gold":319,"score":256,"play_id":"73eefd7d-66f2-488b-947e-db448c548c51","is_prod":false,"is_daily":false,"is_ascension_mode":false,"campfire_upgraded":2,"path_taken":["M","?","M","$","?","E","R","?","T","?","M","M","R","M","R","BOSS","M","M","?","?","?","E","R","E","T","?","M"],"build_version":"2018-02-22-PROD2","purchased_purges":1,"victory":false,"master_deck":["Strike_R","Strike_R","Strike_R","Strike_R","Defend_R+1","Defend_R+1","Bash","Whirlwind+1","Twin Strike","Shrug It Off","Rage","Shrug It Off","Pommel Strike","Armaments+1","Twin Strike","Flex","Reaper","Headbutt","Perfected Strike+1","Clothesline+1","Demon Form"],"max_hp_per_floor":[80,80,80,80,80,87,87,87,87,87,87,87,87,87,87,87,87,87,87,87,87,87,87,87,87,87,87],"relics":["Burning Blood","Peace Pipe","Golden Idol","Strawberry","War Paint","Runic Pyramid","Ancient Tea Set","Anchor","Calipers","Pen Nib"],"card_choices":[{"not_picked":["Blood for Blood","Battle Trance"],"picked":"Whirlwind"},{"not_picked":["Thunderclap","Sword Boomerang"],"picked":"Twin Strike"},{"not_picked":["Sword Boomerang","Disarm"],"picked":"Rage"},{"not_picked":["Body Slam","Bloodletting"],"picked":"Shrug It Off"},{"not_picked":["Clash","True Grit"],"picked":"Armaments"},{"not_picked":["Heavy Blade","Wild Strike"],"picked":"Twin Strike"},{"not_picked":["Heavy Blade","Rampage"],"picked":"Flex"},{"not_picked":["Barricade","Fiend Fire"],"picked":"Reaper"},{"not_picked":["True Grit","Battle Trance"],"picked":"Headbutt"},{"not_picked":["Pommel Strike","Cleave"],"picked":"Perfected Strike"},{"not_picked":["Warcry","Power Through"],"picked":"Clothesline"},{"not_picked":["Immolate","Twin Strike"],"picked":"Demon Form"}],"player_experience":54523,"potions_floor_usage":[6,16,23,23,28],"damage_taken":[{"damage":8,"enemies":"Small Slimes","floor":1,"turns":5},{"damage":5,"enemies":"2 Louse","floor":3,"turns":2},{"damage":37,"enemies":"Lagavulin","floor":6,"turns":9},{"damage":3,"enemies":"Jaw Worm","floor":8,"turns":4},{"damage":4,"enemies":"Blue Slaver","floor":11,"turns":3},{"damage":0,"enemies":"Gremlin Gang","floor":12,"turns":1},{"damage":0,"enemies":"Large Slime","floor":14,"turns":4},{"damage":12,"enemies":"Slime Boss","floor":16,"turns":9},{"damage":30,"enemies":"2 Thieves","floor":18,"turns":4},{"damage":8,"enemies":"Chosen","floor":19,"turns":4},{"damage":27,"enemies":"Slavers","floor":23,"turns":4},{"damage":53,"enemies":"Book of Stabbing","floor":25,"turns":7},{"damage":19,"enemies":"3 Cultists","floor":28,"turns":3}],"event_choices":[{"event_name":"Golden Idol","player_choice":"Take Damage","floor":2,"damage_taken":0},{"event_name":"Big Fish","player_choice":"Banana","floor":5,"damage_taken":0},{"event_name":"Living Wall","player_choice":"Change","floor":10,"damage_taken":0},{"event_name":"Beggar","player_choice":"Gave Gold","floor":20,"damage_taken":0},{"event_name":"Wheel of Change","player_choice":"Curse","floor":21,"damage_taken":0},{"event_name":"Back to Basics","player_choice":"Elegance","floor":22,"damage_taken":0}],"boss_relics":[{"not_picked":["Eternal Feather","White Beast Statue"],"picked":"Runic Pyramid"}],"potions_floor_spawned":[1,3,11,12,19,25],"seed_played":"5986303391114486809","killed_by":"3 Cultists","ascension_level":0,"is_trial":false}