{"path_per_floor":["M","$","?","M","$","E","M","R","T","R","M","T","M","M","R","B",null,"M","?","T","$","?","E","M","M","T","R","M","M","R","E","R","B",null,"M","?","?","M","?","R","E"],"character_chosen":"IRONCLAD","items_purchased":["Flex","Twin Strike","Fire Potion","Orichalcum","War Paint","Heavy Blade"],"gold_per_floor":[114,114,114,134,7,38,51,51,51,51,72,153,176,194,194,315,315,333,333,378,50,50,77,90,101,101,101,118,134,134,164,164,262,262,272,372,372,392,392,392,419],"floor_reached":42,"campfire_rested":0,"playtime":2825,"current_hp_per_floor":[76,76,56,59,59,39,45,45,45,45,66,66,80,80,80,34,80,73,73,73,73,73,67,69,80,80,80,80,80,80,70,70,20,80,78,80,80,63,53,53,42],"items_purged":[],"gold":419,"score":441,"play_id":"2ab37dd2-5ef3-40e0-ad10-15b4e50787b7","is_prod":false,"is_daily":false,"is_ascension_mode":false,"campfire_upgraded":7,"path_taken":["M","$","?","M","$","E","M","R","T","R","M","?","M","M","R","BOSS","M","?","?","$","?","E","M","M","T","R","M","?","R","E","R","BOSS","M","?","?","M","?","R","E","M"],"build_version":"2018-02-15-PROD1","purchased_purges":0,"victory":false,"master_deck":["Strike_R","Strike_R","Strike_R","Strike_R","Strike_R","Defend_R","Defend_R","Defend_R+1","Defend_R+1","Bash","Reaper","Twin Strike","Flex+1","Flex+1","Twin Strike","Twin Strike","Cleave","Perfected Strike+1","Whirlwind","Demon Form+1","Perfected Strike","Heavy Blade","Sword Boomerang+1","Burning Pact+1","Limit Break+1","Flex+1","Uppercut","Demon Form+1","Armaments+1","Madness","Madness"],"max_hp_per_floor":[80,80,80,80,80,80,80,80,80,80,80,80,80,80,80,80,80,80,80,80,80,80,80,80,80,80,80,80,80,80,80,80,80,80,80,80,80,80,80,80,80],"relics":["Burning Blood","Bloody Idol","Pen Nib","Mercury Hourglass","Self Forming Clay","Sozu","Blood Vial","Orichalcum","War Paint","Oddly Smooth Stone","Lantern","Kunai","Black Star","Regal Pillow","Dream Catcher"],"card_choices":[{"not_picked":["Sword Boomerang","Body Slam"],"picked":"Twin Strike"},{"not_picked":["True Grit","Shrug It Off"],"picked":"Flex"},{"not_picked":["Rage","Thunderclap"],"picked":"Twin Strike"},{"not_picked":["Clothesline","True Grit"],"picked":"Cleave"},{"not_picked":["Armaments","Clash"],"picked":"Perfected Strike"},{"not_picked":["Dropkick","Seeing Red"],"picked":"Whirlwind"},{"not_picked":["Barricade","Fiend Fire"],"picked":"Demon Form"},{"not_picked":["Infernal Blade","Twin Strike"],"picked":"Perfected Strike"},{"not_picked":["Burning Pact","Dropkick"],"picked":"Sword Boomerang"},{"not_picked":["Shrug It Off","Anger"],"picked":"Burning Pact"},{"not_picked":["Body Slam","Metallicize"],"picked":"Limit Break"},{"not_picked":["Second Wind","Hemokinesis"],"picked":"Flex"},{"not_picked":["Feel No Pain","Pummel"],"picked":"Uppercut"},{"not_picked":["Barricade","Offering"],"picked":"Demon Form"},{"not_picked":["Dropkick","Twin Strike"],"picked":"Armaments"}],"player_experience":8554,"potions_floor_usage":[6,16,16,16],"damage_taken":[{"damage":10,"enemies":"Small Slimes","floor":1,"turns":4},{"damage":3,"enemies":"Jaw Worm","floor":4,"turns":5},{"damage":26,"enemies":"Lagavulin","floor":6,"turns":5},{"damage":0,"enemies":"Cultist","floor":7,"turns":2},{"damage":1,"enemies":"Exordium Thugs","floor":11,"turns":3},{"damage":0,"enemies":"3 Louse","floor":13,"turns":2},{"damage":2,"enemies":"Blue Slaver","floor":14,"turns":3},{"damage":52,"enemies":"Hexaghost","floor":16,"turns":5},{"damage":13,"enemies":"Chosen","floor":18,"turns":3},{"damage":19,"enemies":"Book of Stabbing","floor":23,"turns":3},{"damage":11,"enemies":"Shell Parasite","floor":24,"turns":3},{"damage":0,"enemies":"Snecko","floor":25,"turns":2},{"damage":11,"enemies":"Cultist and Chosen","floor":28,"turns":4},{"damage":7,"enemies":"Chosen and Byrds","floor":29,"turns":3},{"damage":21,"enemies":"Gremlin Leader","floor":31,"turns":4},{"damage":71,"enemies":"Automaton","floor":33,"turns":7},{"damage":13,"enemies":"3 Darklings","floor":35,"turns":4},{"damage":28,"enemies":"3 Shapes","floor":38,"turns":2},{"damage":47,"enemies":"Giant Head","floor":41,"turns":6},{"damage":54,"enemies":"Maw","floor":42,"turns":6}],"event_choices":[{"event_name":"Golden Idol","player_choice":"Take Damage","floor":3,"damage_taken":0},{"event_name":"Vampires","player_choice":"Ignored","floor":19,"damage_taken":0},{"event_name":"Forgotten Altar","player_choice":"Gave Idol","floor":22,"damage_taken":0},{"event_name":"Golden Shrine","player_choice":"Pray","floor":36,"damage_taken":0},{"event_name":"Tomb of Lord Red Mask","player_choice":"Ignored","floor":37,"damage_taken":0},{"event_name":"Winding Halls","player_choice":"Embrace Madness","floor":39,"damage_taken":0}],"boss_relics":[{"not_picked":["Ectoplasm","Black Blood"],"picked":"Sozu"},{"not_picked":["Mark of Pain","Velvet Choker"],"picked":"Black Star"}],"potions_floor_spawned":[6,11,13,14,18,24,31,33,35],"seed_played":"-6046741720329666979","killed_by":"Maw","ascension_level":0,"is_trial":false}