{"path_per_floor":["M","M","?","?","?","E","M","E","T","M","R","M","E","M","R","B",null,"M","$","?","$","M","R"],"character_chosen":"IRONCLAD","items_purchased":["Dropkick","Dual Wield","Bandage Up"],"gold_per_floor":[10,20,20,20,20,47,63,98,98,108,108,125,155,168,168,271,271,290,9,9,9,22,22],"floor_reached":24,"campfire_rested":1,"playtime":894,"current_hp_per_floor":[71,70,70,70,70,45,51,25,25,33,56,56,44,47,47,16,62,57,57,57,57,45,45],"items_purged":["Defend_R"],"gold":22,"score":324,"play_id":"e69f51cb-f009-4285-95c7-620054590d78","is_prod":false,"is_daily":false,"is_ascension_mode":true,"campfire_upgraded":2,"path_taken":["M","M","?","?","?","E","M","E","T","M","R","M","E","M","R","BOSS","M","$","?","$","M","R","E"],"build_version":"2018-02-22-PROD2","purchased_purges":2,"victory":false,"master_deck":["Strike_R+1","Strike_R+1","Defend_R","Defend_R","Bash","Dropkick","Shockwave","Infernal Blade","Flex","Metallicize","Seeing Red","Iron Wave","Berserk+1","Sword Boomerang","Double Tap","Sword Boomerang+1","Intimidate+1","Feel No Pain+1","Dropkick","Dual Wield","Bandage Up","True Grit+1"],"max_hp_per_floor":[77,77,77,77,77,77,77,77,77,77,77,77,77,77,77,77,77,77,77,77,77,77,77],"relics":["Burning Blood","Whetstone","Pantograph","Peace Pipe","Vajra","Astrolabe"],"card_choices":[{"not_picked":["Perfected Strike","Pommel Strike"],"picked":"Dropkick"},{"not_picked":["Perfected Strike","Bloodletting"],"picked":"Shockwave"},{"not_picked":["Corruption","Perfected Strike"],"picked":"Infernal Blade"},{"not_picked":["Clothesline","Second Wind"],"picked":"Flex"},{"not_picked":["Blood for Blood","Fire Breathing"],"picked":"Metallicize"},{"not_picked":["Flex","Clash"],"picked":"Seeing Red"},{"not_picked":["Perfected Strike","Body Slam"],"picked":"Iron Wave"},{"not_picked":["Flex","Spot Weakness"],"picked":"Berserk"},{"not_picked":["Headbutt","Warcry"],"picked":"Sword Boomerang"},{"not_picked":["Reaper","Dark Embrace"],"picked":"Double Tap"},{"not_picked":["Shrug It Off","Cleave"],"picked":"True Grit"}],"player_experience":275676,"potions_floor_usage":[6,10,13,16,24],"damage_taken":[{"damage":7,"enemies":"2 Louse","floor":1,"turns":4},{"damage":7,"enemies":"Jaw Worm","floor":2,"turns":3},{"damage":31,"enemies":"Lagavulin","floor":6,"turns":6},{"damage":0,"enemies":"Cultist","floor":7,"turns":2},{"damage":32,"enemies":"Gremlin Nob","floor":8,"turns":4},{"damage":1,"enemies":"Exordium Thugs","floor":10,"turns":3},{"damage":6,"enemies":"Looter","floor":12,"turns":3},{"damage":18,"enemies":"Lagavulin","floor":13,"turns":7},{"damage":3,"enemies":"2 Fungi Beasts","floor":14,"turns":4},{"damage":62,"enemies":"Slime Boss","floor":16,"turns":12},{"damage":11,"enemies":"Shell Parasite","floor":18,"turns":5},{"damage":22,"enemies":"Spheric Guardian","floor":22,"turns":4},{"damage":46,"enemies":"Slavers","floor":24,"turns":4}],"event_choices":[{"event_name":"Shining Light","player_choice":"Ignored","floor":3,"damage_taken":0},{"event_name":"Wheel of Change","player_choice":"Curse","floor":4,"damage_taken":0},{"event_name":"Living Wall","player_choice":"Forget","floor":5,"damage_taken":0},{"event_name":"Drug Dealer","player_choice":"Ignored","floor":20,"damage_taken":0}],"boss_relics":[{"not_picked":["Ectoplasm","Orrery"],"picked":"Astrolabe"}],"potions_floor_spawned":[1,8,10,14,16],"seed_played":"-7918336636136309934","killed_by":"Slavers","ascension_level":10,"is_trial":false}