{"path_per_floor":["M","?","M","M","$","R","E","M","T","?","R","$","?","M","R","B",null,"M","M","?","M","?","R","?","R","T","M","?","T","R","M","R"],"character_chosen":"IRONCLAD","items_purchased":[],"gold_per_floor":[118,118,136,149,74,74,108,119,119,119,119,19,19,29,29,129,129,143,161,76,91,91,91,91,91,116,126,126,126,126,146,146],"floor_reached":33,"campfire_rested":5,"playtime":1562,"current_hp_per_floor":[75,80,76,81,81,81,59,60,60,60,60,60,60,63,85,69,85,63,59,59,29,29,54,54,60,60,26,10,10,28,23,42],"items_purged":["Strike_R","Defend_R"],"gold":146,"score":271,"play_id":"d375b03a-fad4-4867-a36d-34d639f8c0e2","is_prod":false,"is_daily":false,"is_ascension_mode":false,"campfire_upgraded":2,"path_taken":["M","?","?","M","$","R","E","M","T","?","R","$","?","?","R","BOSS","M","M","?","M","?","R","?","R","T","M","?","?","R","?","R","BOSS"],"build_version":"2018-02-22-PROD2","purchased_purges":2,"victory":false,"master_deck":["Defend_R+1","Defend_R","Defend_R+1","Bash+1","Twin Strike+1","Flex+1","Headbutt","Normality","Writhe","Flex","Bite","Bite","Bite","Bite","Bite"],"max_hp_per_floor":[80,85,85,85,85,85,85,85,85,85,85,85,85,85,85,85,85,87,89,89,89,86,86,60,60,60,62,62,62,62,64,64],"relics":["Burning Blood","Frozen Egg 2","War Paint","Calling Bell","Mercury Hourglass","Shuriken","Singing Bowl","Bag of Marbles","Vajra","Enchiridion","Bronze Scales"],"card_choices":[{"not_picked":["Evolve","Shrug It Off"],"picked":"Twin Strike"},{"not_picked":["Sentinel","Shrug It Off"],"picked":"Flex"},{"not_picked":["Clash","Cleave"],"picked":"Headbutt"},{"not_picked":["Perfected Strike","Uppercut"],"picked":"Flex"}],"player_experience":93142,"potions_floor_usage":[16,16,18,33,33],"damage_taken":[{"damage":11,"enemies":"Small Slimes","floor":1,"turns":3},{"damage":10,"enemies":"2 Louse","floor":3,"turns":3},{"damage":1,"enemies":"Cultist","floor":4,"turns":3},{"damage":28,"enemies":"3 Sentries","floor":7,"turns":10},{"damage":5,"enemies":"3 Louse","floor":8,"turns":3},{"damage":3,"enemies":"Red Slaver","floor":14,"turns":3},{"damage":22,"enemies":"Slime Boss","floor":16,"turns":9},{"damage":30,"enemies":"3 Byrds","floor":18,"turns":5},{"damage":12,"enemies":"Chosen","floor":19,"turns":4},{"damage":36,"enemies":"3 Cultists","floor":21,"turns":6},{"damage":46,"enemies":"Cultist and Chosen","floor":27,"turns":7},{"damage":15,"enemies":"Snake Plant","floor":31,"turns":3},{"damage":76,"enemies":"Champ","floor":33,"turns":11}],"event_choices":[{"event_name":"Big Fish","player_choice":"Donut","floor":2,"damage_taken":0},{"event_name":"Upgrade Shrine","player_choice":"Upgraded","floor":10,"damage_taken":0},{"event_name":"The Cleric","player_choice":"Leave","floor":13,"damage_taken":0},{"event_name":"Addict","player_choice":"Obtained Relic","floor":20,"damage_taken":0},{"event_name":"Back to Basics","player_choice":"Elegance","floor":22,"damage_taken":0},{"event_name":"Vampires","player_choice":"Became a vampire","floor":24,"damage_taken":0},{"event_name":"Cursed Tome","player_choice":"Obtained Book","floor":28,"damage_taken":0}],"boss_relics":[{"not_picked":["Pandora\u0027s Box","Philosopher\u0027s Stone"],"picked":"Calling Bell"}],"potions_floor_spawned":[1,3,7,21,31],"seed_played":"-8265500545532349550","killed_by":"Champ","ascension_level":0,"is_trial":false}