{"path_per_floor":["M","?","?","$","M","E","R","M","T","E","M","E","M","?","R","B",null,"M","?","M","$","M","E","?","R","T","M","R","?","M","M","R","B",null,"M","M","?","$","M","R","M","E","T","M","M","R","M","M","R"],"character_chosen":"IRONCLAD","items_purchased":["Headbutt","Blood Vial","Armaments","Apotheosis","Inflame"],"gold_per_floor":[111,111,111,61,79,109,109,128,128,157,172,206,216,216,216,315,315,325,325,337,62,79,110,110,110,110,124,124,124,139,155,155,258,258,268,278,278,16,28,28,42,67,67,86,105,105,120,139,139],"floor_reached":50,"campfire_rested":2,"playtime":3016,"current_hp_per_floor":[80,73,55,55,61,67,67,72,72,64,68,64,48,48,75,68,90,88,72,76,76,81,48,48,48,48,59,59,59,71,82,82,80,90,85,80,80,80,77,77,72,40,40,36,28,55,55,70,70],"items_purged":["Strike_R"],"gold":139,"score":493,"play_id":"f90a3f23-c075-4eb8-9822-aff29b0198f1","is_prod":false,"is_daily":false,"is_ascension_mode":false,"campfire_upgraded":2,"path_taken":["M","?","?","$","M","E","R","M","T","E","M","E","M","?","R","BOSS","M","?","?","$","M","E","?","R","T","M","R","?","M","M","R","BOSS","M","M","?","$","M","R","M","E","T","M","M","R","M","M","R","BOSS"],"build_version":"2018-02-15-PROD1","purchased_purges":1,"victory":false,"master_deck":["Strike_R","Strike_R","Strike_R","Strike_R","Defend_R","Defend_R","Defend_R","Bash","Pommel Strike+1","Headbutt","Heavy Blade","Rampage+1","Thunderclap","Limit Break","Perfected Strike","Pummel","Heavy Blade","Demon Form+1","Armaments","Clash","Armaments","Fire Breathing+1","Rampage+1","Uppercut","Blood for Blood+1","Pommel Strike+1","Flex+1","Twin Strike","Bludgeon","Pommel Strike","Apotheosis+1","Inflame","Bludgeon"],"max_hp_per_floor":[80,80,80,80,80,80,80,80,80,90,90,90,90,90,90,90,90,90,90,90,90,90,90,90,90,90,90,90,90,90,90,90,90,90,90,90,90,90,90,90,90,90,90,90,90,90,90,90,90],"relics":["Black Blood","NeowsBlessing","Thread and Needle","Bird Faced Urn","Torii","Pear","Gambling Chip","Sozu","Enchiridion","Blood Vial","Prayer Wheel","Peace Pipe","Shovel","Gremlin Horn","Toxic Egg 2","Vajra","Mummified Hand","Ginger","Juzu Bracelet"],"card_choices":[{"not_picked":["Fire Breathing","Shockwave"],"picked":"Pommel Strike"},{"not_picked":["Iron Wave","True Grit"],"picked":"Heavy Blade"},{"not_picked":["Hemokinesis","Shrug It Off"],"picked":"Rampage"},{"not_picked":["Feel No Pain","Seeing Red"],"picked":"Thunderclap"},{"not_picked":["Combust","Warcry"],"picked":"Limit Break"},{"not_picked":["Sever Soul","Heavy Blade"],"picked":"Perfected Strike"},{"not_picked":["Body Slam","Sever Soul"],"picked":"Pummel"},{"not_picked":["Body Slam","Iron Wave"],"picked":"Heavy Blade"},{"not_picked":["Dark Embrace","Feed"],"picked":"Demon Form"},{"not_picked":["Pummel","Heavy Blade"],"picked":"Armaments"},{"not_picked":["True Grit","Body Slam"],"picked":"Clash"},{"not_picked":["Disarm","Flame Barrier"],"picked":"Fire Breathing"},{"not_picked":["Warcry","Thunderclap"],"picked":"Rampage"},{"not_picked":["Shrug It Off","Dark Embrace"],"picked":"Uppercut"},{"not_picked":["Hemokinesis","Searing Blow"],"picked":"Blood for Blood"},{"not_picked":["Twin Strike","Clothesline"],"picked":"Flex"},{"not_picked":["Anger","Shrug It Off"],"picked":"Twin Strike"},{"not_picked":["Brutality","Limit Break"],"picked":"Bludgeon"},{"not_picked":["Seeing Red","Thunderclap"],"picked":"Pommel Strike"},{"not_picked":["Rampage","Corruption"],"picked":"Bludgeon"}],"player_experience":16506,"potions_floor_usage":[10,12,16],"damage_taken":[{"damage":0,"enemies":"Jaw Worm","floor":1,"turns":1},{"damage":0,"enemies":"2 Louse","floor":5,"turns":1},{"damage":0,"enemies":"3 Sentries","floor":6,"turns":1},{"damage":1,"enemies":"Cultist","floor":8,"turns":3},{"damage":27,"enemies":"Lagavulin","floor":10,"turns":6},{"damage":2,"enemies":"3 Louse","floor":11,"turns":4},{"damage":19,"enemies":"Gremlin Nob","floor":12,"turns":4},{"damage":22,"enemies":"2 Fungi Beasts","floor":13,"turns":4},{"damage":13,"enemies":"Slime Boss","floor":16,"turns":8},{"damage":8,"enemies":"Shell Parasite","floor":18,"turns":3},{"damage":6,"enemies":"3 Byrds","floor":20,"turns":5},{"damage":7,"enemies":"Centurion and Healer","floor":22,"turns":3},{"damage":47,"enemies":"Gremlin Leader","floor":23,"turns":6},{"damage":1,"enemies":"Snecko","floor":27,"turns":3},{"damage":0,"enemies":"3 Cultists","floor":30,"turns":5},{"damage":1,"enemies":"Cultist and Chosen","floor":31,"turns":4},{"damage":16,"enemies":"Collector","floor":33,"turns":5},{"damage":15,"enemies":"Orb Walker","floor":35,"turns":3},{"damage":20,"enemies":"3 Shapes","floor":36,"turns":3},{"damage":23,"enemies":"Maw","floor":39,"turns":5},{"damage":23,"enemies":"Sphere and 2 Shapes","floor":41,"turns":3},{"damage":50,"enemies":"2 Orb Walkers","floor":42,"turns":4},{"damage":22,"enemies":"4 Shapes","floor":44,"turns":2},{"damage":22,"enemies":"Maw","floor":45,"turns":4},{"damage":16,"enemies":"Sphere and 2 Shapes","floor":47,"turns":2},{"damage":3,"enemies":"3 Darklings","floor":48,"turns":3},{"damage":91,"enemies":"Awakened One","floor":50,"turns":4}],"event_choices":[{"event_name":"Golden Wing","player_choice":"Card Removal","floor":2,"damage_taken":0},{"event_name":"Scrap Ooze","player_choice":"success","floor":3,"damage_taken":18},{"event_name":"Upgrade Shrine","player_choice":"Upgraded","floor":14,"damage_taken":0},{"event_name":"Cursed Tome","player_choice":"Obtained Book","floor":19,"damage_taken":0},{"event_name":"Accursed Blacksmith","player_choice":"Rummage","floor":24,"damage_taken":0},{"event_name":"Duplicator","player_choice":"One dupe","floor":29,"damage_taken":0},{"event_name":"The Lab","player_choice":"Got Potions","floor":37,"damage_taken":0}],"boss_relics":[{"not_picked":["Philosopher\u0027s Stone","Question Card"],"picked":"Sozu"},{"not_picked":["Runic Pyramid","Runic Cube"],"picked":"Black Blood"}],"potions_floor_spawned":[5,11,13,18,20,31,35,42,45,48],"seed_played":"-4085389589107174671","killed_by":"Awakened One","ascension_level":0,"is_trial":false}