{"path_per_floor":["M","M","?","M","M","R","?","R","T","M","M","?","M","?","R","B",null,"M","M","?","$","?","E","?","R","T","M","M","R","M","E","R"],"character_chosen":"IRONCLAD","items_purchased":["Impervious"],"gold_per_floor":[110,127,127,140,156,156,156,156,182,201,215,215,236,236,236,364,364,355,378,378,221,271,305,305,305,305,318,343,343,364,400,400],"floor_reached":33,"campfire_rested":0,"playtime":1374,"current_hp_per_floor":[78,77,77,80,75,75,80,80,80,85,85,79,79,79,79,32,67,45,51,35,35,35,41,41,41,41,47,66,66,72,70,70],"items_purged":["Strike_R"],"gold":400,"score":441,"play_id":"53d85307-ed13-4eec-9f63-1aa2329e319a","is_prod":false,"is_daily":false,"is_ascension_mode":true,"campfire_upgraded":6,"path_taken":["M","M","?","M","M","R","?","R","T","M","?","?","?","?","R","BOSS","M","?","?","$","?","E","?","R","T","M","?","R","M","E","R","BOSS"],"build_version":"2018-02-22-PROD2","purchased_purges":2,"victory":false,"master_deck":["Defend_R+1","Defend_R+1","Defend_R+1","Defend_R+1","Bash","Clash","Body Slam+1","Uppercut+1","Headbutt","Inflame","Impervious","Seeing Red+1","Flame Barrier+1","Double Tap+1","Seeing Red+1","Impervious+1","Warcry+1","Dual Wield+1","Impervious","Battle Trance","Rage+1"],"max_hp_per_floor":[80,80,80,80,80,80,85,85,85,85,85,79,79,79,79,79,79,79,79,79,79,79,79,79,79,79,79,79,79,79,79,79],"relics":["Burning Blood","Regal Pillow","Golden Idol","Astrolabe","Enchiridion","Happy Flower","Dream Catcher","Blood Vial"],"card_choices":[{"not_picked":["Sever Soul","Fire Breathing"],"picked":"Body Slam"},{"not_picked":["Searing Blow","Flex"],"picked":"Uppercut"},{"not_picked":["Sword Boomerang","Feel No Pain"],"picked":"Headbutt"},{"not_picked":["Feel No Pain","Disarm"],"picked":"Inflame"},{"not_picked":["Searing Blow","Warcry"],"picked":"Impervious"},{"not_picked":["Combust","Clash"],"picked":"Seeing Red"},{"not_picked":["Sever Soul","Evolve"],"picked":"Flame Barrier"},{"not_picked":["Feed","Demon Form"],"picked":"Double Tap"},{"not_picked":["Pommel Strike","Uppercut"],"picked":"Dual Wield"},{"not_picked":["Seeing Red","Pummel"],"picked":"Battle Trance"},{"not_picked":["Burning Pact","Inflame"],"picked":"Rage"}],"player_experience":295961,"potions_floor_usage":[19,23,28,30],"damage_taken":[{"damage":0.0,"enemies":"2 Louse","floor":1.0,"turns":2.0},{"damage":7.0,"enemies":"Small Slimes","floor":2.0,"turns":4.0},{"damage":1.0,"enemies":"Cultist","floor":4.0,"turns":3.0},{"damage":11.0,"enemies":"3 Louse","floor":5.0,"turns":4.0},{"damage":1.0,"enemies":"Exordium Thugs","floor":10.0,"turns":3.0},{"damage":0.0,"enemies":"2 Fungi Beasts","floor":11.0,"turns":2.0},{"damage":5.0,"enemies":"Gremlin Gang","floor":13.0,"turns":4.0},{"damage":53.0,"enemies":"Hexaghost","floor":16.0,"turns":9.0},{"damage":28,"enemies":"2 Thieves","floor":18,"turns":4},{"damage":0,"enemies":"Chosen","floor":19,"turns":5},{"damage":0,"enemies":"Book of Stabbing","floor":23,"turns":6},{"damage":0,"enemies":"Snecko","floor":27,"turns":2},{"damage":2,"enemies":"Chosen and Byrds","floor":28,"turns":6},{"damage":0,"enemies":"3 Cultists","floor":30,"turns":5},{"damage":8,"enemies":"Gremlin Leader","floor":31,"turns":9},{"damage":86,"enemies":"Automaton","floor":33,"turns":12}],"event_choices":[{"event_name":"Liars Game","player_choice":"disagreed","floor":3.0,"damage_taken":0.0},{"event_name":"Big Fish","player_choice":"Donut","floor":7.0,"damage_taken":0.0},{"event_name":"Golden Idol","player_choice":"Lose Max HP","floor":12.0,"damage_taken":0.0},{"event_name":"Accursed Blacksmith","player_choice":"Forge","floor":14.0,"damage_taken":0.0},{"event_name":"Cursed Tome","player_choice":"Obtained Book","floor":20,"damage_taken":0},{"event_name":"The Joust","player_choice":"Bet on Murderer","floor":22,"damage_taken":0},{"event_name":"Back to Basics","player_choice":"Simplicity","floor":24,"damage_taken":0}],"boss_relics":[{"not_picked":["Runic Cube","Runic Pyramid"],"picked":"Astrolabe"}],"potions_floor_spawned":[1,2,10,13,19,27,28],"seed_played":"6428854553992374059","killed_by":"Automaton","ascension_level":9,"is_trial":false}