{"path_per_floor":["M","?","M","?","?","R","M","?","T","R","$","M","M","M","R","B",null,"M","?","M","?","M","R","M","R","T","?","M","$","M","M","R"],"character_chosen":"IRONCLAD","items_purchased":["Dropkick","Flex","Rampage","Madness"],"gold_per_floor":[145,145,165,165,115,115,125,125,125,125,55,72,92,103,103,201,201,214,214,225,225,238,238,257,257,257,257,270,10,27,39,39],"floor_reached":33,"campfire_rested":1,"playtime":1376,"current_hp_per_floor":[84,84,73,73,73,73,69,69,69,69,69,69,63,56,56,11,85,82,82,79,79,67,67,62,62,62,62,40,40,15,7,32],"items_purged":["Heavy Blade"],"gold":39,"score":241,"play_id":"601a4464-77e1-4d3e-b6f9-babd75fe43e0","is_prod":false,"is_daily":false,"is_ascension_mode":false,"campfire_upgraded":5,"path_taken":["M","?","M","?","?","R","M","?","T","R","$","M","M","M","R","BOSS","M","?","M","?","?","R","M","R","T","?","M","$","M","M","R","BOSS"],"build_version":"2018-02-22-PROD2","purchased_purges":1,"victory":false,"master_deck":["Strike_R+1","Strike_R+1","Strike_R+1","Strike_R+1","Defend_R+1","Defend_R+1","Defend_R+1","Bash+1","Power Through","Evolve+1","Metallicize","Dropkick","Metallicize","Wild Strike+1","Bludgeon+1","Flame Barrier+1","Dropkick","Flex","Rampage","Madness"],"max_hp_per_floor":[85,85,85,85,85,85,85,85,85,85,85,85,85,85,85,85,85,85,85,85,85,85,85,85,85,85,85,85,85,85,85,85],"relics":["Tiny House"],"card_choices":[{"not_picked":["Iron Wave","Thunderclap"],"picked":"Power Through"},{"not_picked":["Infernal Blade","Immolate"],"picked":"Evolve"},{"not_picked":["Dual Wield","Thunderclap"],"picked":"Metallicize"},{"not_picked":["Intimidate","Pommel Strike"],"picked":"Metallicize"},{"not_picked":["Pummel","Combust"],"picked":"Wild Strike"},{"not_picked":["Iron Wave","Blood for Blood"],"picked":"Heavy Blade"},{"not_picked":["Impervious","Brutality"],"picked":"Bludgeon"},{"not_picked":["Whirlwind","Shrug It Off"],"picked":"Flame Barrier"},{"not_picked":["Heavy Blade","Shockwave"],"picked":"Dropkick"}],"player_experience":466244,"potions_floor_usage":[33],"damage_taken":[{"damage":1.0,"enemies":"Cultist","floor":1.0,"turns":4.0},{"damage":11.0,"enemies":"Jaw Worm","floor":3.0,"turns":4.0},{"damage":4.0,"enemies":"Small Slimes","floor":7.0,"turns":6.0},{"damage":0.0,"enemies":"Blue Slaver","floor":12.0,"turns":5.0},{"damage":6.0,"enemies":"2 Fungi Beasts","floor":13.0,"turns":4.0},{"damage":7.0,"enemies":"Looter","floor":14.0,"turns":4.0},{"damage":45.0,"enemies":"The Guardian","floor":16.0,"turns":11.0},{"damage":3.0,"enemies":"Chosen","floor":18.0,"turns":7.0},{"damage":3.0,"enemies":"Spheric Guardian","floor":20.0,"turns":6.0},{"damage":12.0,"enemies":"Snake Plant","floor":22.0,"turns":5.0},{"damage":5.0,"enemies":"Cultist and Chosen","floor":24.0,"turns":8.0},{"damage":22.0,"enemies":"Slaver and Parasite","floor":28.0,"turns":9.0},{"damage":25.0,"enemies":"3 Cultists","floor":30.0,"turns":6.0},{"damage":8,"enemies":"Centurion and Healer","floor":31,"turns":9},{"damage":45,"enemies":"Champ","floor":33,"turns":10}],"event_choices":[{"event_name":"The Woman in Blue","player_choice":"Bought 0 Potions","floor":2.0,"damage_taken":0.0},{"event_name":"Purifier","player_choice":"One Purge","floor":4.0,"damage_taken":0.0},{"event_name":"The Cleric","player_choice":"Card Removal","floor":5.0,"damage_taken":0.0},{"event_name":"Golden Idol","player_choice":"Ignored","floor":8.0,"damage_taken":0.0},{"event_name":"Back to Basics","player_choice":"Simplicity","floor":19.0,"damage_taken":0.0},{"event_name":"Addict","player_choice":"Ignored","floor":21.0,"damage_taken":0.0},{"event_name":"Cursed Tome","player_choice":"Ignored","floor":27.0,"damage_taken":0.0}],"boss_relics":[],"potions_floor_spawned":[1,13,14,18,22,31],"seed_played":"-315998306077993276","killed_by":"Champ","ascension_level":0,"is_trial":false}