{"path_per_floor":["M","?","M","M","$","R","M","M","T","R","M","E","R","M","R","B",null,"M","M","$","M","?","E","M","R","T","M","?","R","E","M","R","B",null,"M","$","?","$","M","M","R","M","T","M","E","?","M","M","R","B"],"character_chosen":"IRONCLAD","items_purchased":["Flame Barrier","Entrench"],"gold_per_floor":[118,118,133,144,74,74,91,102,128,128,141,169,169,189,189,284,284,284,209,63,63,63,63,63,63,63,63,63,63,63,63,63,63,63,63,63,63,63,63,63,63,63,63,63,63,63,63,63,63,63],"floor_reached":51,"campfire_rested":1,"playtime":2281,"current_hp_per_floor":[72,58,64,64,64,64,65,68,68,68,56,62,62,67,67,58,72,60,66,66,69,69,60,57,57,57,46,46,46,52,53,53,61,78,73,73,34,34,38,29,54,50,50,50,58,58,54,42,42,40],"items_purged":["Strike_R"],"gold":63,"score":700,"play_id":"b157aa2a-28bd-401a-a036-cae0f4683e14","is_prod":false,"is_daily":false,"is_ascension_mode":false,"campfire_upgraded":8,"path_taken":["M","?","M","M","$","R","M","?","T","R","M","E","R","M","R","BOSS","M","M","$","M","?","E","M","R","T","?","?","R","E","M","R","BOSS","M","$","?","$","M","M","R","M","T","M","E","?","M","M","R","BOSS"],"build_version":"2018-02-22-PROD1","purchased_purges":1,"victory":true,"master_deck":["Strike_R","Strike_R","Strike_R+1","Defend_R+1","Defend_R","Defend_R","Bash","Shrug It Off+1","Shrug It Off+1","Spot Weakness+1","Flame Barrier+1","Barricade+1","Headbutt","Headbutt","Impervious+1","Battle Trance+1","Inflame","Entrench+1","Body Slam+1","Metallicize","Flame Barrier","Evolve+1"],"max_hp_per_floor":[72,72,72,72,72,72,72,72,72,72,72,72,72,72,72,72,72,72,72,72,72,72,72,72,72,72,72,72,72,74,76,76,78,78,80,80,82,82,82,84,84,86,86,88,90,90,90,92,92,92],"relics":["Burning Blood","Bronze Scales","War Paint","Ectoplasm","Omamori","Art of War","Singing Bowl","Lizard Tail","Sundial","Happy Flower","Pen Nib"],"card_choices":[{"not_picked":["Pummel","Corruption"],"picked":"Shrug It Off"},{"not_picked":["Perfected Strike","Ghostly Armor"],"picked":"Shrug It Off"},{"not_picked":["Dual Wield","Shrug It Off"],"picked":"Spot Weakness"},{"not_picked":["Warcry","Havoc"],"picked":"Flex"},{"not_picked":["Iron Wave","Anger"],"picked":"Barricade"},{"not_picked":["Pummel","Armaments"],"picked":"Headbutt"},{"not_picked":["Immolate","Shrug It Off"],"picked":"Headbutt"},{"not_picked":["Reaper","Demon Form"],"picked":"Impervious"},{"not_picked":["Clothesline","Feel No Pain"],"picked":"Battle Trance"},{"not_picked":["Heavy Blade","Cleave"],"picked":"Inflame"},{"not_picked":["Limit Break","Pummel"],"picked":"Metallicize"},{"not_picked":["Anger","Perfected Strike"],"picked":"Flame Barrier"},{"not_picked":["Flex","Inflame"],"picked":"Evolve"}],"player_experience":391621,"potions_floor_usage":[11,23,23,39,50,50,50],"damage_taken":[{"damage":6,"enemies":"Jaw Worm","floor":1,"turns":3},{"damage":0,"enemies":"Small Slimes","floor":3,"turns":3},{"damage":6,"enemies":"Cultist","floor":4,"turns":3},{"damage":5,"enemies":"3 Louse","floor":7,"turns":4},{"damage":3,"enemies":"Large Slime","floor":8,"turns":5},{"damage":18,"enemies":"Exordium Thugs","floor":11,"turns":3},{"damage":0,"enemies":"Lagavulin","floor":12,"turns":7},{"damage":1,"enemies":"Gremlin Gang","floor":14,"turns":4},{"damage":15,"enemies":"Hexaghost","floor":16,"turns":10},{"damage":18,"enemies":"Chosen","floor":18,"turns":7},{"damage":0,"enemies":"2 Thieves","floor":19,"turns":4},{"damage":3,"enemies":"Centurion and Healer","floor":21,"turns":7},{"damage":15,"enemies":"Slavers","floor":23,"turns":7},{"damage":9,"enemies":"Snake Plant","floor":24,"turns":4},{"damage":17,"enemies":"Sentry and Sphere","floor":27,"turns":7},{"damage":2,"enemies":"Book of Stabbing","floor":30,"turns":7},{"damage":7,"enemies":"Slaver and Parasite","floor":31,"turns":5},{"damage":0,"enemies":"Champ","floor":33,"turns":8},{"damage":13,"enemies":"3 Shapes","floor":35,"turns":5},{"damage":47,"enemies":"Mysterious Sphere","floor":37,"turns":9},{"damage":2,"enemies":"3 Darklings","floor":39,"turns":7},{"damage":17,"enemies":"Sphere and 2 Shapes","floor":40,"turns":8},{"damage":12,"enemies":"4 Shapes","floor":42,"turns":8},{"damage":8,"enemies":"3 Darklings","floor":44,"turns":7},{"damage":0,"enemies":"Giant Head","floor":45,"turns":7},{"damage":10,"enemies":"Maw","floor":47,"turns":8},{"damage":20,"enemies":"4 Shapes","floor":48,"turns":8},{"damage":8,"enemies":"Donu and Deca","floor":50,"turns":8}],"event_choices":[{"event_name":"Shining Light","player_choice":"Entered Light","floor":2,"damage_taken":0},{"event_name":"The Library","player_choice":"Read","floor":22,"damage_taken":0},{"event_name":"Drug Dealer","player_choice":"Ignored","floor":28,"damage_taken":0},{"event_name":"Mysterious Sphere","player_choice":"Fight","floor":37,"damage_taken":0}],"boss_relics":[{"not_picked":["Cursed Key","Calling Bell"],"picked":"Ectoplasm"},{"not_picked":["Runic Dome","Orrery"],"picked":"Lizard Tail"}],"potions_floor_spawned":[1,3,12,14,23,24,27,37,44,47,48],"seed_played":"-6075391434492026916","ascension_level":0,"is_trial":false}