{"path_per_floor":["M","?","T","M","M","R","M","?","T","R","$","M","?","M","R","B",null,"M","M","?","$","M","R"],"character_chosen":"IRONCLAD","items_purchased":["Ginger","Headbutt"],"gold_per_floor":[119,119,146,159,176,176,195,270,321,321,7,25,25,43,43,145,145,163,177,177,52,67,67],"floor_reached":24,"campfire_rested":2,"playtime":864,"current_hp_per_floor":[74,79,79,83,84,84,85,74,81,81,81,81,74,66,92,72,87,79,53,53,53,11,38],"items_purged":["Strike_R"],"gold":67,"score":263,"play_id":"3671bf46-0a97-487d-a73a-2a2986c2b484","is_prod":false,"is_daily":false,"is_ascension_mode":true,"campfire_upgraded":2,"path_taken":["M","?","?","M","M","R","?","?","T","R","?","M","?","M","R","BOSS","M","M","?","$","M","R","M"],"build_version":"2018-02-22-PROD2","purchased_purges":1,"victory":false,"master_deck":["Strike_R","Strike_R","Strike_R","Defend_R","Defend_R","Defend_R","Defend_R","Bash","Rampage+1","Burning Pact+1","Whirlwind","Flex","Shrug It Off","Demon Form+1","Shrug It Off+1","Warcry+1","Headbutt","Pommel Strike+1"],"max_hp_per_floor":[80,85,85,85,85,85,85,85,92,92,92,92,92,92,92,92,92,92,92,92,92,92,92],"relics":["Burning Blood","Ancient Tea Set","Strawberry","Ginger","Sozu"],"card_choices":[{"not_picked":["Iron Wave","Clothesline"],"picked":"Rampage"},{"not_picked":["Wild Strike","Limit Break"],"picked":"Burning Pact"},{"not_picked":["Infernal Blade","Twin Strike"],"picked":"Whirlwind"},{"not_picked":["Infernal Blade","Clash"],"picked":"Flex"},{"not_picked":["Warcry","Clash"],"picked":"Shrug It Off"},{"not_picked":["Limit Break","Exhume"],"picked":"Demon Form"},{"not_picked":["Clash","Rage"],"picked":"Shrug It Off"},{"not_picked":["Flex","Heavy Blade"],"picked":"Warcry"},{"not_picked":["Armaments","Havoc"],"picked":"Pommel Strike"}],"player_experience":282376,"potions_floor_usage":[7,16,16],"damage_taken":[{"damage":4,"enemies":"Small Slimes","floor":1,"turns":3},{"damage":2,"enemies":"Jaw Worm","floor":4,"turns":3},{"damage":5,"enemies":"Cultist","floor":5,"turns":4},{"damage":5,"enemies":"3 Louse","floor":7,"turns":4},{"damage":6,"enemies":"Lots of Slimes","floor":12,"turns":2},{"damage":14,"enemies":"Blue Slaver","floor":14,"turns":5},{"damage":26,"enemies":"Slime Boss","floor":16,"turns":11},{"damage":14,"enemies":"Chosen","floor":18,"turns":5},{"damage":32,"enemies":"Spheric Guardian","floor":19,"turns":6},{"damage":48,"enemies":"Cultist and Chosen","floor":22,"turns":8},{"damage":42,"enemies":"Slaver and Parasite","floor":24,"turns":4}],"event_choices":[{"event_name":"Big Fish","player_choice":"Donut","floor":2,"damage_taken":0},{"event_name":"World of Goop","player_choice":"Gather Gold","floor":8,"damage_taken":0},{"event_name":"Golden Wing","player_choice":"Card Removal","floor":13,"damage_taken":0},{"event_name":"Upgrade Shrine","player_choice":"Upgraded","floor":20,"damage_taken":0}],"boss_relics":[{"not_picked":["Snecko Eye","Black Star"],"picked":"Sozu"}],"potions_floor_spawned":[1,5,14,16,22],"seed_played":"6048766409142433845","killed_by":"Slaver and Parasite","ascension_level":8,"is_trial":false}