{"path_per_floor":["M","M","?","M","?","R","E","M","T","R","M","T","R","M","R","B",null,"M","$","?","M","?","R","$","?","T","R","$","M","T","M","R"],"character_chosen":"IRONCLAD","items_purchased":["Deep Breath"],"gold_per_floor":[110,125,125,138,138,138,164,184,254,254,265,290,290,307,307,408,408,425,350,350,366,281,281,181,181,181,181,85,98,124,141,141],"floor_reached":33,"campfire_rested":3,"playtime":862,"current_hp_per_floor":[72,71,59,59,59,59,43,40,40,40,30,30,30,36,57,35,72,44,44,31,12,12,35,35,35,35,35,35,27,27,23,46],"items_purged":["Strike_R","Defend_R"],"gold":141,"score":245,"play_id":"9d46ce10-ab25-4e78-a213-69349c9c3c8f","is_prod":false,"is_daily":false,"is_ascension_mode":false,"campfire_upgraded":4,"path_taken":["M","M","?","M","?","R","E","M","T","R","M","?","R","M","R","BOSS","M","$","?","M","?","R","$","?","T","R","?","M","?","M","R","BOSS"],"build_version":"2018-02-22-PROD2","purchased_purges":2,"victory":false,"master_deck":["Strike_R+1","Strike_R+1","Strike_R+1","Defend_R+1","Bash+1","Anger+1","Deep Breath+1"],"max_hp_per_floor":[72,72,72,72,72,72,72,72,72,72,72,72,72,72,72,72,72,72,72,77,77,77,77,77,77,77,77,77,77,77,77,77],"relics":["Burning Blood","Frozen Eye","Whetstone","Ornamental Fan","Bag of Marbles","Black Star","Ancient Tea Set","Magic Flower","War Paint"],"card_choices":[],"player_experience":397682,"potions_floor_usage":[7,16,21,33,33],"damage_taken":[{"damage":0,"enemies":"2 Louse","floor":1,"turns":3},{"damage":7,"enemies":"Small Slimes","floor":2,"turns":4},{"damage":6,"enemies":"Jaw Worm","floor":4,"turns":3},{"damage":22,"enemies":"3 Sentries","floor":7,"turns":8},{"damage":9,"enemies":"2 Fungi Beasts","floor":8,"turns":4},{"damage":16,"enemies":"Lots of Slimes","floor":11,"turns":3},{"damage":0,"enemies":"Large Slime","floor":14,"turns":4},{"damage":28,"enemies":"Slime Boss","floor":16,"turns":8},{"damage":34,"enemies":"2 Thieves","floor":18,"turns":4},{"damage":25,"enemies":"3 Byrds","floor":21,"turns":8},{"damage":17,"enemies":"Snake Plant","floor":29,"turns":3},{"damage":13,"enemies":"3 Cultists","floor":31,"turns":5},{"damage":46,"enemies":"Champ","floor":33,"turns":8}],"event_choices":[{"event_name":"Scrap Ooze","player_choice":"success","floor":3,"damage_taken":12},{"event_name":"Purifier","player_choice":"One Purge","floor":5,"damage_taken":0},{"event_name":"Forgotten Altar","player_choice":"Shed Blood","floor":20,"damage_taken":0},{"event_name":"Addict","player_choice":"Obtained Relic","floor":22,"damage_taken":0},{"event_name":"The Library","player_choice":"Read","floor":25,"damage_taken":0}],"boss_relics":[{"not_picked":["Snecko Eye","Lizard Tail"],"picked":"Black Star"}],"potions_floor_spawned":[2,4,8,14,18],"seed_played":"2322743180631222125","killed_by":"Champ","ascension_level":0,"is_trial":false}