{"path_per_floor":["M","?","M","M","?","E","R","E","T","M","?","?","E","M","R","B",null,"M","$","M","M","M","R","T","E","T","E","M","?","?","M","R","B",null,"M","?","M","?","$","E","M","R","T","R","M","$","?","?","R","B"],"character_chosen":"IRONCLAD","items_purchased":["Toolbox","Finesse","Offering","Dark Shackles"],"gold_per_floor":[116,66,81,93,93,120,120,181,181,201,263,263,293,306,306,406,406,425,16,32,45,62,62,62,91,91,121,139,39,39,56,56,160,160,176,223,243,243,4,36,48,48,72,72,83,83,183,183,183,183],"floor_reached":51,"campfire_rested":0,"playtime":2841,"current_hp_per_floor":[69,69,66,72,72,81,81,75,75,67,73,55,53,59,59,32,76,82,82,84,89,81,81,81,87,87,90,90,90,90,90,90,81,88,90,90,90,90,90,89,85,85,85,85,84,84,84,84,84,90],"items_purged":["Strike_R"],"gold":183,"score":901,"play_id":"e70b3b1c-57fd-4509-a58d-84240fa26797","is_prod":false,"is_daily":false,"is_ascension_mode":true,"campfire_upgraded":7,"path_taken":["M","?","M","M","?","E","R","E","T","M","?","?","E","M","R","BOSS","M","$","M","M","M","R","?","E","T","E","?","?","?","?","R","BOSS","M","?","?","?","$","E","?","R","T","R","M","$","?","?","R","BOSS"],"build_version":"2018-02-22-PROD2","purchased_purges":1,"victory":true,"master_deck":["Strike_R","Strike_R","Strike_R","Defend_R","Defend_R","Defend_R","Defend_R","Bash","Second Wind","Fiend Fire+1","Sword Boomerang+1","Havoc+1","Intimidate","Ghostly Armor","Corruption+1","Flex","Armaments+1","Immolate","Feel No Pain","Finesse","Armaments+1","Evolve+1","Entrench","Parasite","Intimidate+1","Injury","Flex","Havoc","J.A.X.+1","Sentinel","Offering+1","Seeing Red","Sentinel+1","True Grit","Sentinel","Shockwave+1","Warcry+1","Offering+1","Feel No Pain","Warcry+1","Regret","Rupture+1"],"max_hp_per_floor":[80,80,80,80,80,90,90,90,90,90,90,90,90,90,90,90,90,90,90,90,90,90,90,90,90,90,90,90,90,90,90,90,90,90,90,90,90,90,90,90,90,90,90,90,90,90,90,90,90,90],"relics":["Burning Blood","Dead Branch","Pear","Tiny Chest","Smiling Mask","Pen Nib","Regal Pillow","Cursed Key","Toolbox","Bag of Preparation","Oddly Smooth Stone","Lantern","Ginger","Orrery","Du-Vu Doll","Ornamental Fan","Vajra"],"card_choices":[{"not_picked":["Warcry","Feel No Pain"],"picked":"Second Wind"},{"not_picked":["Whirlwind","Anger"],"picked":"Fiend Fire"},{"not_picked":["Clothesline","Whirlwind"],"picked":"Sword Boomerang"},{"not_picked":["Carnage","Twin Strike"],"picked":"Intimidate"},{"not_picked":["Clothesline","Juggernaut"],"picked":"Ghostly Armor"},{"not_picked":["Armaments","Thunderclap"],"picked":"Corruption"},{"not_picked":["Dropkick","Rage"],"picked":"Flex"},{"not_picked":["Twin Strike","Clash"],"picked":"Armaments"},{"not_picked":["Bludgeon","Barricade"],"picked":"Immolate"},{"not_picked":["Pommel Strike","Wild Strike"],"picked":"Feel No Pain"},{"not_picked":["Inflame","Heavy Blade"],"picked":"Armaments"},{"not_picked":["Power Through","Clothesline"],"picked":"Evolve"},{"not_picked":["Heavy Blade","True Grit"],"picked":"Entrench"},{"not_picked":["Shockwave","Sword Boomerang"],"picked":"Intimidate"},{"not_picked":["Barricade","Dropkick"],"picked":"Flex"},{"not_picked":["Warcry","Spot Weakness"],"picked":"Havoc"},{"not_picked":["Berserk","Feed"],"picked":"Offering"},{"not_picked":["Power Through","Twin Strike"],"picked":"Seeing Red"},{"not_picked":["Sword Boomerang","Warcry"],"picked":"Sentinel"},{"not_picked":["Corruption","Combust"],"picked":"True Grit"},{"not_picked":["Rupture","Pommel Strike"],"picked":"Sentinel"},{"not_picked":["Feel No Pain","Anger"],"picked":"Shockwave"},{"not_picked":["Blood for Blood","Clothesline"],"picked":"Warcry"},{"not_picked":["Anger","Flex"],"picked":"Feel No Pain"},{"not_picked":["Shrug It Off","Evolve"],"picked":"Warcry"},{"not_picked":["Searing Blow","Clash"],"picked":"Rupture"}],"player_experience":256931,"potions_floor_usage":[8,11,16],"damage_taken":[{"damage":9,"enemies":"2 Louse","floor":1,"turns":3},{"damage":9,"enemies":"Jaw Worm","floor":3,"turns":4},{"damage":0,"enemies":"Small Slimes","floor":4,"turns":3},{"damage":7,"enemies":"Lagavulin","floor":6,"turns":5},{"damage":12,"enemies":"Gremlin Nob","floor":8,"turns":4},{"damage":14,"enemies":"3 Louse","floor":10,"turns":4},{"damage":0,"enemies":"Gremlin Nob","floor":11,"turns":2},{"damage":8,"enemies":"Lagavulin","floor":13,"turns":6},{"damage":0,"enemies":"Large Slime","floor":14,"turns":3},{"damage":33,"enemies":"Hexaghost","floor":16,"turns":10},{"damage":0,"enemies":"Chosen","floor":18,"turns":4},{"damage":4,"enemies":"Spheric Guardian","floor":20,"turns":2},{"damage":1,"enemies":"Centurion and Healer","floor":21,"turns":4},{"damage":24,"enemies":"Slaver and Parasite","floor":22,"turns":4},{"damage":0,"enemies":"Slavers","floor":25,"turns":1},{"damage":0,"enemies":"Book of Stabbing","floor":27,"turns":5},{"damage":0,"enemies":"Snake Plant","floor":28,"turns":1},{"damage":0,"enemies":"Sentry and Sphere","floor":31,"turns":2},{"damage":15,"enemies":"Automaton","floor":33,"turns":4},{"damage":0,"enemies":"3 Darklings","floor":35,"turns":4},{"damage":0,"enemies":"Mysterious Sphere","floor":36,"turns":1},{"damage":12,"enemies":"3 Shapes","floor":37,"turns":3},{"damage":11,"enemies":"Giant Head","floor":40,"turns":4},{"damage":10,"enemies":"3 Darklings","floor":41,"turns":2},{"damage":7,"enemies":"Sphere and 2 Shapes","floor":45,"turns":2},{"damage":38,"enemies":"Donu and Deca","floor":50,"turns":4}],"event_choices":[{"event_name":"The Cleric","player_choice":"Card Removal","floor":2,"damage_taken":0},{"event_name":"Living Wall","player_choice":"Change","floor":5,"damage_taken":0},{"event_name":"Dead Adventurer","player_choice":"Searched \u00272\u0027 times","floor":11,"damage_taken":0},{"event_name":"Shining Light","player_choice":"Entered Light","floor":12,"damage_taken":0},{"event_name":"Drug Dealer","player_choice":"Got JAXXED","floor":29,"damage_taken":0},{"event_name":"The Library","player_choice":"Read","floor":30,"damage_taken":0},{"event_name":"Mysterious Sphere","player_choice":"Fight","floor":36,"damage_taken":0},{"event_name":"Tomb of Lord Red Mask","player_choice":"Ignored","floor":38,"damage_taken":0},{"event_name":"Golden Shrine","player_choice":"Pray","floor":47,"damage_taken":0}],"boss_relics":[{"not_picked":["Runic Cube","Question Card"],"picked":"Cursed Key"},{"not_picked":["Runic Dome","Lizard Tail"],"picked":"Orrery"}],"potions_floor_spawned":[3,6,10,11,16,18,21,22,28,35,36,37],"seed_played":"-6983042617949364360","ascension_level":6,"is_trial":false}