{"path_per_floor":["M","M","$","?","M","E","R","$","T","E","M","M","R","M","R","B",null,"M","M","$","?","M"],"character_chosen":"IRONCLAD","items_purchased":["Flex","Battle Trance","Jack Of All Trades"],"gold_per_floor":[116,127,52,52,68,95,95,95,119,148,160,177,177,187,187,289,319,335,350,24,24,40],"floor_reached":23,"campfire_rested":2,"playtime":936,"current_hp_per_floor":[80,79,79,79,76,61,61,61,61,51,45,32,56,50,74,49,85,58,52,52,52,44],"items_purged":["Strike_R","Strike_R"],"gold":40,"score":203,"play_id":"df4acb54-1fd6-4be4-b740-9bf79e57d581","is_prod":false,"is_daily":false,"is_ascension_mode":false,"campfire_upgraded":1,"path_taken":["M","?","$","?","M","E","R","?","T","E","?","M","R","M","R","BOSS","M","?","$","?","?","M"],"build_version":"2018-02-22-PROD2","purchased_purges":2,"victory":false,"master_deck":["Strike_R","Strike_R","Strike_R","Defend_R","Defend_R","Defend_R","Defend_R","Bash","Rampage+1","Rampage","Armaments","Shrug It Off","Metallicize+1","Flex","Bludgeon","Carnage","Evolve+1","Flex","Battle Trance","Jack Of All Trades","Demon Form"],"max_hp_per_floor":[80,80,80,80,80,80,80,80,80,80,80,80,80,80,80,80,85,85,85,85,85,85],"relics":["Burning Blood","Bag of Marbles","Bronze Scales","Mummified Hand","Tiny House"],"card_choices":[{"not_picked":["Sentinel","Barricade"],"picked":"Rampage"},{"not_picked":["Heavy Blade","Corruption"],"picked":"Rampage"},{"not_picked":["Pummel","Body Slam"],"picked":"Armaments"},{"not_picked":["Fiend Fire","Pummel"],"picked":"Shrug It Off"},{"not_picked":["Twin Strike","Body Slam"],"picked":"Metallicize"},{"not_picked":["Wild Strike","Clash"],"picked":"Flex"},{"not_picked":["Impervious","Juggernaut"],"picked":"Bludgeon"},{"not_picked":["Armaments","Clothesline"],"picked":"Carnage"},{"not_picked":["Warcry","Disarm"],"picked":"Evolve"},{"not_picked":["Thunderclap","Entrench"],"picked":"Demon Form"}],"player_experience":85298,"potions_floor_usage":[10,16,16,16,19],"damage_taken":[{"damage":6,"enemies":"Cultist","floor":1,"turns":3},{"damage":7,"enemies":"2 Louse","floor":2,"turns":3},{"damage":9,"enemies":"Jaw Worm","floor":5,"turns":4},{"damage":21,"enemies":"3 Sentries","floor":6,"turns":11},{"damage":16,"enemies":"Lagavulin","floor":10,"turns":5},{"damage":12,"enemies":"Exordium Wildlife","floor":11,"turns":4},{"damage":19,"enemies":"Gremlin Gang","floor":12,"turns":5},{"damage":12,"enemies":"Lots of Slimes","floor":14,"turns":3},{"damage":31,"enemies":"Slime Boss","floor":16,"turns":6},{"damage":33,"enemies":"3 Byrds","floor":18,"turns":4},{"damage":12,"enemies":"Chosen","floor":19,"turns":6},{"damage":14,"enemies":"Snecko","floor":22,"turns":6},{"damage":61,"enemies":"Cultist and Chosen","floor":23,"turns":7}],"event_choices":[{"event_name":"The Lab","player_choice":"Got Potions","floor":4,"damage_taken":0},{"event_name":"Addict","player_choice":"Ignored","floor":21,"damage_taken":0}],"boss_relics":[{"not_picked":["Runic Pyramid","Lizard Tail"],"picked":"Tiny House"}],"potions_floor_spawned":[1,5,6,12,14],"seed_played":"-8210778046211365700","killed_by":"Cultist and Chosen","ascension_level":0,"is_trial":false}