{"path_per_floor":["M","$","M","M","?","R","E","R","T","R","?","?","R","M","R","B",null,"M","$","?","?","M","R"],"character_chosen":"IRONCLAD","items_purchased":["Metallicize","Rage","Impervious","Feel No Pain"],"gold_per_floor":[115,47,58,72,72,72,106,106,129,129,229,229,229,246,246,347,347,360,8,8,8,26,26],"floor_reached":24,"campfire_rested":0,"playtime":809,"current_hp_per_floor":[80,80,82,84,81,81,61,61,61,61,61,61,61,61,61,39,76,64,64,47,47,31,31],"items_purged":["Strike_R"],"gold":26,"score":278,"play_id":"560b05c9-8087-4bca-a85c-6bb4f82a0d1d","is_prod":false,"is_daily":false,"is_ascension_mode":true,"campfire_upgraded":6,"path_taken":["M","$","?","M","?","R","E","R","T","R","?","?","R","M","R","BOSS","M","$","?","?","M","R","M"],"build_version":"2018-02-22-PROD2","purchased_purges":2,"victory":false,"master_deck":["Strike_R","Strike_R","Strike_R","Defend_R","Defend_R+1","Defend_R","Defend_R+1","Bash","Shockwave+1","Metallicize+1","Clothesline+1","Headbutt","Barricade+1","Sentinel","True Grit+1","Reaper","Evolve+1","Rage","Impervious","Feel No Pain","Battle Trance","Ghostly Armor+1"],"max_hp_per_floor":[88,88,88,88,88,88,88,88,88,88,88,88,88,88,88,88,88,88,88,93,93,93,93],"relics":["Burning Blood","Juzu Bracelet","War Paint","Happy Flower","Cursed Key"],"card_choices":[{"not_picked":["Rupture","Warcry"],"picked":"Shockwave"},{"not_picked":["Flex","Heavy Blade"],"picked":"Clothesline"},{"not_picked":["Heavy Blade","Disarm"],"picked":"Headbutt"},{"not_picked":["Heavy Blade","Warcry"],"picked":"Barricade"},{"not_picked":["Headbutt","Thunderclap"],"picked":"True Grit"},{"not_picked":["Dark Embrace","Berserk"],"picked":"Reaper"},{"not_picked":["Anger","Corruption"],"picked":"Evolve"},{"not_picked":["Flex","Cleave"],"picked":"Ghostly Armor"}],"player_experience":297335,"potions_floor_usage":[16,24],"damage_taken":[{"damage":6,"enemies":"Cultist","floor":1,"turns":4},{"damage":4,"enemies":"Small Slimes","floor":3,"turns":4},{"damage":4,"enemies":"Jaw Worm","floor":4,"turns":5},{"damage":26,"enemies":"Lagavulin","floor":7,"turns":10},{"damage":6,"enemies":"Blue Slaver","floor":14,"turns":4},{"damage":43,"enemies":"Slime Boss","floor":16,"turns":19},{"damage":30,"enemies":"2 Thieves","floor":18,"turns":5},{"damage":22,"enemies":"Spheric Guardian","floor":22,"turns":10},{"damage":46,"enemies":"Cultist and Chosen","floor":24,"turns":3}],"event_choices":[{"event_name":"Scrap Ooze","player_choice":"success","floor":5,"damage_taken":3},{"event_name":"Golden Shrine","player_choice":"Pray","floor":11,"damage_taken":0},{"event_name":"Transmorgrifier","player_choice":"Transform","floor":12,"damage_taken":0},{"event_name":"Forgotten Altar","player_choice":"Shed Blood","floor":20,"damage_taken":0},{"event_name":"The Library","player_choice":"Read","floor":21,"damage_taken":0}],"boss_relics":[{"not_picked":["Philosopher\u0027s Stone","Runic Pyramid"],"picked":"Cursed Key"}],"potions_floor_spawned":[1,3,16],"seed_played":"1356042425080883737","killed_by":"Cultist and Chosen","ascension_level":9,"is_trial":false}