{"path_per_floor":["M","?","?","$","?","R","E","R","T","$","R","$","M","M","R","B",null,"M","?","$","M","M","R","?","R","T","M","?","M","R","?","R","B",null,"M","?","?","M"],"character_chosen":"IRONCLAD","items_purchased":["Feed","Rampage","Evolve","Happy Flower"],"gold_per_floor":[114,114,189,27,27,27,58,58,84,15,15,15,29,48,48,179,179,202,202,9,25,50,50,50,50,128,144,144,167,167,167,167,293,293,316,649,649,661],"floor_reached":39,"campfire_rested":5,"playtime":1419,"current_hp_per_floor":[70,70,59,59,59,80,52,52,52,52,52,52,62,68,87,59,83,53,53,53,43,14,44,44,74,74,67,67,50,82,82,82,71,98,107,107,107,63],"items_purged":[],"gold":661,"score":505,"play_id":"09ccce49-b43d-40ea-a538-0d723eb3bb2b","is_prod":false,"is_daily":false,"is_ascension_mode":true,"campfire_upgraded":3,"path_taken":["M","?","?","$","?","R","E","R","T","?","R","$","M","M","R","BOSS","M","?","$","?","M","R","?","R","T","M","?","M","R","?","R","BOSS","M","?","?","?","M"],"build_version":"2018-02-15-PROD1","purchased_purges":2,"victory":false,"master_deck":["Strike_R+1","Strike_R+1","Strike_R+1","Strike_R+1","Defend_R+1","Defend_R+1","Defend_R+1","Defend_R+1","Bash","Inflame","Feed+1","Rupture","Flame Barrier","Rampage+1","Pommel Strike","Uppercut+1","Shrug It Off","Evolve+1","Spot Weakness","Headbutt","Pommel Strike+1","Searing Blow","Seeing Red+1","Reaper","Headbutt","Injury"],"max_hp_per_floor":[80,80,80,80,80,80,83,83,83,83,83,83,87,87,87,91,91,95,95,95,99,103,103,103,103,103,107,107,107,107,107,107,107,107,107,107,107,107],"relics":["Burning Blood","Bronze Scales","Bag of Marbles","Lizard Tail","Happy Flower","Meat on the Bone","Mark of Pain"],"card_choices":[{"not_picked":["Pommel Strike","Power Through"],"picked":"Inflame"},{"not_picked":["Armaments","Entrench"],"picked":"Flame Barrier"},{"not_picked":["Pummel","Thunderclap"],"picked":"Pommel Strike"},{"not_picked":["Carnage","Armaments"],"picked":"Uppercut"},{"not_picked":["Dark Embrace","Juggernaut"],"picked":"Exhume"},{"not_picked":["Flex","Havoc"],"picked":"Shrug It Off"},{"not_picked":["Infernal Blade","Thunderclap"],"picked":"Spot Weakness"},{"not_picked":["Perfected Strike","Heavy Blade"],"picked":"Headbutt"},{"not_picked":["Sword Boomerang","Iron Wave"],"picked":"Pommel Strike"},{"not_picked":["Anger","Twin Strike"],"picked":"Seeing Red"},{"not_picked":["Brutality","Demon Form"],"picked":"Reaper"},{"not_picked":["Twin Strike","Cleave"],"picked":"Headbutt"}],"player_experience":248451,"potions_floor_usage":[7,21,33],"damage_taken":[{"damage":8,"enemies":"Jaw Worm","floor":1,"turns":7},{"damage":37,"enemies":"3 Sentries","floor":7,"turns":12},{"damage":0,"enemies":"Small Slimes","floor":13,"turns":2},{"damage":0,"enemies":"2 Louse","floor":14,"turns":1},{"damage":38,"enemies":"Slime Boss","floor":16,"turns":12},{"damage":40,"enemies":"2 Thieves","floor":18,"turns":5},{"damage":20,"enemies":"Shell Parasite","floor":21,"turns":7},{"damage":39,"enemies":"Centurion and Healer","floor":22,"turns":10},{"damage":29,"enemies":"Snecko","floor":27,"turns":7},{"damage":35,"enemies":"Sentry and Sphere","floor":29,"turns":5},{"damage":90,"enemies":"Automaton","floor":33,"turns":12},{"damage":6,"enemies":"3 Shapes","floor":35,"turns":4},{"damage":50,"enemies":"3 Darklings","floor":38,"turns":6},{"damage":68,"enemies":"Sphere and 2 Shapes","floor":39,"turns":5}],"event_choices":[{"event_name":"Golden Idol","player_choice":"Take Wound","floor":2,"damage_taken":0},{"event_name":"World of Goop","player_choice":"Gather Gold","floor":3,"damage_taken":0},{"event_name":"Living Wall","player_choice":"Change","floor":5,"damage_taken":0},{"event_name":"Back to Basics","player_choice":"Simplicity","floor":19,"damage_taken":0},{"event_name":"Drug Dealer","player_choice":"Ignored","floor":24,"damage_taken":0},{"event_name":"Transmorgrifier","player_choice":"Transform","floor":28,"damage_taken":0},{"event_name":"Purifier","player_choice":"One Purge","floor":31,"damage_taken":0},{"event_name":"The Moai Head","player_choice":"Gave Idol","floor":36,"damage_taken":0},{"event_name":"Accursed Blacksmith","player_choice":"Forge","floor":37,"damage_taken":0}],"boss_relics":[{"not_picked":["White Beast Statue","Black Star"],"picked":"Lizard Tail"},{"not_picked":["Question Card","Eternal Feather"],"picked":"Mark of Pain"}],"potions_floor_spawned":[1,18,29,33,38],"seed_played":"2233341153187564177","killed_by":"Sphere and 2 Shapes","ascension_level":8,"is_trial":false}