{"path_per_floor":["M","?","$","M","M","R","E","R","T","?","M","M","R","M","R","B",null,"M","M","?","$","M","$","M","E","T","M","T","M","?","E","R","B",null,"M","$","?","M","$","E","R","?","T","R","M","R","M","M","R","B"],"character_chosen":"IRONCLAD","items_purchased":["Vajra"],"gold_per_floor":[115,115,40,53,70,70,97,97,97,197,217,231,231,247,247,345,345,362,377,377,277,294,169,181,513,513,533,533,545,545,577,577,679,679,695,396,396,409,234,264,264,264,264,264,275,275,290,310,310,310],"floor_reached":51,"campfire_rested":2,"playtime":1616,"current_hp_per_floor":[44,49,49,55,61,61,30,30,37,37,35,53,53,59,59,23,92,72,60,60,60,60,60,61,55,55,58,58,61,61,54,54,37,92,63,63,51,54,54,30,57,57,57,57,58,58,55,61,88,85],"items_purged":["Strike_R","Dual Wield","Pommel Strike","Impervious","Clothesline"],"gold":310,"score":619,"play_id":"b693a205-21d7-4606-8187-1ec7afb5f17f","is_prod":false,"is_daily":false,"is_ascension_mode":false,"campfire_upgraded":7,"path_taken":["M","?","$","M","M","R","E","R","T","?","M","?","R","M","R","BOSS","M","M","?","$","M","$","?","E","T","?","?","M","?","E","R","BOSS","M","$","?","M","$","E","R","?","T","R","M","R","M","M","R","BOSS"],"build_version":"2018-02-22-PROD2","purchased_purges":5,"victory":true,"master_deck":["Pommel Strike+1","Whirlwind+1","Limit Break+1","Spot Weakness+1","Power Through","Battle Trance","Twin Strike","Madness+1","Madness+1"],"max_hp_per_floor":[80,85,85,85,85,85,85,85,92,92,92,92,92,92,92,92,92,92,92,92,92,92,92,92,92,92,92,92,92,92,92,92,92,92,92,92,92,92,92,92,92,92,92,92,92,92,92,92,92,92],"relics":["Burning Blood","Meat on the Bone","Strawberry","Pandora\u0027s Box","Old Coin","Molten Egg 2","Bird Faced Urn","Kunai","Runic Dome","Vajra","Bag of Preparation","Ice Cream"],"card_choices":[{"not_picked":["Thunderclap","Clothesline"],"picked":"Whirlwind"},{"not_picked":["Clothesline","Armaments"],"picked":"Limit Break"},{"not_picked":["Body Slam","Battle Trance"],"picked":"Spot Weakness"}],"player_experience":438940,"potions_floor_usage":[7,16,24,25,29,31,33,40],"damage_taken":[{"damage":2,"enemies":"2 Louse","floor":1,"turns":4},{"damage":0,"enemies":"Jaw Worm","floor":4,"turns":3},{"damage":0,"enemies":"Small Slimes","floor":5,"turns":3},{"damage":37,"enemies":"Lagavulin","floor":7,"turns":6},{"damage":20,"enemies":"Exordium Thugs","floor":11,"turns":3},{"damage":0,"enemies":"Exordium Wildlife","floor":12,"turns":4},{"damage":0,"enemies":"Gremlin Gang","floor":14,"turns":2},{"damage":69,"enemies":"Hexaghost","floor":16,"turns":10},{"damage":26,"enemies":"Shell Parasite","floor":18,"turns":6},{"damage":30,"enemies":"Spheric Guardian","floor":19,"turns":4},{"damage":6,"enemies":"Snake Plant","floor":22,"turns":3},{"damage":17,"enemies":"Centurion and Healer","floor":24,"turns":7},{"damage":24,"enemies":"Slavers","floor":25,"turns":3},{"damage":15,"enemies":"3 Cultists","floor":27,"turns":4},{"damage":21,"enemies":"Snake Plant","floor":29,"turns":3},{"damage":25,"enemies":"Book of Stabbing","floor":31,"turns":5},{"damage":35,"enemies":"Collector","floor":33,"turns":5},{"damage":35,"enemies":"3 Darklings","floor":35,"turns":3},{"damage":15,"enemies":"3 Shapes","floor":38,"turns":4},{"damage":48,"enemies":"2 Orb Walkers","floor":40,"turns":3},{"damage":5,"enemies":"Maw","floor":45,"turns":4},{"damage":9,"enemies":"4 Shapes","floor":47,"turns":2},{"damage":0,"enemies":"3 Darklings","floor":48,"turns":2},{"damage":9,"enemies":"Awakened One","floor":50,"turns":4}],"event_choices":[{"event_name":"Big Fish","player_choice":"Donut","floor":2,"damage_taken":0},{"event_name":"Golden Shrine","player_choice":"Pray","floor":10,"damage_taken":0},{"event_name":"Transmorgrifier","player_choice":"Transform","floor":20,"damage_taken":0},{"event_name":"Vampires","player_choice":"Ignored","floor":30,"damage_taken":0},{"event_name":"Winding Halls","player_choice":"Embrace Madness","floor":37,"damage_taken":0}],"boss_relics":[{"not_picked":["Cursed Key","Black Blood"],"picked":"Pandora\u0027s Box"},{"not_picked":["Question Card","White Beast Statue"],"picked":"Runic Dome"}],"potions_floor_spawned":[1,11,14,16,22,24,25,31,38,40,47],"seed_played":"-3659086394883653609","ascension_level":0,"is_trial":false}