{"path_per_floor":["M","M","?","$","?","R","$","R","T","M","M","R","M","E","R","B",null,"M","?","$","M","$","R","T","R","T","M","?","$","M","M","R","B",null,"M","?","$","?","?","R","M","?","T","M","M","$","M","M","R","B"],"character_chosen":"IRONCLAD","items_purchased":["Ice Cream","Flash of Steel"],"gold_per_floor":[111,126,126,51,51,51,51,51,75,91,105,105,129,163,163,283,283,302,572,178,196,71,71,371,371,371,394,394,142,155,180,180,304,304,323,323,148,216,216,216,241,241,268,289,302,102,122,146,146,146],"floor_reached":51,"campfire_rested":2,"playtime":1621,"current_hp_per_floor":[35,41,41,41,23,23,23,23,23,29,34,34,29,16,38,10,74,72,40,40,46,46,46,46,46,46,52,52,52,58,59,59,17,74,74,74,74,65,65,65,71,71,71,74,74,74,74,74,74,8],"items_purged":["Defend_R","Rage","Body Slam","Twin Strike","Writhe","Bash"],"gold":146,"score":697,"play_id":"5754e2c1-85d3-48e6-9ac5-c4d5b52975fb","is_prod":false,"is_daily":false,"is_ascension_mode":false,"campfire_upgraded":7,"path_taken":["M","M","?","$","?","R","$","R","T","M","?","R","M","E","R","BOSS","M","?","?","?","$","R","?","R","T","M","?","$","?","M","R","BOSS","M","?","$","?","?","R","M","?","T","M","M","?","M","?","R","BOSS"],"build_version":"2018-02-22-PROD2","purchased_purges":6,"victory":true,"master_deck":["Shockwave+1","Power Through+1","Battle Trance+1","Whirlwind+1","Flex+1","Flash of Steel+1"],"max_hp_per_floor":[80,80,74,74,74,74,74,74,74,74,74,74,74,74,74,74,74,74,74,74,74,74,74,74,74,74,74,74,74,74,74,74,74,74,74,74,74,74,74,74,74,74,74,74,74,74,74,74,74,74],"relics":["Burning Blood","Golden Idol","Dream Catcher","Whetstone","Orichalcum","Pandora\u0027s Box","Ice Cream","Old Coin","Molten Egg 2","Velvet Choker","Gambling Chip","Anchor"],"card_choices":[],"player_experience":426002,"potions_floor_usage":[11,14,18,33,33,45,50,50,50],"damage_taken":[{"damage":11,"enemies":"Jaw Worm","floor":1,"turns":4},{"damage":0,"enemies":"Small Slimes","floor":2,"turns":3},{"damage":0,"enemies":"2 Louse","floor":10,"turns":2},{"damage":10,"enemies":"Exordium Thugs","floor":11,"turns":4},{"damage":11,"enemies":"Blue Slaver","floor":13,"turns":3},{"damage":28,"enemies":"Lagavulin","floor":14,"turns":4},{"damage":34,"enemies":"Hexaghost","floor":16,"turns":8},{"damage":8,"enemies":"2 Thieves","floor":18,"turns":4},{"damage":0,"enemies":"3 Byrds","floor":21,"turns":3},{"damage":0,"enemies":"Snake Plant","floor":27,"turns":3},{"damage":0,"enemies":"Centurion and Healer","floor":30,"turns":2},{"damage":5,"enemies":"Snecko","floor":31,"turns":3},{"damage":48,"enemies":"Champ","floor":33,"turns":8},{"damage":0,"enemies":"3 Shapes","floor":35,"turns":3},{"damage":15,"enemies":"Mysterious Sphere","floor":38,"turns":3},{"damage":0,"enemies":"Orb Walker","floor":41,"turns":2},{"damage":0,"enemies":"3 Darklings","floor":44,"turns":2},{"damage":0,"enemies":"4 Shapes","floor":45,"turns":2},{"damage":0,"enemies":"Maw","floor":47,"turns":4},{"damage":0,"enemies":"Sphere and 2 Shapes","floor":48,"turns":1},{"damage":72,"enemies":"Donu and Deca","floor":50,"turns":6}],"event_choices":[{"event_name":"Golden Idol","player_choice":"Lose Max HP","floor":3,"damage_taken":0},{"event_name":"Scrap Ooze","player_choice":"success","floor":5,"damage_taken":18},{"event_name":"Knowing Skull","player_choice":"GOLD GOLD GOLD ","floor":19,"damage_taken":0},{"event_name":"The Mausoleum","player_choice":"No","floor":28,"damage_taken":0},{"event_name":"Winding Halls","player_choice":"Writhe","floor":36,"damage_taken":0},{"event_name":"Mysterious Sphere","player_choice":"Fight","floor":38,"damage_taken":0},{"event_name":"Upgrade Shrine","player_choice":"Upgraded","floor":39,"damage_taken":0},{"event_name":"The Moai Head","player_choice":"Ignored","floor":42,"damage_taken":0}],"boss_relics":[{"not_picked":["Calling Bell","Runic Pyramid"],"picked":"Pandora\u0027s Box"},{"not_picked":["Astrolabe","Black Star"],"picked":"Velvet Choker"}],"potions_floor_spawned":[1,10,11,14,18,21,30,38,41,44,48],"seed_played":"-4111116643074278607","ascension_level":0,"is_trial":false}