{"path_per_floor":["M","M","?","?","?","E","$","R","T","R","M","E","M","M","R","B",null,"M","M","?","M","?","R","M","M","T","?","?","R","E","$","R","B",null,"M","?","M","M","M","R","E","R","T","M","M","$","M","E","R","B"],"character_chosen":"IRONCLAD","items_purchased":["Armaments","Dead Branch","Corruption","Bottled Tornado"],"gold_per_floor":[112,132,132,132,132,162,63,63,63,63,78,107,127,142,142,247,247,262,274,274,288,288,288,299,316,316,316,316,316,348,40,40,135,135,153,153,163,181,195,195,220,220,288,307,321,44,59,87,87,87],"floor_reached":51,"campfire_rested":0,"playtime":2379,"current_hp_per_floor":[71,76,69,69,69,49,49,49,49,49,54,43,49,50,50,19,63,69,75,59,52,52,52,63,54,54,54,54,54,77,77,77,68,75,77,77,77,64,77,77,77,77,77,77,74,74,75,80,80,21],"items_purged":["Strike_R","Hemokinesis"],"gold":87,"score":934,"play_id":"de84ee0e-58ab-4230-bde9-7084d422dd99","is_prod":false,"is_daily":false,"is_ascension_mode":true,"campfire_upgraded":6,"path_taken":["M","M","?","?","?","E","$","R","T","R","M","E","?","?","R","BOSS","M","M","?","M","?","R","M","?","T","?","?","R","E","?","R","BOSS","M","?","M","M","M","R","E","R","T","M","M","?","M","E","R","BOSS"],"build_version":"2018-02-22-PROD2","purchased_purges":2,"victory":true,"master_deck":["Bash","Pommel Strike","Double Tap","Uppercut+1","Pommel Strike","Armaments+1","Reaper","Shrug It Off+1","Bludgeon+1","Dropkick","Shockwave+1","Flame Barrier","Headbutt+1","Corruption+1","Immolate","Heavy Blade","Metallicize+1","Ghostly Armor","Spot Weakness","Disarm+1","Dropkick","Infernal Blade+1","Body Slam","Spot Weakness"],"max_hp_per_floor":[77,77,77,77,77,77,77,77,77,77,77,77,77,77,77,77,77,77,77,77,77,77,77,77,77,77,77,77,77,77,77,77,77,77,77,77,77,77,77,77,77,77,77,77,77,77,80,80,80,80],"relics":["Burning Blood","Bag of Marbles","Frozen Eye","The Courier","Velvet Choker","Nilry\u0027s Codex","Girya","Ancient Tea Set","Self Forming Clay","Dead Branch","Pandora\u0027s Box","Pen Nib","Dodecahedron","Bottled Tornado","Anchor"],"card_choices":[{"not_picked":["Shrug It Off","Body Slam"],"picked":"Pommel Strike"},{"not_picked":["Wild Strike","Sword Boomerang"],"picked":"Double Tap"},{"not_picked":["Wild Strike","Spot Weakness"],"picked":"Pommel Strike"},{"not_picked":["Havoc","Body Slam"],"picked":"Reaper"},{"not_picked":["Blood for Blood","Reckless Charge"],"picked":"Shrug It Off"},{"not_picked":["Feed","Brutality"],"picked":"Bludgeon"},{"not_picked":["Metallicize","Heavy Blade"],"picked":"Dropkick"},{"not_picked":["Sword Boomerang","Intimidate"],"picked":"Shockwave"},{"not_picked":["Armaments","Power Through"],"picked":"Flame Barrier"},{"not_picked":["Double Tap","Armaments"],"picked":"Headbutt"},{"not_picked":["Demon Form","Juggernaut"],"picked":"Immolate"},{"not_picked":["Shrug It Off","Wild Strike"],"picked":"Spot Weakness"},{"not_picked":["Barricade","Second Wind"],"picked":"Disarm"},{"not_picked":["Shrug It Off","Body Slam"],"picked":"Dropkick"},{"not_picked":["Pummel","Sever Soul"],"picked":"Infernal Blade"},{"not_picked":["Thunderclap","Iron Wave"],"picked":"Body Slam"},{"not_picked":["Hemokinesis","Havoc"],"picked":"Spot Weakness"}],"player_experience":280203,"potions_floor_usage":[12,12,50],"damage_taken":[{"damage":7,"enemies":"Jaw Worm","floor":1,"turns":3},{"damage":1,"enemies":"Cultist","floor":2,"turns":3},{"damage":26,"enemies":"Gremlin Nob","floor":6,"turns":4},{"damage":1,"enemies":"Small Slimes","floor":11,"turns":3},{"damage":17,"enemies":"Lagavulin","floor":12,"turns":7},{"damage":4,"enemies":"Red Slaver","floor":13,"turns":6},{"damage":6,"enemies":"Blue Slaver","floor":14,"turns":5},{"damage":42,"enemies":"Slime Boss","floor":16,"turns":11},{"damage":0,"enemies":"Chosen","floor":18,"turns":3},{"damage":0,"enemies":"Shell Parasite","floor":19,"turns":5},{"damage":13,"enemies":"Snake Plant","floor":21,"turns":4},{"damage":0,"enemies":"Centurion and Healer","floor":24,"turns":5},{"damage":15,"enemies":"Cultist and Chosen","floor":25,"turns":4},{"damage":0,"enemies":"Gremlin Leader","floor":30,"turns":5},{"damage":15,"enemies":"Automaton","floor":33,"turns":6},{"damage":23,"enemies":"3 Darklings","floor":35,"turns":5},{"damage":6,"enemies":"Orb Walker","floor":37,"turns":3},{"damage":19,"enemies":"Maw","floor":38,"turns":6},{"damage":11,"enemies":"4 Shapes","floor":39,"turns":4},{"damage":6,"enemies":"2 Orb Walkers","floor":41,"turns":3},{"damage":6,"enemies":"3 Darklings","floor":44,"turns":5},{"damage":14,"enemies":"Maw","floor":45,"turns":5},{"damage":15,"enemies":"4 Shapes","floor":47,"turns":4},{"damage":4,"enemies":"Nemesis","floor":48,"turns":5},{"damage":65,"enemies":"Awakened One","floor":50,"turns":8}],"event_choices":[{"event_name":"Wheel of Change","player_choice":"Damage","floor":3,"damage_taken":0},{"event_name":"Bonfire Elementals","player_choice":"BASIC","floor":4,"damage_taken":0},{"event_name":"Living Wall","player_choice":"Change","floor":5,"damage_taken":0},{"event_name":"Cursed Tome","player_choice":"Obtained Book","floor":20,"damage_taken":0},{"event_name":"Drug Dealer","player_choice":"Ignored","floor":22,"damage_taken":0},{"event_name":"The Mausoleum","player_choice":"Yes","floor":27,"damage_taken":0},{"event_name":"Back to Basics","player_choice":"Elegance","floor":28,"damage_taken":0}],"boss_relics":[{"not_picked":["Ectoplasm","Cursed Key"],"picked":"Velvet Choker"},{"not_picked":["Sozu","Runic Dome"],"picked":"Pandora\u0027s Box"}],"potions_floor_spawned":[6,11,13,16,21,30,33,35,39,41,47],"seed_played":"-6973514968826878795","ascension_level":10,"is_trial":false}