{"path_per_floor":["M","M","$","M","M","E","R","E","T","R","?","M","R","M","R","B",null,"M","$","?","M","M","R","M","T","T","R"],"character_chosen":"IRONCLAD","items_purchased":[],"gold_per_floor":[112,128,53,68,84,109,109,142,142,142,217,234,234,250,250,346,346,358,258,258,270,288,288,298,298,298,298],"floor_reached":28,"campfire_rested":1,"playtime":6149,"current_hp_per_floor":[80,80,80,74,66,65,65,35,35,35,24,27,51,45,45,10,80,69,69,69,74,79,79,71,71,71,71],"items_purged":["Strike_R","Strike_R"],"gold":298,"score":230,"play_id":"a22c18e5-2be0-4c46-bb0b-bedc2e68b929","is_prod":false,"is_daily":false,"is_ascension_mode":false,"campfire_upgraded":5,"path_taken":["M","M","$","M","M","E","R","E","T","R","?","M","R","M","R","BOSS","M","$","?","?","M","R","?","?","T","R","E"],"build_version":"2018-02-22-PROD2","purchased_purges":2,"victory":false,"master_deck":["Strike_R","Strike_R+1","Strike_R+1","Defend_R","Defend_R","Defend_R","Bash+1","Heavy Blade+1","Clash+1","Pain","Pain"],"max_hp_per_floor":[80,80,80,80,80,80,80,80,80,80,80,80,80,80,80,80,80,80,80,80,80,80,80,80,80,80,80],"relics":["Burning Blood","Bottled Lightning","Vajra","Torii","Cursed Key","Frozen Egg 2","Champion Belt","Blood Vial"],"card_choices":[{"not_picked":["Anger","Cleave"],"picked":"Heavy Blade"},{"not_picked":["Blood for Blood","Body Slam"],"picked":"Clash"}],"player_experience":427623,"potions_floor_usage":[6,6,28],"damage_taken":[{"damage":5,"enemies":"2 Louse","floor":1,"turns":3},{"damage":5,"enemies":"Cultist","floor":2,"turns":4},{"damage":12,"enemies":"Small Slimes","floor":4,"turns":3},{"damage":14,"enemies":"Blue Slaver","floor":5,"turns":3},{"damage":19,"enemies":"3 Sentries","floor":6,"turns":5},{"damage":36,"enemies":"Lagavulin","floor":8,"turns":5},{"damage":3,"enemies":"Lots of Slimes","floor":12,"turns":5},{"damage":12,"enemies":"Gremlin Gang","floor":14,"turns":4},{"damage":41,"enemies":"The Guardian","floor":16,"turns":10},{"damage":17,"enemies":"3 Byrds","floor":18,"turns":6},{"damage":1,"enemies":"Spheric Guardian","floor":21,"turns":3},{"damage":1,"enemies":"Centurion and Healer","floor":22,"turns":5},{"damage":14,"enemies":"Cultist and Chosen","floor":24,"turns":5},{"damage":77,"enemies":"Gremlin Leader","floor":28,"turns":6}],"event_choices":[{"event_name":"World of Goop","player_choice":"Gather Gold","floor":11,"damage_taken":0},{"event_name":"The Mausoleum","player_choice":"Yes","floor":20,"damage_taken":0}],"boss_relics":[{"not_picked":["Tiny House","Runic Cube"],"picked":"Cursed Key"}],"potions_floor_spawned":[1,4,8,12,16,24],"seed_played":"3102877037979489955","killed_by":"Gremlin Leader","ascension_level":0,"is_trial":false}