{"path_per_floor":["M","?","M","?","M","R","M","R","T","$","M","?","R","?","R","B",null,"M","M","M","$","?","M","R","?","T","R","M","R","T","M","R","B",null,"M","$","?"],"character_chosen":"IRONCLAD","items_purchased":["Demon Form","Armaments","Centennial Puzzle","Weak Potion"],"gold_per_floor":[109,109,124,124,144,144,157,157,157,13,32,60,60,60,60,159,159,178,158,171,43,43,55,55,55,80,80,97,97,182,196,196,293,293,309,5,5],"floor_reached":38,"campfire_rested":4,"playtime":1432,"current_hp_per_floor":[75,57,63,88,88,88,72,72,72,72,74,60,60,60,88,52,79,73,59,43,43,43,19,60,60,67,67,55,95,95,64,95,76,90,34,34,105],"items_purged":["Perfected Strike"],"gold":5,"score":500,"play_id":"aad24d0d-8df0-4187-8db3-c50bc9bb5800","is_prod":false,"is_daily":false,"is_ascension_mode":true,"campfire_upgraded":3,"path_taken":["M","?","M","?","?","R","M","R","T","$","M","?","R","?","R","BOSS","M","M","M","$","?","M","R","?","T","R","M","R","?","M","R","BOSS","M","$","?","?"],"build_version":"2018-02-15-PROD1","purchased_purges":3,"victory":false,"master_deck":["Bash","Metallicize","True Grit+1","Pommel Strike+1","Whirlwind","Demon Form","Flame Barrier","Dual Wield","Demon Form","Cleave","Wild Strike","Seeing Red","Body Slam","Whirlwind","Twin Strike","Entrench","Heavy Blade+1","Metallicize","Armaments+1","Battle Trance+1","Double Tap"],"max_hp_per_floor":[88,88,88,88,88,88,88,88,88,88,88,88,88,88,88,88,88,88,88,88,88,88,88,88,88,95,95,95,95,95,95,95,95,95,95,95,105],"relics":["Black Blood","Shovel","Odd Mushroom","Regal Pillow","Pandora\u0027s Box","Strawberry","Tiny Chest","Centennial Puzzle"],"card_choices":[{"not_picked":["Sever Soul","Iron Wave"],"picked":"Metallicize"},{"not_picked":["Thunderclap","Hemokinesis"],"picked":"True Grit"},{"not_picked":["Thunderclap","Cleave"],"picked":"Pommel Strike"},{"not_picked":["Flex","Perfected Strike"],"picked":"Whirlwind"},{"not_picked":["Iron Wave","Inflame"],"picked":"Flame Barrier"},{"not_picked":["Bloodletting","Flex"],"picked":"Dual Wield"},{"not_picked":["Dark Embrace","Immolate"],"picked":"Bludgeon"},{"not_picked":["Clothesline","Iron Wave"],"picked":"Heavy Blade"},{"not_picked":["Rampage","Warcry"],"picked":"Metallicize"},{"not_picked":["Sword Boomerang","Fire Breathing"],"picked":"Battle Trance"},{"not_picked":["Brutality","Reaper"],"picked":"Double Tap"}],"player_experience":251345,"potions_floor_usage":[3,11,12,28,28,33,35,38],"damage_taken":[{"damage":11,"enemies":"Small Slimes","floor":1,"turns":3},{"damage":0,"enemies":"Jaw Worm","floor":3,"turns":3},{"damage":5,"enemies":"2 Louse","floor":5,"turns":4},{"damage":22,"enemies":"Exordium Wildlife","floor":7,"turns":7},{"damage":4,"enemies":"Lots of Slimes","floor":11,"turns":2},{"damage":20,"enemies":"The Mushroom Lair","floor":12,"turns":4},{"damage":42,"enemies":"The Guardian","floor":16,"turns":11},{"damage":12,"enemies":"Chosen","floor":18,"turns":7},{"damage":20,"enemies":"2 Thieves","floor":19,"turns":4},{"damage":22,"enemies":"Centurion and Healer","floor":20,"turns":6},{"damage":30,"enemies":"Snake Plant","floor":23,"turns":5},{"damage":18,"enemies":"Cultist and Chosen","floor":28,"turns":5},{"damage":37,"enemies":"Slaver and Parasite","floor":31,"turns":6},{"damage":25,"enemies":"Champ","floor":33,"turns":10},{"damage":66,"enemies":"3 Darklings","floor":35,"turns":8},{"damage":105,"enemies":"Mysterious Sphere","floor":38,"turns":6}],"event_choices":[{"event_name":"Shining Light","player_choice":"Entered Light","floor":2,"damage_taken":0},{"event_name":"Big Fish","player_choice":"Banana","floor":4,"damage_taken":0},{"event_name":"Mushrooms","player_choice":"Fought Mushrooms","floor":12,"damage_taken":0},{"event_name":"Living Wall","player_choice":"Change","floor":14,"damage_taken":0},{"event_name":"Vampires","player_choice":"Ignored","floor":22,"damage_taken":0},{"event_name":"Beggar","player_choice":"Ignored","floor":25,"damage_taken":0},{"event_name":"Bonfire Elementals","player_choice":"RARE","floor":37,"damage_taken":0},{"event_name":"Mysterious Sphere","player_choice":"Fight","floor":38,"damage_taken":0}],"boss_relics":[{"not_picked":["Runic Pyramid","Orrery"],"picked":"Pandora\u0027s Box"},{"not_picked":["Eternal Feather","Black Star"],"picked":"Black Blood"}],"potions_floor_spawned":[1,3,7,16,19,23,31,33],"seed_played":"-3013897248698582656","killed_by":"Mysterious Sphere","ascension_level":8,"is_trial":false}