{"path_per_floor":["M","?","M","M","M","R","E","R","T","$","R","M","?","M","R","B",null,"M","M","?","M","M","R","E","R","T","R","$","M","M","M","R"],"character_chosen":"IRONCLAD","items_purchased":["Pen Nib"],"gold_per_floor":[112,112,122,137,155,155,180,180,180,105,105,123,123,143,143,238,238,249,264,164,177,197,197,227,227,227,227,24,34,53,65,65],"floor_reached":33,"campfire_rested":1,"playtime":1423,"current_hp_per_floor":[79,79,80,80,78,78,47,47,47,47,47,50,50,56,56,20,65,71,70,70,52,54,54,40,40,40,40,40,39,31,16,40],"items_purged":["Strike_R","Shrug It Off"],"gold":65,"score":339,"play_id":"d7b98c42-a36a-41a0-b740-86d63eb3b658","is_prod":false,"is_daily":false,"is_ascension_mode":true,"campfire_upgraded":7,"path_taken":["M","?","M","?","M","R","E","R","T","$","R","M","?","?","R","BOSS","M","M","?","M","M","R","E","R","T","R","$","M","M","M","R","BOSS"],"build_version":"2018-02-15-PROD1","purchased_purges":2,"victory":false,"master_deck":["Bash+1","Intimidate+1","Blood for Blood","Clash","True Grit+1","Clash","Infernal Blade+1","Exhume","Sword Boomerang","Clash","Metallicize+1","Havoc","Ghostly Armor","Wild Strike+1","Disarm+1","True Grit+1","J.A.X.","Sentinel+1","Pommel Strike"],"max_hp_per_floor":[80,80,80,80,80,80,80,80,80,80,80,80,80,80,80,80,80,80,80,80,80,80,80,80,80,80,80,80,80,80,80,80],"relics":["Burning Blood","Bag of Marbles","Calipers","Pandora\u0027s Box","Smiling Mask","Gambling Chip","Pen Nib"],"card_choices":[{"not_picked":["Twin Strike","Thunderclap"],"picked":"Intimidate"},{"not_picked":["Clothesline","Demon Form"],"picked":"Blood for Blood"},{"not_picked":["Ghostly Armor","Dual Wield"],"picked":"Clash"},{"not_picked":["Clothesline","Infernal Blade"],"picked":"True Grit"},{"not_picked":["Pommel Strike","Power Through"],"picked":"Clash"},{"not_picked":["Iron Wave","Feel No Pain"],"picked":"Infernal Blade"},{"not_picked":["Dark Embrace","Brutality"],"picked":"Exhume"},{"not_picked":["Clothesline","Perfected Strike"],"picked":"Disarm"},{"not_picked":["Headbutt","Clash"],"picked":"True Grit"},{"not_picked":["Metallicize","Searing Blow"],"picked":"Sentinel"},{"not_picked":["Bludgeon","Shrug It Off"],"picked":"Pommel Strike"}],"player_experience":245416,"potions_floor_usage":[7,19,19,24,29],"damage_taken":[{"damage":7,"enemies":"Jaw Worm","floor":1,"turns":3},{"damage":1,"enemies":"Cultist","floor":3,"turns":3},{"damage":5,"enemies":"Small Slimes","floor":4,"turns":5},{"damage":8,"enemies":"Red Slaver","floor":5,"turns":5},{"damage":37,"enemies":"3 Sentries","floor":7,"turns":10},{"damage":3,"enemies":"Looter","floor":12,"turns":3},{"damage":0,"enemies":"Blue Slaver","floor":14,"turns":3},{"damage":42,"enemies":"The Guardian","floor":16,"turns":9},{"damage":0,"enemies":"Spheric Guardian","floor":18,"turns":3},{"damage":7,"enemies":"Chosen","floor":19,"turns":4},{"damage":24,"enemies":"Snecko","floor":21,"turns":6},{"damage":4,"enemies":"Snake Plant","floor":22,"turns":4},{"damage":20,"enemies":"Gremlin Leader","floor":24,"turns":8},{"damage":7,"enemies":"Slaver and Parasite","floor":29,"turns":5},{"damage":14,"enemies":"Chosen and Byrds","floor":30,"turns":6},{"damage":21,"enemies":"Cultist and Chosen","floor":31,"turns":5},{"damage":73,"enemies":"Automaton","floor":33,"turns":6}],"event_choices":[{"event_name":"Wheel of Change","player_choice":"Card Removal","floor":2,"damage_taken":0},{"event_name":"Liars Game","player_choice":"disagreed","floor":13,"damage_taken":0},{"event_name":"Drug Dealer","player_choice":"Got JAXXED","floor":20,"damage_taken":0}],"boss_relics":[{"not_picked":["Question Card","Orrery"],"picked":"Pandora\u0027s Box"}],"potions_floor_spawned":[4,7,14,16,21,22,29,30],"seed_played":"-8129685726895792515","killed_by":"Automaton","ascension_level":5,"is_trial":false}