{"path_per_floor":["M","M","$","?","M","E","R","T","T","R","E","T","R","M","R","B",null,"M","M","M","?","M","R","M","R","T","M","$","R","E","M","R"],"character_chosen":"IRONCLAD","items_purchased":["Flash of Steel","Meat on the Bone"],"gold_per_floor":[113,123,48,48,63,126,126,172,172,172,198,250,250,263,263,361,361,373,392,410,335,355,355,372,372,398,411,78,78,106,126,126],"floor_reached":33,"campfire_rested":2,"playtime":891,"current_hp_per_floor":[72,72,72,72,72,48,48,48,62,62,54,54,54,60,60,57,86,52,26,11,11,17,42,15,40,40,20,20,20,33,49,49],"items_purged":["Strike_R"],"gold":126,"score":277,"play_id":"ae055684-c7a7-4c82-b132-498f5cb50f1c","is_prod":false,"is_daily":false,"is_ascension_mode":false,"campfire_upgraded":6,"path_taken":["M","M","$","?","?","E","R","?","T","R","E","?","R","M","R","BOSS","M","M","M","?","M","R","M","R","T","M","$","R","E","?","R","BOSS"],"build_version":"2018-02-22-PROD2","purchased_purges":1,"victory":false,"master_deck":["Strike_R","Strike_R+1","Strike_R+1","Defend_R","Defend_R","Defend_R","Bash+1","Dropkick+1","Flash of Steel+1","Headbutt+1"],"max_hp_per_floor":[72,72,72,72,72,72,72,72,86,86,86,86,86,86,86,86,86,86,86,86,86,86,86,86,86,86,86,86,86,86,86,86],"relics":["Burning Blood","Gambling Chip","Tiny Chest","Bag of Marbles","Mango","Bag of Preparation","Ancient Tea Set","Lizard Tail","Orichalcum","Meat on the Bone","Art of War"],"card_choices":[{"not_picked":["Headbutt","Anger"],"picked":"Dropkick"},{"not_picked":["Iron Wave","Perfected Strike"],"picked":"Headbutt"}],"player_experience":395580,"potions_floor_usage":[6,18,22,27,27,30],"damage_taken":[{"damage":0,"enemies":"Small Slimes","floor":1,"turns":3},{"damage":6,"enemies":"Cultist","floor":2,"turns":3},{"damage":2,"enemies":"2 Louse","floor":5,"turns":3},{"damage":36,"enemies":"Lagavulin","floor":6,"turns":5},{"damage":14,"enemies":"Gremlin Nob","floor":11,"turns":3},{"damage":0,"enemies":"Lots of Slimes","floor":14,"turns":2},{"damage":9,"enemies":"Slime Boss","floor":16,"turns":6},{"damage":40,"enemies":"3 Byrds","floor":18,"turns":6},{"damage":32,"enemies":"Shell Parasite","floor":19,"turns":4},{"damage":21,"enemies":"Centurion and Healer","floor":20,"turns":6},{"damage":0,"enemies":"Cultist and Chosen","floor":22,"turns":4},{"damage":33,"enemies":"3 Cultists","floor":24,"turns":5},{"damage":26,"enemies":"Snake Plant","floor":27,"turns":3},{"damage":63,"enemies":"Book of Stabbing","floor":30,"turns":6},{"damage":2,"enemies":"Centurion and Healer","floor":31,"turns":4},{"damage":50,"enemies":"Champ","floor":33,"turns":6}],"event_choices":[{"event_name":"Purifier","player_choice":"One Purge","floor":4,"damage_taken":0},{"event_name":"Beggar","player_choice":"Gave Gold","floor":21,"damage_taken":0}],"boss_relics":[{"not_picked":["White Beast Statue","Velvet Choker"],"picked":"Lizard Tail"}],"potions_floor_spawned":[2,5,16,20,24,27],"seed_played":"4930170314825858744","killed_by":"Champ","ascension_level":0,"is_trial":false}