{"path_per_floor":["M","?","$","?","M","R","E","R","T","E","M","R","M","?","R","B",null,"M","T","?","M","M","R"],"character_chosen":"IRONCLAD","items_purchased":["Panache","Block Potion"],"gold_per_floor":[116,366,65,65,84,84,111,111,111,143,156,156,167,167,167,262,262,278,327,377,390,404,404],"floor_reached":24,"campfire_rested":0,"playtime":657,"current_hp_per_floor":[78,78,78,66,72,72,78,78,92,83,89,89,94,94,94,69,88,89,89,89,76,73,73],"items_purged":["Regret"],"gold":404,"score":344,"play_id":"343f7e76-8605-4319-94e2-e29c30ef7c97","is_prod":false,"is_daily":false,"is_ascension_mode":true,"campfire_upgraded":5,"path_taken":["M","?","$","?","?","R","E","R","T","E","M","R","M","?","R","BOSS","M","?","?","M","M","R","E"],"build_version":"2018-02-22-PROD2","purchased_purges":1,"victory":false,"master_deck":["Strike_R","Defend_R","Defend_R","Defend_R","Defend_R","Bash+1","Parasite","Armaments+1","Panache+1","Dropkick","Double Tap+1","Infernal Blade+1","Flex+1","Bludgeon+1","Barricade+1","Intimidate+1","Brutality+1","Berserk+1","True Grit+1","Pummel+1"],"max_hp_per_floor":[80,80,80,80,80,80,80,80,94,94,94,94,94,94,94,94,94,94,94,94,94,94,94],"relics":["Burning Blood","NeowsBlessing","Toxic Egg 2","Self Forming Clay","Mango","Pen Nib","Astrolabe","Bag of Marbles"],"card_choices":[{"not_picked":["Twin Strike","Anger"],"picked":"Armaments"},{"not_picked":["Iron Wave","Warcry"],"picked":"Dropkick"},{"not_picked":["Sever Soul","Carnage"],"picked":"Double Tap"},{"not_picked":["Flame Barrier","Headbutt"],"picked":"Infernal Blade"},{"not_picked":["Armaments","Pummel"],"picked":"Flex"},{"not_picked":["Impervious","Exhume"],"picked":"Barricade"},{"not_picked":["Bloodletting","Feel No Pain"],"picked":"True Grit"},{"not_picked":["Sword Boomerang","Armaments"],"picked":"Pummel"}],"player_experience":276570,"potions_floor_usage":[10,16,21,24,24],"damage_taken":[{"damage":0,"enemies":"Jaw Worm","floor":1,"turns":1},{"damage":0,"enemies":"Cultist","floor":5,"turns":1},{"damage":0,"enemies":"3 Sentries","floor":7,"turns":2},{"damage":15,"enemies":"Gremlin Nob","floor":10,"turns":4},{"damage":0,"enemies":"2 Louse","floor":11,"turns":2},{"damage":0,"enemies":"Exordium Wildlife","floor":13,"turns":3},{"damage":31,"enemies":"The Guardian","floor":16,"turns":6},{"damage":5,"enemies":"Shell Parasite","floor":18,"turns":2},{"damage":19,"enemies":"3 Byrds","floor":21,"turns":6},{"damage":9,"enemies":"Snake Plant","floor":22,"turns":2},{"damage":77,"enemies":"Book of Stabbing","floor":24,"turns":7}],"event_choices":[{"event_name":"Golden Shrine","player_choice":"Desecrate","floor":2,"damage_taken":0},{"event_name":"Scrap Ooze","player_choice":"success","floor":4,"damage_taken":12},{"event_name":"Living Wall","player_choice":"Change","floor":14,"damage_taken":0},{"event_name":"The Joust","player_choice":"Bet on Murderer","floor":20,"damage_taken":0}],"boss_relics":[{"not_picked":["Black Star","Black Blood"],"picked":"Astrolabe"}],"potions_floor_spawned":[5,10,16,21,22],"seed_played":"6373184962147768083","killed_by":"Book of Stabbing","ascension_level":10,"is_trial":false}