{"path_per_floor":["M","M","M","M","?","E","R","$","T","M","E","M","$","M","R","B",null,"M","M","?","M","M","M","R"],"character_chosen":"IRONCLAD","items_purchased":["Finesse","Infernal Blade"],"gold_per_floor":[116,130,141,159,159,188,188,18,42,52,82,100,61,80,80,181,181,194,210,210,229,242,260,260],"floor_reached":25,"campfire_rested":0,"playtime":900,"current_hp_per_floor":[80,80,80,47,40,35,35,35,35,41,34,31,31,37,37,25,66,61,68,68,61,34,38,38],"items_purged":["Strike_R"],"gold":260,"score":274,"play_id":"d6aa29fa-06ea-4c1c-8423-bef4a905cb03","is_prod":false,"is_daily":false,"is_ascension_mode":true,"campfire_upgraded":3,"path_taken":["M","M","?","M","?","E","R","?","T","M","E","M","?","M","R","BOSS","M","?","?","M","M","M","R","M"],"build_version":"2018-02-15-PROD1","purchased_purges":1,"victory":false,"master_deck":["Strike_R","Defend_R","Defend_R","Defend_R","Bash","Bludgeon+1","Battle Trance","Metallicize","Headbutt","Pommel Strike","Finesse","Pommel Strike","Infernal Blade+1","Shrug It Off","Double Tap+1","Limit Break+1","Heavy Blade+1","Flame Barrier+1","Whirlwind","Wild Strike","Evolve+1"],"max_hp_per_floor":[80,80,80,80,80,80,80,80,80,80,80,80,80,80,80,80,80,80,80,80,80,80,80,80],"relics":["Burning Blood","Bird Faced Urn","Anchor","Lantern","Omamori","Astrolabe"],"card_choices":[{"not_picked":["Bloodletting","Havoc"],"picked":"Battle Trance"},{"not_picked":["Evolve","Body Slam"],"picked":"Metallicize"},{"not_picked":["Ghostly Armor","Combust"],"picked":"Headbutt"},{"not_picked":["Shrug It Off","Immolate"],"picked":"Pommel Strike"},{"not_picked":["Impervious","Body Slam"],"picked":"Pommel Strike"},{"not_picked":["Evolve","Carnage"],"picked":"Shrug It Off"},{"not_picked":["Berserk","Impervious"],"picked":"Double Tap"},{"not_picked":["Perfected Strike","Anger"],"picked":"Whirlwind"},{"not_picked":["Flame Barrier","Iron Wave"],"picked":"Evolve"}],"player_experience":248120,"potions_floor_usage":[6,11,16,21,23,23,23],"damage_taken":[{"damage":6,"enemies":"Cultist","floor":1,"turns":3},{"damage":0,"enemies":"Small Slimes","floor":2,"turns":2},{"damage":4,"enemies":"Jaw Worm","floor":3,"turns":3},{"damage":39,"enemies":"Exordium Thugs","floor":4,"turns":4},{"damage":13,"enemies":"Gremlin Nob","floor":6,"turns":3},{"damage":0,"enemies":"Blue Slaver","floor":10,"turns":1},{"damage":15,"enemies":"Lagavulin","floor":11,"turns":7},{"damage":11,"enemies":"Lots of Slimes","floor":12,"turns":6},{"damage":0,"enemies":"Large Slime","floor":14,"turns":3},{"damage":20,"enemies":"Slime Boss","floor":16,"turns":9},{"damage":15,"enemies":"Chosen","floor":18,"turns":3},{"damage":1,"enemies":"3 Byrds","floor":19,"turns":5},{"damage":13,"enemies":"Snecko","floor":21,"turns":3},{"damage":35,"enemies":"Snake Plant","floor":22,"turns":4},{"damage":21,"enemies":"Slaver and Parasite","floor":23,"turns":9},{"damage":43,"enemies":"3 Cultists","floor":25,"turns":4}],"event_choices":[{"event_name":"Scrap Ooze","player_choice":"success","floor":5,"damage_taken":7},{"event_name":"Transmorgrifier","player_choice":"Transform","floor":20,"damage_taken":0}],"boss_relics":[{"not_picked":["Orrery","Ectoplasm"],"picked":"Astrolabe"}],"potions_floor_spawned":[1,2,11,12,14,16,19,22],"seed_played":"1720020050079270619","killed_by":"3 Cultists","ascension_level":5,"is_trial":false}