{"path_per_floor":["M","M","?","M","$","R","M","R","T","M","M","?","M","M","R","B",null,"M","M","?","?","M","R","$","R","T","M","$","M","M","M","R","B",null,"M","?","M","M"],"character_chosen":"IRONCLAD","items_purchased":["Whirlwind","Inflame","Iron Wave"],"gold_per_floor":[111,122,122,145,39,39,60,60,60,51,67,97,120,134,134,259,259,259,259,259,229,229,229,154,154,154,154,0,0,0,0,0,0,0,0,0,0,0],"floor_reached":39,"campfire_rested":1,"playtime":1746,"current_hp_per_floor":[72,70,70,74,74,74,58,58,58,53,49,56,53,38,60,36,65,74,50,50,50,54,54,54,54,54,57,57,62,66,67,67,16,60,70,41,56,45],"items_purged":["Entrench","Strike_R"],"gold":0,"score":463,"play_id":"59f8a63d-9fa7-4d3a-ad7d-b40405dc157b","is_prod":false,"is_daily":false,"is_ascension_mode":true,"campfire_upgraded":5,"path_taken":["M","M","?","M","?","R","?","R","T","?","M","?","M","?","R","BOSS","M","M","?","?","M","R","?","R","T","?","$","M","M","M","R","BOSS","M","?","M","M","M"],"build_version":"2018-02-22-PROD2","purchased_purges":2,"victory":false,"master_deck":["Strike_R","Strike_R","Strike_R","Strike_R","Defend_R","Defend_R","Defend_R","Defend_R","Bash","Ghostly Armor","Whirlwind+1","Inflame+1","Shrug It Off","Carnage","Cleave","Disarm","Spot Weakness+1","Double Tap+1","Thunderclap","Shrug It Off","Inflame","Limit Break+1","Iron Wave","Metallicize+1","Battle Trance","Headbutt+1","Impervious","Disarm+1","Evolve+1","Pummel","Blood for Blood"],"max_hp_per_floor":[80,80,74,74,74,74,74,74,74,74,74,74,74,74,74,74,74,74,74,74,74,74,74,74,74,74,74,74,74,74,74,74,74,74,74,74,74,74],"relics":["Black Blood","Golden Idol","Magic Flower","Odd Mushroom","Ectoplasm","Mummified Hand","Gambling Chip","Torii"],"card_choices":[{"not_picked":["Combust","Havoc"],"picked":"Entrench"},{"not_picked":["Thunderclap","Twin Strike"],"picked":"Ghostly Armor"},{"not_picked":["Flex","Sword Boomerang"],"picked":"Shrug It Off"},{"not_picked":["Hemokinesis","True Grit"],"picked":"Carnage"},{"not_picked":["Hemokinesis","Barricade"],"picked":"Cleave"},{"not_picked":["Reckless Charge","Clothesline"],"picked":"Disarm"},{"not_picked":["Headbutt","Perfected Strike"],"picked":"Spot Weakness"},{"not_picked":["Bludgeon","Demon Form"],"picked":"Double Tap"},{"not_picked":["Warcry","Sword Boomerang"],"picked":"Thunderclap"},{"not_picked":["Havoc","Headbutt"],"picked":"Shrug It Off"},{"not_picked":["Clash","Twin Strike"],"picked":"Inflame"},{"not_picked":["Clothesline","Warcry"],"picked":"Limit Break"},{"not_picked":["Whirlwind","True Grit"],"picked":"Metallicize"},{"not_picked":["Shockwave","Iron Wave"],"picked":"Battle Trance"},{"not_picked":["Perfected Strike","Twin Strike"],"picked":"Headbutt"},{"not_picked":["Offering","Immolate"],"picked":"Impervious"},{"not_picked":["Clothesline","Shrug It Off"],"picked":"Disarm"},{"not_picked":["Headbutt","Power Through"],"picked":"Evolve"},{"not_picked":["Feel No Pain","Sever Soul"],"picked":"Pummel"},{"not_picked":["True Grit","Feed"],"picked":"Blood for Blood"}],"player_experience":279341,"potions_floor_usage":[4,14,16,18,22,29,29,33,33,36,37,37],"damage_taken":[{"damage":6,"enemies":"Cultist","floor":1,"turns":4},{"damage":8,"enemies":"Jaw Worm","floor":2,"turns":7},{"damage":2,"enemies":"Small Slimes","floor":4,"turns":4},{"damage":22,"enemies":"Exordium Wildlife","floor":7,"turns":6},{"damage":14,"enemies":"Exordium Thugs","floor":10,"turns":4},{"damage":13,"enemies":"Blue Slaver","floor":11,"turns":4},{"damage":2,"enemies":"The Mushroom Lair","floor":12,"turns":2},{"damage":12,"enemies":"3 Louse","floor":13,"turns":2},{"damage":24,"enemies":"Exordium Thugs","floor":14,"turns":6},{"damage":33,"enemies":"The Guardian","floor":16,"turns":15},{"damage":0,"enemies":"Chosen","floor":18,"turns":4},{"damage":33,"enemies":"Shell Parasite","floor":19,"turns":6},{"damage":20,"enemies":"Snake Plant","floor":22,"turns":4},{"damage":6,"enemies":"3 Cultists","floor":27,"turns":3},{"damage":4,"enemies":"Cultist and Chosen","floor":29,"turns":4},{"damage":5,"enemies":"Centurion and Healer","floor":30,"turns":4},{"damage":8,"enemies":"Snake Plant","floor":31,"turns":4},{"damage":60,"enemies":"Collector","floor":33,"turns":9},{"damage":5,"enemies":"3 Shapes","floor":35,"turns":6},{"damage":44,"enemies":"Mysterious Sphere","floor":36,"turns":4},{"damage":0,"enemies":"3 Darklings","floor":37,"turns":3},{"damage":26,"enemies":"4 Shapes","floor":38,"turns":15},{"damage":47,"enemies":"Sphere and 2 Shapes","floor":39,"turns":3}],"event_choices":[{"event_name":"Golden Idol","player_choice":"Lose Max HP","floor":3,"damage_taken":0},{"event_name":"Mushrooms","player_choice":"Fought Mushrooms","floor":12,"damage_taken":0},{"event_name":"The Mausoleum","player_choice":"Yes","floor":20,"damage_taken":0},{"event_name":"The Woman in Blue","player_choice":"Bought 2 Potions","floor":21,"damage_taken":0},{"event_name":"Mysterious Sphere","player_choice":"Fight","floor":36,"damage_taken":0}],"boss_relics":[{"not_picked":["Calling Bell","Orrery"],"picked":"Ectoplasm"},{"not_picked":["Eternal Feather","White Beast Statue"],"picked":"Black Blood"}],"potions_floor_spawned":[1,2,10,14,16,22,27,29,33,35,36,37],"seed_played":"-6036981851531361730","killed_by":"Sphere and 2 Shapes","ascension_level":8,"is_trial":false}