{"path_per_floor":["M","M","$","M","M","R","E","R","T","E","M","R","$","?","R","B",null,"M","$","?","?","M","E","R","M","T","R","M","R","$","M","R","B",null,"M","M","$","M","?","R","?","M","T","M","E","M","R","$","R","B"],"character_chosen":"IRONCLAD","items_purchased":["Shrug It Off"],"gold_per_floor":[119,134,9,29,47,47,76,76,99,134,148,148,48,48,48,153,153,172,47,47,47,58,86,86,102,102,102,120,120,120,139,139,242,242,257,271,121,136,136,136,0,18,43,61,86,105,105,105,105,105],"floor_reached":51,"campfire_rested":2,"playtime":2160,"current_hp_per_floor":[80,80,80,80,74,74,65,65,65,53,59,59,59,56,56,25,80,80,80,80,80,80,72,72,67,67,67,73,73,73,67,67,8,80,80,80,80,65,65,65,65,67,67,47,38,39,63,63,80,22],"items_purged":["Defend_R","Defend_R","Strike_R","Strike_R"],"gold":105,"score":557,"play_id":"1a2d8f7b-0013-4912-99f8-908cde64afeb","local_time":"20180302002928","is_prod":false,"is_daily":false,"is_ascension_mode":false,"campfire_upgraded":9,"timestamp":1519975768,"path_taken":["M","?","$","M","M","R","E","R","T","E","M","R","$","?","R","BOSS","M","$","?","?","?","E","R","M","T","R","M","R","$","M","R","BOSS","M","?","$","M","?","R","?","M","T","M","E","M","R","?","R","BOSS"],"build_version":"2018-03-01-PROD1","purchased_purges":4,"victory":true,"master_deck":["Strike_R+1","Strike_R+1","Defend_R","Defend_R+1","Bash+1","Burning Pact+1","Shrug It Off+1","Battle Trance+1","Shrug It Off+1","Rampage+1","Double Tap+1","Headbutt+1"],"max_hp_per_floor":[80,80,80,80,80,80,80,80,80,80,80,80,80,80,80,80,80,80,80,80,80,80,80,80,80,80,80,80,80,80,80,80,80,80,80,80,80,80,80,80,80,80,80,80,80,80,80,80,80,80],"relics":["Burning Blood","NeowsBlessing","Whetstone","Lantern","Dream Catcher","Molten Egg 2","Sozu","Matryoshka","Ancient Tea Set","Frozen Eye","Black Star","Red Mask","Omamori","Juzu Bracelet","Bronze Scales","Prayer Wheel"],"card_choices":[{"not_picked":["Sever Soul","Havoc"],"picked":"Burning Pact"},{"not_picked":["Evolve","Pommel Strike"],"picked":"Battle Trance"},{"not_picked":["Heavy Blade","Headbutt"],"picked":"Shrug It Off"},{"not_picked":["Clash","Headbutt"],"picked":"Inflame"},{"not_picked":["Seeing Red","Ghostly Armor"],"picked":"Rampage"},{"not_picked":["Offering","Exhume"],"picked":"Double Tap"}],"player_experience":480100,"potions_floor_usage":[7,10,23,50],"damage_taken":[{"damage":0,"enemies":"Cultist","floor":1,"turns":1},{"damage":0,"enemies":"Small Slimes","floor":2,"turns":1},{"damage":0,"enemies":"2 Louse","floor":4,"turns":1},{"damage":12,"enemies":"Looter","floor":5,"turns":3},{"damage":30,"enemies":"3 Sentries","floor":7,"turns":10},{"damage":18,"enemies":"Lagavulin","floor":10,"turns":6},{"damage":0,"enemies":"Large Slime","floor":11,"turns":4},{"damage":37,"enemies":"The Guardian","floor":16,"turns":10},{"damage":6,"enemies":"Spheric Guardian","floor":18,"turns":4},{"damage":0,"enemies":"Shell Parasite","floor":22,"turns":3},{"damage":14,"enemies":"Book of Stabbing","floor":23,"turns":3},{"damage":11,"enemies":"Snake Plant","floor":25,"turns":3},{"damage":0,"enemies":"Snecko","floor":28,"turns":2},{"damage":12,"enemies":"3 Cultists","floor":31,"turns":4},{"damage":65,"enemies":"Automaton","floor":33,"turns":7},{"damage":0,"enemies":"3 Darklings","floor":35,"turns":7},{"damage":6,"enemies":"3 Shapes","floor":36,"turns":4},{"damage":21,"enemies":"3 Darklings","floor":38,"turns":5},{"damage":4,"enemies":"4 Shapes","floor":42,"turns":5},{"damage":26,"enemies":"Maw","floor":44,"turns":6},{"damage":15,"enemies":"Giant Head","floor":45,"turns":6},{"damage":5,"enemies":"Sphere and 2 Shapes","floor":46,"turns":4},{"damage":64,"enemies":"Donu and Deca","floor":50,"turns":6}],"event_choices":[{"event_name":"Scrap Ooze","player_choice":"success","floor":14,"damage_taken":3},{"event_name":"The Library","player_choice":"Read","floor":20,"damage_taken":0},{"event_name":"Back to Basics","player_choice":"Elegance","floor":21,"damage_taken":0},{"event_name":"Tomb of Lord Red Mask","player_choice":"Paid","floor":41,"damage_taken":0}],"boss_relics":[{"not_picked":["Orrery","Question Card"],"picked":"Sozu"},{"not_picked":["Tiny House","Velvet Choker"],"picked":"Black Star"}],"potions_floor_spawned":[1,2,7,10,18,22,28,31,33,36,44,45,46],"seed_played":"7685174572029011744","ascension_level":0,"is_trial":false}