{"path_per_floor":["M","?","?","$","M","R","M","R","T","$","?","M","M","M","R","B",null,"M","$","?","$","M","R","T","M","T","R","M","R","M","M","R","B"],"character_chosen":"IRONCLAD","items_purchased":["Bloodletting","Feed","Inflame"],"gold_per_floor":[117,217,217,142,161,161,175,175,175,41,71,85,98,117,117,217,217,235,78,78,43,62,62,62,76,76,76,95,95,115,132,132,230],"floor_reached":34,"campfire_rested":1,"playtime":1183,"current_hp_per_floor":[79,79,79,79,78,78,78,78,78,78,71,71,46,32,32,11,80,71,71,71,71,58,58,58,60,60,60,54,54,45,39,66,52],"items_purged":["Strike_R","Defend_R"],"gold":260,"score":344,"play_id":"2d1f2163-6c36-4cba-9cef-95343752abae","is_prod":false,"is_daily":false,"is_ascension_mode":false,"campfire_upgraded":6,"path_taken":["M","?","?","$","?","R","M","R","T","$","?","M","?","M","R","BOSS","M","$","?","$","M","R","?","M","T","R","M","R","M","M","R","BOSS"],"build_version":"2018-02-22-PROD2","purchased_purges":2,"victory":false,"master_deck":["Bash+1","Flex+1","Seeing Red+1","Cleave","Heavy Blade","Pommel Strike","True Grit","Shrug It Off","Armaments+1","Metallicize+1","Body Slam+1","Flame Barrier","Feed","Inflame+1","Seeing Red","Sentinel","Demon Form"],"max_hp_per_floor":[80,80,80,80,80,80,80,80,80,80,80,80,80,80,80,80,80,80,80,80,80,84,84,84,87,87,87,90,90,93,93,93,97],"relics":["Velvet Choker","Odd Mushroom","Pandora\u0027s Box","Ice Cream","Pen Nib","Tiny House"],"card_choices":[{"not_picked":["Warcry","Blood for Blood"],"picked":"Flex"},{"not_picked":["Sentinel","Corruption"],"picked":"Seeing Red"},{"not_picked":["Body Slam","Flex"],"picked":"Cleave"},{"not_picked":["Warcry","Sword Boomerang"],"picked":"Heavy Blade"},{"not_picked":["Twin Strike","Anger"],"picked":"Flame Barrier"},{"not_picked":["Pommel Strike","Whirlwind"],"picked":"Seeing Red"},{"not_picked":["Warcry","Sever Soul"],"picked":"Sentinel"},{"not_picked":["Dark Embrace","Double Tap"],"picked":"Demon Form"}],"player_experience":449332,"potions_floor_usage":[11,16,16],"damage_taken":[{"damage":1,"enemies":"Jaw Worm","floor":1,"turns":3},{"damage":1,"enemies":"Cultist","floor":5,"turns":3},{"damage":0,"enemies":"2 Louse","floor":7,"turns":2},{"damage":7,"enemies":"The Mushroom Lair","floor":11,"turns":3},{"damage":0,"enemies":"Large Slime","floor":12,"turns":5},{"damage":25,"enemies":"Exordium Thugs","floor":13,"turns":4},{"damage":14,"enemies":"Blue Slaver","floor":14,"turns":3},{"damage":21,"enemies":"Slime Boss","floor":16,"turns":6},{"damage":9,"enemies":"Spheric Guardian","floor":18,"turns":4},{"damage":17,"enemies":"2 Thieves","floor":22,"turns":5},{"damage":1,"enemies":"Centurion and Healer","floor":25,"turns":7},{"damage":9,"enemies":"3 Cultists","floor":28,"turns":5},{"damage":12,"enemies":"Snake Plant","floor":30,"turns":4},{"damage":6,"enemies":"Sentry and Sphere","floor":31,"turns":3},{"damage":18,"enemies":"Champ","floor":33,"turns":9}],"event_choices":[{"event_name":"Wheel of Change","player_choice":"Gold","floor":2,"damage_taken":0},{"event_name":"Living Wall","player_choice":"Forget","floor":3,"damage_taken":0},{"event_name":"Mushrooms","player_choice":"Fought Mushrooms","floor":11,"damage_taken":0},{"event_name":"Back to Basics","player_choice":"Elegance","floor":20,"damage_taken":0}],"boss_relics":[{"not_picked":["Runic Cube","Black Star"],"picked":"Pandora\u0027s Box"},{"not_picked":["Eternal Feather","Runic Pyramid"],"picked":"Tiny House"}],"potions_floor_spawned":[5,7,12,16,25,30,33],"seed_played":"7219141993484217824","ascension_level":0,"is_trial":false}