{"path_per_floor":["M","M","?","M","M","E","R","$","T","R","M","E","M","E","R","B",null,"M","?","?","?","$"],"character_chosen":"IRONCLAD","items_purchased":["Barricade"],"gold_per_floor":[116,129,129,147,166,196,196,121,121,121,139,166,179,212,212,315,315,335,335,335,260,2],"floor_reached":23,"campfire_rested":0,"playtime":996,"current_hp_per_floor":[80,80,80,80,69,48,48,48,48,48,54,47,53,52,52,28,67,47,47,47,47,47],"items_purged":["Strike_R","Strike_R"],"gold":2,"score":261,"play_id":"f18cdd29-d21e-4d38-9347-1cb4f68782fa","is_prod":false,"is_daily":false,"is_ascension_mode":true,"campfire_upgraded":3,"path_taken":["M","M","?","M","?","E","R","?","T","R","M","E","M","E","R","BOSS","M","?","?","?","$","E"],"build_version":"2018-02-22-PROD2","purchased_purges":2,"victory":false,"master_deck":["Strike_R+1","Defend_R","Defend_R","Defend_R","Defend_R","Bash+1","Iron Wave+1","True Grit+1","Metallicize","Shrug It Off","Pommel Strike","Uppercut","Evolve","Dual Wield+1","Immolate","Pain","Clumsy","Barricade"],"max_hp_per_floor":[80,80,80,80,80,80,80,80,80,80,80,80,80,80,80,80,80,80,80,80,80,80],"relics":["Burning Blood","Pen Nib","Bottled Lightning","Bronze Scales","Whetstone","Calling Bell","Meat on the Bone","Dodecahedron","Prayer Wheel"],"card_choices":[{"not_picked":["Clash","Entrench"],"picked":"Iron Wave"},{"not_picked":["Shrug It Off","Fiend Fire"],"picked":"True Grit"},{"not_picked":["Entrench","Wild Strike"],"picked":"Metallicize"},{"not_picked":["Warcry","True Grit"],"picked":"Shrug It Off"},{"not_picked":["Shockwave","Havoc"],"picked":"Pommel Strike"},{"not_picked":["Cleave","Twin Strike"],"picked":"Uppercut"},{"not_picked":["Impervious","Thunderclap"],"picked":"Evolve"},{"not_picked":["Searing Blow","Flex"],"picked":"Dual Wield"},{"not_picked":["Demon Form","Dark Embrace"],"picked":"Immolate"}],"player_experience":250357,"potions_floor_usage":[6,12,16],"damage_taken":[{"damage":6,"enemies":"2 Louse","floor":1,"turns":3},{"damage":6,"enemies":"Small Slimes","floor":2,"turns":6},{"damage":6,"enemies":"Cultist","floor":4,"turns":3},{"damage":17,"enemies":"Red Slaver","floor":5,"turns":6},{"damage":27,"enemies":"Gremlin Nob","floor":6,"turns":5},{"damage":0,"enemies":"Blue Slaver","floor":11,"turns":6},{"damage":13,"enemies":"Lagavulin","floor":12,"turns":9},{"damage":0,"enemies":"Looter","floor":13,"turns":4},{"damage":7,"enemies":"3 Sentries","floor":14,"turns":9},{"damage":30,"enemies":"Slime Boss","floor":16,"turns":14},{"damage":26,"enemies":"Shell Parasite","floor":18,"turns":10},{"damage":66,"enemies":"Slavers","floor":23,"turns":3}],"event_choices":[{"event_name":"Shining Light","player_choice":"Ignored","floor":3,"damage_taken":0},{"event_name":"Vampires","player_choice":"Ignored","floor":19,"damage_taken":0},{"event_name":"Purifier","player_choice":"One Purge","floor":20,"damage_taken":0},{"event_name":"Beggar","player_choice":"Gave Gold","floor":21,"damage_taken":0}],"boss_relics":[{"not_picked":["Sozu","Runic Dome"],"picked":"Calling Bell"}],"potions_floor_spawned":[5,6,11,14],"seed_played":"2244881315468285088","killed_by":"Slavers","ascension_level":5,"is_trial":false}