{"path_per_floor":["M","?","?","M","M","R","E","?","T","$","?","R","M","M","R","B",null,"M","M","M","M"],"character_chosen":"IRONCLAD","items_purchased":[],"gold_per_floor":[15,15,15,31,43,43,72,72,95,20,20,20,41,59,59,184,184,168,187,202,218],"floor_reached":22,"campfire_rested":0,"playtime":871,"current_hp_per_floor":[75,75,59,64,68,68,53,53,53,53,53,53,58,64,64,49,68,56,39,31,19],"items_purged":["Strike_R"],"gold":218,"score":263,"play_id":"ef119a3a-b992-4bd5-b720-837bb1924c9b","is_prod":false,"is_daily":false,"is_ascension_mode":true,"campfire_upgraded":3,"path_taken":["M","?","?","M","M","R","E","?","T","$","?","R","M","M","R","BOSS","M","M","M","M","M"],"build_version":"2018-02-22-PROD2","purchased_purges":1,"victory":false,"master_deck":["Strike_R","Strike_R+1","Strike_R+1","Defend_R","Defend_R","Defend_R","Defend_R","Bash+1","Rampage+1","Headbutt","True Grit+1","Clothesline+1","Feed","Iron Wave","Disarm"],"max_hp_per_floor":[80,80,80,80,80,80,80,74,74,74,74,74,74,74,74,74,74,77,77,77,80],"relics":["Black Blood","Gambling Chip","Ice Cream","Golden Idol","Lantern"],"card_choices":[{"not_picked":["Sever Soul","True Grit"],"picked":"Rampage"},{"not_picked":["Iron Wave","Body Slam"],"picked":"Headbutt"},{"not_picked":["Warcry","Disarm"],"picked":"True Grit"},{"not_picked":["Body Slam","Wild Strike"],"picked":"Clothesline"},{"not_picked":["Limit Break","Fiend Fire"],"picked":"Feed"},{"not_picked":["Anger","Body Slam"],"picked":"Iron Wave"},{"not_picked":["Combust","Hemokinesis"],"picked":"Disarm"}],"player_experience":288989,"potions_floor_usage":[7,14,22],"damage_taken":[{"damage":3,"enemies":"Small Slimes","floor":1,"turns":4},{"damage":1,"enemies":"Cultist","floor":4,"turns":3},{"damage":2,"enemies":"Jaw Worm","floor":5,"turns":3},{"damage":21,"enemies":"Lagavulin","floor":7,"turns":6},{"damage":1,"enemies":"2 Fungi Beasts","floor":13,"turns":3},{"damage":0,"enemies":"3 Louse","floor":14,"turns":1},{"damage":21,"enemies":"The Guardian","floor":16,"turns":8},{"damage":25,"enemies":"2 Thieves","floor":18,"turns":4},{"damage":27,"enemies":"Shell Parasite","floor":19,"turns":7},{"damage":18,"enemies":"Snake Plant","floor":20,"turns":5},{"damage":25,"enemies":"Centurion and Healer","floor":21,"turns":8},{"damage":19,"enemies":"Snecko","floor":22,"turns":6}],"event_choices":[{"event_name":"Upgrade Shrine","player_choice":"Upgraded","floor":2,"damage_taken":0},{"event_name":"Shining Light","player_choice":"Entered Light","floor":3,"damage_taken":0},{"event_name":"Golden Idol","player_choice":"Lose Max HP","floor":8,"damage_taken":0},{"event_name":"Living Wall","player_choice":"Forget","floor":11,"damage_taken":0}],"boss_relics":[{"not_picked":["Snecko Eye","Lizard Tail"],"picked":"Black Blood"}],"potions_floor_spawned":[1,5,14,21],"seed_played":"5762666163299664740","killed_by":"Snecko","ascension_level":8,"is_trial":false}