{"path_per_floor":["M","?","M","M","M","E","M","M","T","M","R","?","$","M","R","B",null,"M","$","?","M","?","$","?","E","T","M","R","M","$","M","R"],"character_chosen":"IRONCLAD","items_purchased":["Inflame","Flex","Feed","Pommel Strike","Feed"],"gold_per_floor":[109,59,72,86,98,124,142,155,155,165,165,165,16,31,31,127,127,145,18,18,36,36,10,10,42,119,133,133,151,6,17,17],"floor_reached":33,"campfire_rested":3,"playtime":2855,"current_hp_per_floor":[78,78,80,73,58,42,44,46,46,47,47,40,40,48,72,53,80,54,54,54,55,55,55,55,29,29,8,32,22,22,12,36],"items_purged":["Strike_R"],"gold":17,"score":297,"play_id":"63a727ae-23b6-4311-85fd-c90abad59b09","is_prod":false,"is_daily":false,"is_ascension_mode":false,"campfire_upgraded":1,"path_taken":["M","?","?","M","M","E","M","M","T","M","R","?","?","M","R","BOSS","M","?","?","M","?","?","?","E","T","M","R","M","$","M","R","BOSS"],"build_version":"2018-02-15-PROD1","purchased_purges":1,"victory":false,"master_deck":["Strike_R","Strike_R","Strike_R","Strike_R","Defend_R","Defend_R","Bash","Twin Strike","Dual Wield","Clash","Perfected Strike","Whirlwind","Inflame+1","Inflame","Heavy Blade","Double Tap","Demon Form","Metallicize","Flex","Flex","Feed","Dual Wield+1","Flex","Pommel Strike","Writhe","Impervious","Flex","Uppercut+1","Feed","Inflame","Pommel Strike+1"],"max_hp_per_floor":[80,80,80,80,80,80,80,80,80,80,80,80,80,80,80,80,80,80,80,80,80,80,80,80,80,80,80,80,83,83,83,83],"relics":["Burning Blood","Blood Vial","Bronze Scales","Calipers","Orrery","Dream Catcher","Shuriken","Dodecahedron"],"card_choices":[{"not_picked":["Shockwave","Feel No Pain"],"picked":"Twin Strike"},{"not_picked":["Cleave","Reaper"],"picked":"Dual Wield"},{"not_picked":["Anger","Thunderclap"],"picked":"Clash"},{"not_picked":["Headbutt","Disarm"],"picked":"Perfected Strike"},{"not_picked":["Anger","Heavy Blade"],"picked":"Whirlwind"},{"not_picked":["Heavy Blade","Shrug It Off"],"picked":"Inflame"},{"not_picked":["Body Slam","Anger"],"picked":"Heavy Blade"},{"not_picked":["Juggernaut","Feed"],"picked":"Double Tap"},{"not_picked":["Rampage","Clothesline"],"picked":"Demon Form"},{"not_picked":["Bloodletting","Thunderclap"],"picked":"Metallicize"},{"not_picked":["Pommel Strike","Twin Strike"],"picked":"Flex"},{"not_picked":["Shrug It Off","Flame Barrier"],"picked":"Dual Wield"},{"not_picked":["Juggernaut","Shockwave"],"picked":"Impervious"},{"not_picked":["Body Slam","Metallicize"],"picked":"Flex"},{"not_picked":["Body Slam","True Grit"],"picked":"Uppercut"},{"not_picked":["Pommel Strike","Blood for Blood"],"picked":"Inflame"},{"not_picked":["Battle Trance","Clothesline"],"picked":"Pommel Strike"}],"player_experience":11379,"potions_floor_usage":[6,6,21,25,25],"damage_taken":[{"damage":8,"enemies":"Small Slimes","floor":1,"turns":3},{"damage":6,"enemies":"Cultist","floor":3,"turns":3},{"damage":13,"enemies":"Jaw Worm","floor":4,"turns":3},{"damage":23,"enemies":"3 Louse","floor":5,"turns":4},{"damage":24,"enemies":"Gremlin Nob","floor":6,"turns":4},{"damage":6,"enemies":"Exordium Wildlife","floor":7,"turns":2},{"damage":6,"enemies":"Lots of Slimes","floor":8,"turns":3},{"damage":7,"enemies":"Blue Slaver","floor":10,"turns":2},{"damage":0,"enemies":"3 Louse","floor":14,"turns":1},{"damage":27,"enemies":"The Guardian","floor":16,"turns":6},{"damage":32,"enemies":"3 Byrds","floor":18,"turns":3},{"damage":13,"enemies":"Chosen","floor":21,"turns":3},{"damage":46,"enemies":"Slavers","floor":25,"turns":5},{"damage":29,"enemies":"Sentry and Sphere","floor":27,"turns":5},{"damage":21,"enemies":"Chosen and Byrds","floor":29,"turns":5},{"damage":18,"enemies":"Snake Plant","floor":31,"turns":4},{"damage":47,"enemies":"Collector","floor":33,"turns":6}],"event_choices":[{"event_name":"The Cleric","player_choice":"Card Removal","floor":2,"damage_taken":0},{"event_name":"Golden Wing","player_choice":"Card Removal","floor":12,"damage_taken":0},{"event_name":"Addict","player_choice":"Ignored","floor":20,"damage_taken":0},{"event_name":"The Library","player_choice":"Read","floor":22,"damage_taken":0},{"event_name":"The Mausoleum","player_choice":"Yes","floor":24,"damage_taken":0}],"boss_relics":[{"not_picked":["Runic Cube","Eternal Feather"],"picked":"Orrery"}],"potions_floor_spawned":[1,4,6,8,14,16,18,21],"seed_played":"-4989656939278965396","killed_by":"Collector","ascension_level":0,"is_trial":false}