{"path_per_floor":["M","?","M","M","M","R","M","R","T","?","R","?","M","T","R","B",null,"M","M","?","M","M","R","$","R","T","$","M"],"character_chosen":"IRONCLAD","items_purchased":["Double Tap"],"gold_per_floor":[119,119,136,154,165,165,179,179,179,179,179,179,195,195,195,295,295,312,327,252,272,283,283,136,136,136,36,46],"floor_reached":29,"campfire_rested":1,"playtime":4098,"current_hp_per_floor":[77,77,74,67,51,51,48,48,48,48,48,68,53,53,53,26,80,78,47,47,20,13,13,13,37,37,37,8],"items_purged":["Strike_R","Parasite"],"gold":46,"score":242,"play_id":"be8d9bac-fc81-4c2b-bac1-2e0919664fb5","is_prod":false,"is_daily":false,"is_ascension_mode":false,"campfire_upgraded":5,"path_taken":["M","?","M","M","M","R","M","R","T","?","R","?","M","?","R","BOSS","M","M","?","M","M","R","$","R","T","$","M","M"],"build_version":"2018-02-22-PROD2","purchased_purges":2,"victory":false,"master_deck":["Strike_R","Strike_R","Strike_R","Defend_R","Defend_R","Defend_R","Defend_R","Bash","Inflame+1","True Grit+1","Heavy Blade+1","Flame Barrier+1","Shrug It Off","Battle Trance","Limit Break+1","Pommel Strike+1","Flame Barrier","Double Tap"],"max_hp_per_floor":[80,80,80,80,80,80,80,80,80,80,80,80,80,80,80,80,80,80,80,80,80,80,80,80,80,80,77,77],"relics":["Question Card"],"card_choices":[{"not_picked":["Cleave","Metallicize","Uppercut"],"picked":"Inflame"},{"not_picked":["Ghostly Armor","Pommel Strike","Thunderclap"],"picked":"True Grit"},{"not_picked":["Whirlwind","Blood for Blood","Rupture"],"picked":"Heavy Blade"},{"not_picked":["Heavy Blade","Warcry","Havoc"],"picked":"Flame Barrier"},{"not_picked":["Pommel Strike","Anger","Warcry"],"picked":"Shrug It Off"},{"not_picked":["Warcry","Body Slam","True Grit"],"picked":"Battle Trance"},{"not_picked":["Impervious","Reaper","Double Tap"],"picked":"Limit Break"},{"not_picked":["Clash","Sentinel","Ghostly Armor"],"picked":"Pommel Strike"},{"not_picked":["Flex","Twin Strike","Body Slam"],"picked":"Flame Barrier"}],"player_experience":460869,"potions_floor_usage":[22,28,29],"damage_taken":[{"damage":3,"enemies":"Small Slimes","floor":1,"turns":4},{"damage":3,"enemies":"Jaw Worm","floor":3,"turns":4},{"damage":7,"enemies":"2 Louse","floor":4,"turns":3},{"damage":16,"enemies":"Lots of Slimes","floor":5,"turns":5},{"damage":3,"enemies":"Looter","floor":7,"turns":4},{"damage":15,"enemies":"3 Louse","floor":13,"turns":3},{"damage":27,"enemies":"The Guardian","floor":16,"turns":18},{"damage":2,"enemies":"Chosen","floor":18,"turns":6},{"damage":31,"enemies":"3 Byrds","floor":19,"turns":5},{"damage":27,"enemies":"Snake Plant","floor":21,"turns":6},{"damage":7,"enemies":"Snecko","floor":22,"turns":6},{"damage":29,"enemies":"Sentry and Sphere","floor":28,"turns":7},{"damage":11,"enemies":"Chosen and Byrds","floor":29,"turns":3}],"event_choices":[{"event_name":"Liars Game","player_choice":"disagreed","floor":2,"damage_taken":0},{"event_name":"Dead Adventurer","player_choice":"Searched \u00270\u0027 times","floor":10,"damage_taken":0},{"event_name":"Mushrooms","player_choice":"Healed and dodged fight","floor":12,"damage_taken":0},{"event_name":"Beggar","player_choice":"Gave Gold","floor":20,"damage_taken":0}],"boss_relics":[{"not_picked":["Runic Dome","Lizard Tail","Sozu"]}],"potions_floor_spawned":[3,4,7,13,19,22],"seed_played":"-5426956814204995187","killed_by":"Chosen and Byrds","ascension_level":0,"is_trial":false}