{"path_per_floor":["M","?","?","$","?","R","M","T","T","$","$","R","M","M","R","B",null,"M","?","?","?","$","R","?","M","T","M","M","M","$","?","R","B",null,"M","?","M","$","M","R","M","R","T","?","?","T","R","M","R","B"],"character_chosen":"IRONCLAD","items_purchased":["Heavy Blade","Inflame","Entrench","Finesse"],"gold_per_floor":[119,194,194,20,195,195,210,210,210,210,38,38,52,71,71,166,166,184,184,184,109,16,16,16,30,30,45,59,74,74,74,74,176,176,187,187,204,79,94,94,104,104,104,104,104,104,104,119,119,119],"floor_reached":51,"campfire_rested":3,"playtime":2417,"current_hp_per_floor":[77,66,66,66,66,66,66,66,66,66,66,66,57,48,48,5,80,54,54,54,54,54,54,80,66,66,61,61,50,50,50,50,45,80,38,70,51,51,51,51,7,28,28,28,28,28,49,62,70,64],"items_purged":["Strike_R","Doubt","Defend_R"],"gold":119,"score":508,"play_id":"3e1a4c59-555b-41aa-9b2c-35236626817a","is_prod":false,"is_daily":false,"is_ascension_mode":false,"campfire_upgraded":6,"path_taken":["M","?","?","$","?","R","M","?","T","?","$","R","M","M","R","BOSS","M","?","?","?","$","R","?","M","T","M","M","?","?","?","R","BOSS","M","?","?","$","M","R","M","R","T","?","?","?","R","?","R","BOSS"],"build_version":"2018-02-22-PROD2","purchased_purges":3,"victory":true,"master_deck":["Strike_R","Defend_R","Defend_R","Defend_R","Bash+1","Heavy Blade+1","Inflame","Barricade+1","Entrench+1","Entrench+1","Inflame+1","Finesse+1","Shrug It Off+1","Battle Trance+1"],"max_hp_per_floor":[80,80,80,80,80,80,80,80,80,80,80,80,80,80,80,80,80,80,80,80,80,80,80,80,80,80,80,80,80,80,80,80,80,80,80,70,70,70,70,70,70,70,70,70,70,70,70,70,70,70],"relics":["Philosopher\u0027s Stone"],"card_choices":[{"not_picked":["Body Slam","Cleave"],"picked":"Barricade"},{"not_picked":["Twin Strike","Iron Wave"],"picked":"Entrench"},{"not_picked":["Rupture","Cleave"],"picked":"Inflame"},{"not_picked":["Wild Strike","Havoc"],"picked":"Shrug It Off"},{"not_picked":["Clothesline","Rupture"],"picked":"Battle Trance"}],"player_experience":472775,"potions_floor_usage":[48,50],"damage_taken":[{"damage":3.0,"enemies":"Jaw Worm","floor":1.0,"turns":3.0},{"damage":0.0,"enemies":"Cultist","floor":7.0,"turns":3.0},{"damage":9.0,"enemies":"2 Louse","floor":13.0,"turns":3.0},{"damage":9.0,"enemies":"2 Fungi Beasts","floor":14.0,"turns":5.0},{"damage":43.0,"enemies":"Slime Boss","floor":16.0,"turns":11.0},{"damage":26.0,"enemies":"2 Thieves","floor":18.0,"turns":3.0},{"damage":14.0,"enemies":"Spheric Guardian","floor":25.0,"turns":4.0},{"damage":5.0,"enemies":"Chosen and Byrds","floor":27.0,"turns":10.0},{"damage":0.0,"enemies":"Centurion and Healer","floor":28.0,"turns":11.0},{"damage":11.0,"enemies":"Cultist and Chosen","floor":29.0,"turns":10.0},{"damage":5.0,"enemies":"Automaton","floor":33.0,"turns":18.0},{"damage":42.0,"enemies":"3 Darklings","floor":35.0,"turns":20.0},{"damage":19.0,"enemies":"3 Shapes","floor":37.0,"turns":10.0},{"damage":0.0,"enemies":"3 Darklings","floor":39.0,"turns":11.0},{"damage":44,"enemies":"Sphere and 2 Shapes","floor":41,"turns":16},{"damage":2,"enemies":"4 Shapes","floor":48,"turns":10},{"damage":6,"enemies":"Time Eater","floor":50,"turns":19}],"event_choices":[{"event_name":"World of Goop","player_choice":"Gather Gold","floor":2.0,"damage_taken":0.0},{"event_name":"Scrap Ooze","player_choice":"unsuccessful","floor":3.0,"damage_taken":0.0},{"event_name":"Liars Game","player_choice":"agreed","floor":5.0,"damage_taken":0.0},{"event_name":"Drug Dealer","player_choice":"Ignored","floor":19.0,"damage_taken":0.0},{"event_name":"Back to Basics","player_choice":"Elegance","floor":20.0,"damage_taken":0.0},{"event_name":"Beggar","player_choice":"Gave Gold","floor":21.0,"damage_taken":0.0},{"event_name":"The Library","player_choice":"Heal","floor":24.0,"damage_taken":0.0},{"event_name":"Addict","player_choice":"Ignored","floor":31.0,"damage_taken":0.0},{"event_name":"The Moai Head","player_choice":"Heal","floor":36.0,"damage_taken":0.0},{"event_name":"Upgrade Shrine","player_choice":"Upgraded","floor":44,"damage_taken":0}],"boss_relics":[],"potions_floor_spawned":[13,14,25,28,41,48],"seed_played":"-3246490182190817747","ascension_level":0,"is_trial":false}