{"path_per_floor":["M","?","?","?","M","R","E","R","T","?","E","M","M","?","R","B",null,"M","?","$","M","$"],"character_chosen":"IRONCLAD","items_purchased":["Mummified Hand"],"gold_per_floor":[113,288,288,288,305,305,332,332,355,379,407,423,438,438,438,541,541,541,541,207,207,107],"floor_reached":23,"campfire_rested":0,"playtime":667,"current_hp_per_floor":[80,80,80,80,80,80,73,73,73,66,52,56,62,50,50,22,66,66,58,58,60,60],"items_purged":["Strike_R","Strike_R"],"gold":107,"score":245,"play_id":"fbe694d6-a836-4610-b615-ce634817e6b9","is_prod":false,"is_daily":false,"is_ascension_mode":true,"campfire_upgraded":3,"path_taken":["M","?","?","?","?","R","E","R","T","?","E","M","M","?","R","BOSS","M","?","$","?","$","E"],"build_version":"2018-02-15-PROD1","purchased_purges":2,"victory":false,"master_deck":["Strike_R","Strike_R","Strike_R","Defend_R","Defend_R","Defend_R","Defend_R","Bash","Clumsy","Armaments+1","Flex","Fiend Fire+1","Clash","Clash","Infernal Blade+1","Sentinel","Offering","Metallicize"],"max_hp_per_floor":[80,80,80,80,80,80,80,80,80,80,80,80,80,80,80,80,80,80,80,80,80,80],"relics":["Burning Blood","Red Skull","Spirit Poop","Peace Pipe","Pen Nib","Odd Mushroom","Lantern","Anchor","Ectoplasm","Mummified Hand"],"card_choices":[{"not_picked":["Reckless Charge","Corruption"],"picked":"Armaments"},{"not_picked":["Rage","Wild Strike"],"picked":"Flex"},{"not_picked":["Clash","Clothesline"],"picked":"Fiend Fire"},{"not_picked":["Wild Strike","Flex"],"picked":"Clash"},{"not_picked":["Perfected Strike","Headbutt"],"picked":"Clash"},{"not_picked":["Anger","Warcry"],"picked":"Infernal Blade"},{"not_picked":["Power Through","Perfected Strike"],"picked":"Sentinel"},{"not_picked":["Exhume","Demon Form"],"picked":"Offering"},{"not_picked":["Clash","Combust"],"picked":"Metallicize"}],"player_experience":242823,"potions_floor_usage":[7,10,10,16,16],"damage_taken":[{"damage":0,"enemies":"Small Slimes","floor":1,"turns":4},{"damage":4,"enemies":"2 Louse","floor":5,"turns":4},{"damage":13,"enemies":"Gremlin Nob","floor":7,"turns":3},{"damage":13,"enemies":"The Mushroom Lair","floor":10,"turns":5},{"damage":20,"enemies":"Lagavulin","floor":11,"turns":6},{"damage":2,"enemies":"Jaw Worm","floor":12,"turns":2},{"damage":0,"enemies":"Large Slime","floor":13,"turns":2},{"damage":34,"enemies":"Slime Boss","floor":16,"turns":10},{"damage":6,"enemies":"Spheric Guardian","floor":18,"turns":3},{"damage":4,"enemies":"Shell Parasite","floor":21,"turns":1},{"damage":65,"enemies":"Gremlin Leader","floor":23,"turns":5}],"event_choices":[{"event_name":"Liars Game","player_choice":"agreed","floor":2,"damage_taken":0},{"event_name":"Bonfire Elementals","player_choice":"CURSE","floor":3,"damage_taken":0},{"event_name":"The Lab","player_choice":"Got Potions","floor":4,"damage_taken":0},{"event_name":"Mushrooms","player_choice":"Fought Mushrooms","floor":10,"damage_taken":0},{"event_name":"Scrap Ooze","player_choice":"success","floor":14,"damage_taken":12},{"event_name":"Knowing Skull","player_choice":"","floor":19,"damage_taken":0}],"boss_relics":[{"not_picked":["Runic Cube","Question Card"],"picked":"Ectoplasm"}],"potions_floor_spawned":[1,7,11,18],"seed_played":"-6206826424813876729","killed_by":"Gremlin Leader","ascension_level":5,"is_trial":false}