{"path_per_floor":["M","?","T","?","M","R","E","R","T","E","M","$","M","$","R","B",null,"M","M","?","M","?","M","M","?","T","R"],"character_chosen":"IRONCLAD","items_purchased":[],"gold_per_floor":[109,109,155,155,175,175,207,207,207,239,250,175,188,88,88,192,192,203,221,221,234,234,246,256,256,283,283],"floor_reached":28,"campfire_rested":1,"playtime":709,"current_hp_per_floor":[76,60,60,60,68,68,48,48,48,32,40,40,32,32,56,34,80,65,63,48,35,35,21,20,20,20,20],"items_purged":["Strike_R","Strike_R"],"gold":283,"score":253,"play_id":"2b69f330-e505-4d11-b4ec-91501f5bea41","is_prod":false,"is_daily":false,"is_ascension_mode":false,"campfire_upgraded":3,"path_taken":["M","?","?","?","?","R","E","R","T","E","M","$","M","?","R","BOSS","M","M","?","M","?","M","M","?","T","R","M"],"build_version":"2018-02-22-PROD2","purchased_purges":2,"victory":false,"master_deck":["Strike_R","Strike_R","Defend_R+1","Defend_R","Defend_R+1","Bash+1","Demon Form+1","Cleave","Pommel Strike+1","Heavy Blade+1","Barricade+1","Flame Barrier","True Grit","Writhe"],"max_hp_per_floor":[80,80,80,80,80,80,80,80,80,80,80,80,80,80,80,80,80,80,80,85,85,85,85,85,85,85,85],"relics":["Burning Blood","Blood Vial","Prayer Wheel","Frozen Eye","Molten Egg 2","Cursed Key","Omamori"],"card_choices":[{"not_picked":["Headbutt","Blood for Blood"],"picked":"Demon Form"},{"not_picked":["Clothesline","Sentinel"],"picked":"Cleave"},{"not_picked":["Warcry","Sword Boomerang"],"picked":"Pommel Strike"},{"not_picked":["Cleave","Thunderclap"],"picked":"Heavy Blade"},{"not_picked":["Offering","Impervious"],"picked":"Barricade"},{"not_picked":["Uppercut","Second Wind"],"picked":"Flame Barrier"},{"not_picked":["Feel No Pain","Carnage"],"picked":"True Grit"}],"player_experience":418615,"potions_floor_usage":[19,28,28],"damage_taken":[{"damage":10,"enemies":"Small Slimes","floor":1,"turns":4},{"damage":0,"enemies":"2 Louse","floor":5,"turns":3},{"damage":28,"enemies":"Gremlin Nob","floor":7,"turns":5},{"damage":24,"enemies":"3 Sentries","floor":10,"turns":5},{"damage":0,"enemies":"Cultist","floor":11,"turns":3},{"damage":16,"enemies":"Exordium Wildlife","floor":13,"turns":3},{"damage":30,"enemies":"Hexaghost","floor":16,"turns":7},{"damage":21,"enemies":"Spheric Guardian","floor":18,"turns":4},{"damage":10,"enemies":"Chosen","floor":19,"turns":3},{"damage":21,"enemies":"Snake Plant","floor":21,"turns":4},{"damage":22,"enemies":"3 Cultists","floor":23,"turns":5},{"damage":9,"enemies":"Centurion and Healer","floor":24,"turns":5},{"damage":22,"enemies":"Sentry and Sphere","floor":28,"turns":3}],"event_choices":[{"event_name":"Shining Light","player_choice":"Entered Light","floor":2,"damage_taken":0},{"event_name":"Liars Game","player_choice":"disagreed","floor":4,"damage_taken":0},{"event_name":"Forgotten Altar","player_choice":"Shed Blood","floor":20,"damage_taken":0},{"event_name":"Back to Basics","player_choice":"Elegance","floor":22,"damage_taken":0},{"event_name":"Cursed Tome","player_choice":"Ignored","floor":25,"damage_taken":0}],"boss_relics":[{"not_picked":["Pandora\u0027s Box","Philosopher\u0027s Stone"],"picked":"Cursed Key"}],"potions_floor_spawned":[5,10,13,16,19,21,24],"seed_played":"8397547242423230028","killed_by":"Sentry and Sphere","ascension_level":0,"is_trial":false}