{"path_per_floor":["M","M","M","M","M","E","R","?","T","R","M","?","M","M","R","B",null,"M","M","$","M","M","$","R","M","T","M","?","M","?","$","R","B"],"character_chosen":"IRONCLAD","items_purchased":["Barricade","Bronze Scales","Feel No Pain"],"gold_per_floor":[212,223,240,255,270,300,300,375,398,398,410,410,427,447,447,550,550,561,571,496,507,524,127,127,147,171,184,184,197,197,35,35,131],"floor_reached":34,"campfire_rested":1,"playtime":1281,"current_hp_per_floor":[77,80,80,80,70,79,79,68,68,68,69,61,44,49,49,19,80,74,62,62,64,46,46,46,38,38,31,31,37,21,21,60,39],"items_purged":["Strike_R","Strike_R","Strike_R"],"gold":131,"score":310,"play_id":"691447d5-2b86-4849-8dc6-304602dbe3aa","is_prod":false,"is_daily":false,"is_ascension_mode":false,"campfire_upgraded":4,"path_taken":["M","M","M","M","M","E","R","?","T","R","M","?","M","M","R","BOSS","M","M","$","M","M","$","R","M","T","M","?","?","?","?","R","BOSS"],"build_version":"2018-02-22-PROD2","purchased_purges":3,"victory":false,"master_deck":["Defend_R","Defend_R","Defend_R","Bash","Cleave","Flame Barrier+1","Pommel Strike+1","Inflame+1","Shrug It Off","Shrug It Off+1","Body Slam+1","Barricade","True Grit+1","Body Slam+1","Feel No Pain","Reckless Charge+1","Twin Strike+1","Wild Strike+1"],"max_hp_per_floor":[80,80,80,80,80,80,80,80,80,80,80,80,80,80,80,80,80,80,80,80,80,80,80,80,80,80,80,80,80,80,80,80,80],"relics":["Burning Blood","Blood Vial","Regal Pillow","Velvet Choker","Bronze Scales","Vajra","Nilry\u0027s Codex","Astrolabe"],"card_choices":[{"not_picked":["Pummel","Blood for Blood"],"picked":"Cleave"},{"not_picked":["Inflame","Thunderclap"],"picked":"Flame Barrier"},{"not_picked":["Feel No Pain","Blood for Blood"],"picked":"Pommel Strike"},{"not_picked":["Anger","Pommel Strike"],"picked":"Inflame"},{"not_picked":["Thunderclap","Seeing Red"],"picked":"Shrug It Off"},{"not_picked":["Combust","Wild Strike"],"picked":"Shrug It Off"},{"not_picked":["Cleave","Flex"],"picked":"Body Slam"},{"not_picked":["Twin Strike","Intimidate"],"picked":"True Grit"},{"not_picked":["Anger","Clothesline"],"picked":"Body Slam"}],"player_experience":415974,"potions_floor_usage":[6,6,16,21,21,29],"damage_taken":[{"damage":9,"enemies":"Jaw Worm","floor":1,"turns":4},{"damage":2,"enemies":"Small Slimes","floor":2,"turns":3},{"damage":1,"enemies":"Cultist","floor":3,"turns":4},{"damage":0,"enemies":"3 Louse","floor":4,"turns":3},{"damage":16,"enemies":"Gremlin Gang","floor":5,"turns":4},{"damage":12,"enemies":"3 Sentries","floor":6,"turns":6},{"damage":7,"enemies":"Blue Slaver","floor":11,"turns":4},{"damage":25,"enemies":"Exordium Wildlife","floor":13,"turns":5},{"damage":3,"enemies":"Lots of Slimes","floor":14,"turns":4},{"damage":53,"enemies":"Slime Boss","floor":16,"turns":14},{"damage":12,"enemies":"Shell Parasite","floor":18,"turns":4},{"damage":20,"enemies":"Chosen","floor":19,"turns":4},{"damage":21,"enemies":"Slaver and Parasite","floor":21,"turns":8},{"damage":26,"enemies":"Cultist and Chosen","floor":22,"turns":6},{"damage":16,"enemies":"Snake Plant","floor":25,"turns":3},{"damage":15,"enemies":"Sentry and Sphere","floor":27,"turns":6},{"damage":8,"enemies":"Snecko","floor":29,"turns":4},{"damage":29,"enemies":"Collector","floor":33,"turns":9}],"event_choices":[{"event_name":"World of Goop","player_choice":"Gather Gold","floor":8,"damage_taken":0},{"event_name":"Wheel of Change","player_choice":"Damage","floor":12,"damage_taken":0},{"event_name":"The Lab","player_choice":"Got Potions","floor":28,"damage_taken":0},{"event_name":"Cursed Tome","player_choice":"Obtained Book","floor":30,"damage_taken":0}],"boss_relics":[{"not_picked":["Eternal Feather","Calling Bell"],"picked":"Velvet Choker"},{"not_picked":["White Beast Statue","Pandora\u0027s Box"],"picked":"Astrolabe"}],"potions_floor_spawned":[1,3,4,5,6,13,18,19,22,27],"seed_played":"-2780600623750589613","ascension_level":0,"is_trial":false}