{"path_per_floor":["M","?","M","?","M","R","E","$","T","E","M","R","M","M","R","B",null],"character_chosen":"IRONCLAD","items_purchased":["Limit Break"],"gold_per_floor":[114,114,126,126,137,137,170,33,33,65,84,84,95,109,109,214,214],"floor_reached":18,"campfire_rested":1,"playtime":621,"current_hp_per_floor":[80,80,80,80,71,71,60,60,60,30,28,28,36,24,48,29,67],"items_purged":[],"gold":227,"score":218,"play_id":"e8e367a2-9d71-462f-8af2-b61fa965ba09","is_prod":false,"is_daily":false,"is_ascension_mode":true,"campfire_upgraded":2,"path_taken":["M","?","?","?","?","R","E","$","T","E","M","R","M","M","R","BOSS","M"],"build_version":"2018-02-15-PROD1","purchased_purges":0,"victory":false,"master_deck":["Bash","Immolate","Cleave","Sentinel","Regret","True Grit+1","Infernal Blade+1","Limit Break","Pommel Strike","Disarm","Cleave","Anger","Heavy Blade","Heavy Blade","Searing Blow","Searing Blow","Intimidate","Evolve","Rage","Pommel Strike+1"],"max_hp_per_floor":[80,80,80,80,80,80,80,80,80,80,80,80,80,80,80,80,80],"relics":["Burning Blood","Bronze Scales","Bottled Lightning","Ice Cream","Blood Vial","Pandora\u0027s Box"],"card_choices":[{"not_picked":["Thunderclap","Spot Weakness"],"picked":"Cleave"},{"not_picked":["Rampage","Carnage"],"picked":"Sentinel"},{"not_picked":["Heavy Blade","Searing Blow"],"picked":"True Grit"},{"not_picked":["Heavy Blade","Spot Weakness"],"picked":"Infernal Blade"},{"not_picked":["Combust","Impervious"],"picked":"Pommel Strike"},{"not_picked":["Wild Strike","Headbutt"],"picked":"Disarm"},{"not_picked":["Twin Strike","Ghostly Armor"],"picked":"Cleave"},{"not_picked":["Pummel","Twin Strike"],"picked":"Pommel Strike"}],"player_experience":246839,"potions_floor_usage":[7,11,16,18],"damage_taken":[{"damage":4,"enemies":"2 Louse","floor":1,"turns":3},{"damage":1,"enemies":"Cultist","floor":3,"turns":4},{"damage":15,"enemies":"Small Slimes","floor":5,"turns":3},{"damage":17,"enemies":"Gremlin Nob","floor":7,"turns":4},{"damage":36,"enemies":"Lagavulin","floor":10,"turns":7},{"damage":10,"enemies":"2 Fungi Beasts","floor":11,"turns":3},{"damage":0,"enemies":"3 Louse","floor":13,"turns":3},{"damage":20,"enemies":"Gremlin Gang","floor":14,"turns":4},{"damage":27,"enemies":"Slime Boss","floor":16,"turns":10},{"damage":30,"enemies":"Chosen","floor":18,"turns":7}],"event_choices":[{"event_name":"The Woman in Blue","player_choice":"Bought 0 Potions","floor":2,"damage_taken":0},{"event_name":"Big Fish","player_choice":"Box","floor":4,"damage_taken":0}],"boss_relics":[{"not_picked":["Question Card","Sozu"],"picked":"Pandora\u0027s Box"}],"potions_floor_spawned":[5,10,13,14,16],"seed_played":"-5510513877152655219","killed_by":"Chosen","ascension_level":5,"is_trial":false}