{"path_per_floor":["M","?","$","M","$","E","R","E","T","R","M","R","M","E","R","B",null,"M","?","?","M","?","E","R","E","T","?","?","M","$","M","R"],"character_chosen":"IRONCLAD","items_purchased":["Dexterity Potion","Ancient Tea Set"],"gold_per_floor":[118,118,43,63,15,51,51,86,86,86,107,107,98,131,131,252,252,267,267,267,290,290,325,325,365,365,365,280,305,60,85,85],"floor_reached":33,"campfire_rested":0,"playtime":1104,"current_hp_per_floor":[78,58,58,64,64,70,70,32,39,39,63,63,61,63,63,48,77,62,62,62,57,57,55,55,30,30,36,36,39,39,57,57],"items_purged":["Strike_R","Havoc"],"gold":85,"score":515,"play_id":"d32aa146-be47-4335-b69f-17e638a2fe10","is_prod":false,"is_daily":false,"is_ascension_mode":true,"campfire_upgraded":6,"path_taken":["M","?","$","M","?","E","R","E","T","R","M","R","M","E","R","BOSS","M","?","?","M","?","E","R","E","T","?","?","M","?","M","R","BOSS"],"build_version":"2018-02-22-PROD2","purchased_purges":2,"victory":false,"master_deck":["Bash","Parasite","Ghostly Armor","True Grit+1","Limit Break","Heavy Blade+1","Pommel Strike+1","Uppercut+1","Limit Break","Cleave","Sword Boomerang","Rampage","Headbutt","Heavy Blade","Hemokinesis","Dropkick","Spot Weakness","Seeing Red+1","Writhe","Bite","Bite","Bite","Bite","Bite","Dropkick","Armaments+1","Normality"],"max_hp_per_floor":[80,80,80,80,80,80,80,80,87,87,87,87,87,87,87,87,87,87,87,87,87,60,60,60,60,60,66,66,68,68,70,70],"relics":["Burning Blood","NeowsBlessing","Golden Idol","Magic Flower","Meat on the Bone","Strawberry","Red Skull","Pandora\u0027s Box","Ice Cream","Darkstone Periapt","Singing Bowl","Juzu Bracelet","Torii","Oddly Smooth Stone","Ancient Tea Set"],"card_choices":[{"not_picked":["Rupture","Havoc"],"picked":"Ghostly Armor"},{"not_picked":["Cleave","Warcry"],"picked":"True Grit"},{"not_picked":["Hemokinesis","Armaments"],"picked":"Limit Break"},{"not_picked":["Body Slam","Anger"],"picked":"Heavy Blade"},{"not_picked":["Sever Soul","Rampage"],"picked":"Pommel Strike"},{"not_picked":["Corruption","Immolate"],"picked":"Uppercut"},{"not_picked":["Barricade","Juggernaut"],"picked":"Limit Break"},{"not_picked":["Shrug It Off","Hemokinesis"],"picked":"Spot Weakness"},{"not_picked":["Shockwave","Cleave"],"picked":"Dropkick"},{"not_picked":["Clash","Thunderclap"],"picked":"Armaments"}],"player_experience":277227,"potions_floor_usage":[8,8,14,16,25,33],"damage_taken":[{"damage":0,"enemies":"Jaw Worm","floor":1,"turns":1},{"damage":0,"enemies":"Small Slimes","floor":4,"turns":1},{"damage":0,"enemies":"3 Sentries","floor":6,"turns":2},{"damage":67,"enemies":"Lagavulin","floor":8,"turns":14},{"damage":3,"enemies":"2 Louse","floor":11,"turns":4},{"damage":11,"enemies":"Exordium Thugs","floor":13,"turns":4},{"damage":25,"enemies":"Gremlin Nob","floor":14,"turns":4},{"damage":42,"enemies":"Hexaghost","floor":16,"turns":9},{"damage":24,"enemies":"Spheric Guardian","floor":18,"turns":4},{"damage":32,"enemies":"3 Byrds","floor":21,"turns":6},{"damage":44,"enemies":"Gremlin Leader","floor":23,"turns":5},{"damage":67,"enemies":"Slavers","floor":25,"turns":5},{"damage":42,"enemies":"3 Cultists","floor":29,"turns":6},{"damage":23,"enemies":"Sentry and Sphere","floor":31,"turns":5},{"damage":67,"enemies":"Automaton","floor":33,"turns":6}],"event_choices":[{"event_name":"Golden Idol","player_choice":"Take Damage","floor":2,"damage_taken":0},{"event_name":"The Library","player_choice":"Read","floor":19,"damage_taken":0},{"event_name":"The Mausoleum","player_choice":"Yes","floor":20,"damage_taken":0},{"event_name":"Vampires","player_choice":"Became a vampire","floor":22,"damage_taken":0},{"event_name":"Accursed Blacksmith","player_choice":"Rummage","floor":27,"damage_taken":0},{"event_name":"Addict","player_choice":"Obtained Relic","floor":28,"damage_taken":0}],"boss_relics":[{"not_picked":["Eternal Feather","Runic Cube"],"picked":"Pandora\u0027s Box"}],"potions_floor_spawned":[1,8,11,23,25,31],"seed_played":"-1303687961098358411","killed_by":"Automaton","ascension_level":10,"is_trial":false}