{"path_per_floor":["M","M","?","M","?","R","E","R","T","R","M","E","$","M","R","B",null,"M","?","M","M","$","R","M","R","T","R","M","$","M"],"character_chosen":"IRONCLAD","items_purchased":["Offering"],"gold_per_floor":[118,138,138,157,157,157,187,187,187,187,199,233,77,90,90,194,194,209,209,221,233,133,133,147,147,147,147,162,37,48],"floor_reached":31,"campfire_rested":2,"playtime":1290,"current_hp_per_floor":[69,75,68,73,78,78,57,57,57,82,85,73,73,74,74,30,71,77,61,62,38,38,71,52,60,60,68,31,31,30],"items_purged":["Writhe","Strike_R","Strike_R"],"gold":48,"score":346,"play_id":"d397ebe1-fcce-4b32-aec3-e3a7a30e76e4","is_prod":false,"is_daily":false,"is_ascension_mode":true,"campfire_upgraded":5,"path_taken":["M","M","?","M","?","R","E","R","T","R","M","E","$","M","R","BOSS","M","?","M","M","$","R","M","R","T","R","M","$","M","E"],"build_version":"2018-02-22-PROD2","purchased_purges":3,"victory":false,"master_deck":["Strike_R","Strike_R","Defend_R","Defend_R","Defend_R","Defend_R","Bash","Juggernaut","True Grit+1","Flame Barrier","Pommel Strike+1","Shockwave","Headbutt","Rampage+1","Offering","Uppercut+1","Feed","Flame Barrier+1","Shrug It Off","Shrug It Off+1","True Grit+1","Intimidate+1"],"max_hp_per_floor":[80,80,80,80,85,85,85,85,85,85,85,85,85,85,85,85,85,85,85,85,85,85,85,85,85,85,85,85,85,85],"relics":["Burning Blood","Bag of Marbles","Ice Cream","Dead Branch","Eternal Feather","Nilry\u0027s Codex","Frozen Eye"],"card_choices":[{"not_picked":["Offering","Brutality"],"picked":"Juggernaut"},{"not_picked":["Perfected Strike","Havoc"],"picked":"True Grit"},{"not_picked":["Dark Embrace","Cleave"],"picked":"Flame Barrier"},{"not_picked":["Flex","Clothesline"],"picked":"Pommel Strike"},{"not_picked":["Anger","Pommel Strike"],"picked":"Shockwave"},{"not_picked":["Anger","Flex"],"picked":"Headbutt"},{"not_picked":["Fire Breathing","Anger"],"picked":"Rampage"},{"not_picked":["Pommel Strike","Rage"],"picked":"Uppercut"},{"not_picked":["Immolate","Dark Embrace"],"picked":"Feed"},{"not_picked":["Blood for Blood","Shrug It Off"],"picked":"Flame Barrier"},{"not_picked":["Seeing Red","Warcry"],"picked":"Shrug It Off"},{"not_picked":["Dropkick","Spot Weakness"],"picked":"Shrug It Off"},{"not_picked":["Shrug It Off","Heavy Blade"],"picked":"True Grit"},{"not_picked":["Wild Strike","Twin Strike"],"picked":"Intimidate"}],"player_experience":283692,"potions_floor_usage":[16,16,24,24,31],"damage_taken":[{"damage":9,"enemies":"Jaw Worm","floor":1,"turns":5},{"damage":0,"enemies":"Small Slimes","floor":2,"turns":5},{"damage":1,"enemies":"Cultist","floor":4,"turns":5},{"damage":27,"enemies":"Gremlin Nob","floor":7,"turns":5},{"damage":2,"enemies":"2 Fungi Beasts","floor":11,"turns":5},{"damage":18,"enemies":"3 Sentries","floor":12,"turns":10},{"damage":5,"enemies":"Looter","floor":14,"turns":2},{"damage":50,"enemies":"Slime Boss","floor":16,"turns":9},{"damage":0,"enemies":"Chosen","floor":18,"turns":5},{"damage":5,"enemies":"3 Byrds","floor":20,"turns":3},{"damage":30,"enemies":"Snake Plant","floor":21,"turns":4},{"damage":25,"enemies":"Sentry and Sphere","floor":24,"turns":8},{"damage":43,"enemies":"Centurion and Healer","floor":28,"turns":13},{"damage":7,"enemies":"Snake Plant","floor":30,"turns":4},{"damage":31,"enemies":"Gremlin Leader","floor":31,"turns":5}],"event_choices":[{"event_name":"Golden Wing","player_choice":"Card Removal","floor":3,"damage_taken":0},{"event_name":"Big Fish","player_choice":"Donut","floor":5,"damage_taken":0},{"event_name":"Cursed Tome","player_choice":"Obtained Book","floor":19,"damage_taken":0}],"boss_relics":[{"not_picked":["Runic Dome","Runic Pyramid"],"picked":"Eternal Feather"}],"potions_floor_spawned":[7,11,14,18,20,21,28,30],"seed_played":"1150807453483637083","killed_by":"Gremlin Leader","ascension_level":8,"is_trial":false}