{"path_per_floor":["M","?","?","?","M","R","M","R","T","M","M","M","M","M","R","B",null,"M","$","M","M","$"],"character_chosen":"IRONCLAD","items_purchased":["Evolve"],"gold_per_floor":[118,118,118,118,128,128,146,146,146,159,172,182,198,217,217,322,322,335,185,198,209,109],"floor_reached":23,"campfire_rested":0,"playtime":1061,"current_hp_per_floor":[74,74,79,79,78,78,76,76,76,69,62,60,51,42,42,9,85,68,68,57,25,25],"items_purged":["Strike_R","Strike_R"],"gold":109,"score":187,"play_id":"e9e5bd6f-85e3-4e2a-bb18-15bd664ef98c","is_prod":false,"is_daily":false,"is_ascension_mode":false,"campfire_upgraded":3,"path_taken":["M","?","?","?","M","R","M","R","T","?","M","M","M","M","R","BOSS","M","$","M","M","$","?"],"build_version":"2018-02-22-PROD2","purchased_purges":2,"victory":false,"master_deck":["Strike_R","Strike_R","Strike_R","Defend_R","Defend_R","Defend_R","Defend_R","Bash+1","Cleave+1","Pommel Strike","Warcry","True Grit+1","Metallicize","Whirlwind","Evolve","Shrug It Off","Barricade"],"max_hp_per_floor":[80,80,85,85,85,85,85,85,85,85,85,85,85,85,85,85,85,85,85,85,85,85],"relics":["Runic Cube"],"card_choices":[{"not_picked":["Pommel Strike","Hemokinesis"],"picked":"Cleave"},{"not_picked":["Thunderclap","Heavy Blade"],"picked":"Pommel Strike"},{"not_picked":["Twin Strike","Pommel Strike"],"picked":"Warcry"},{"not_picked":["Headbutt","Wild Strike"],"picked":"True Grit"},{"not_picked":["Combust","Burning Pact"],"picked":"Metallicize"},{"not_picked":["Cleave","Reckless Charge"],"picked":"Whirlwind"},{"not_picked":["Intimidate","Dual Wield"],"picked":"Shrug It Off"},{"not_picked":["Shrug It Off","Hemokinesis"],"picked":"Barricade"}],"player_experience":450515,"potions_floor_usage":[11,16,20,23],"damage_taken":[{"damage":6,"enemies":"Jaw Worm","floor":1,"turns":4},{"damage":1,"enemies":"Cultist","floor":5,"turns":3},{"damage":2,"enemies":"2 Louse","floor":7,"turns":3},{"damage":7,"enemies":"Large Slime","floor":10,"turns":5},{"damage":13,"enemies":"Looter","floor":11,"turns":3},{"damage":2,"enemies":"3 Louse","floor":12,"turns":3},{"damage":9,"enemies":"Blue Slaver","floor":13,"turns":4},{"damage":9,"enemies":"Red Slaver","floor":14,"turns":4},{"damage":33,"enemies":"The Guardian","floor":16,"turns":16},{"damage":17,"enemies":"Chosen","floor":18,"turns":7},{"damage":11,"enemies":"3 Byrds","floor":20,"turns":4},{"damage":32,"enemies":"Centurion and Healer","floor":21,"turns":10},{"damage":25,"enemies":"Snecko","floor":23,"turns":9}],"event_choices":[{"event_name":"The Lab","player_choice":"Got Potions","floor":2,"damage_taken":0},{"event_name":"Big Fish","player_choice":"Donut","floor":3,"damage_taken":0},{"event_name":"Golden Idol","player_choice":"Ignored","floor":4,"damage_taken":0}],"boss_relics":[{"not_picked":["Eternal Feather","Velvet Choker","Sozu"]}],"potions_floor_spawned":[5,11,12,13,16,18],"seed_played":"8420324749908968828","killed_by":"Snecko","ascension_level":0,"is_trial":false}