{"path_per_floor":["M","$","?","M","M","R","M","M","T","R","M","M","?","M","R","B",null,"M","?","M","M","M","R","?","M","T","M","R","M","T"],"character_chosen":"IRONCLAD","items_purchased":[],"gold_per_floor":[111,36,36,54,70,70,83,107,107,107,127,143,143,164,164,295,295,320,320,311,324,338,338,388,412,438,458,458,473,473],"floor_reached":31,"campfire_rested":3,"playtime":1177,"current_hp_per_floor":[76,76,76,78,78,78,58,62,62,62,57,53,53,43,67,49,73,52,52,36,44,14,38,38,20,20,13,52,42,42],"items_purged":["Strike_R"],"gold":473,"score":329,"play_id":"5525ad81-495c-490d-8df5-cd026309d8c2","is_prod":false,"is_daily":false,"is_ascension_mode":true,"campfire_upgraded":2,"path_taken":["M","?","?","M","M","R","M","M","T","R","?","M","?","M","R","BOSS","M","?","M","M","M","R","?","M","T","M","R","M","?","M"],"build_version":"2018-02-22-PROD2","purchased_purges":1,"victory":false,"master_deck":["Strike_R+1","Strike_R+1","Strike_R+1","Defend_R+1","Defend_R+1","Defend_R+1","Defend_R+1","Bash","Demon Form+1","Ghostly Armor","Body Slam","Heavy Blade+1","Pommel Strike","Sentinel","Searing Blow","Berserk","Double Tap","Iron Wave+1","Shrug It Off","Sword Boomerang","Cleave"],"max_hp_per_floor":[88,88,81,81,81,81,81,81,81,81,81,81,81,81,81,81,81,81,81,81,81,81,81,81,81,81,81,81,81,81],"relics":["Black Blood","Golden Idol","Sundial","Regal Pillow","Lantern"],"card_choices":[{"not_picked":["Flame Barrier","Corruption"],"picked":"Demon Form"},{"not_picked":["Heavy Blade","Clash"],"picked":"Ghostly Armor"},{"not_picked":["Wild Strike","Sever Soul"],"picked":"Body Slam"},{"not_picked":["Pommel Strike","Bloodletting"],"picked":"Heavy Blade"},{"not_picked":["Wild Strike","Rampage"],"picked":"Pommel Strike"},{"not_picked":["Clothesline","Armaments"],"picked":"Sentinel"},{"not_picked":["Pummel","Perfected Strike"],"picked":"Berserk"},{"not_picked":["Barricade","Dark Embrace"],"picked":"Double Tap"},{"not_picked":["Clash","Armaments"],"picked":"Iron Wave"},{"not_picked":["Power Through","Wild Strike"],"picked":"Shrug It Off"},{"not_picked":["Berserk","Hemokinesis"],"picked":"Sword Boomerang"},{"not_picked":["Thunderclap","Heavy Blade"],"picked":"Cleave"}],"player_experience":284982,"potions_floor_usage":[5,14,16,18,18,27,29,29],"damage_taken":[{"damage":10,"enemies":"Cultist","floor":1,"turns":5},{"damage":4,"enemies":"2 Louse","floor":4,"turns":4},{"damage":6,"enemies":"Small Slimes","floor":5,"turns":4},{"damage":26,"enemies":"2 Fungi Beasts","floor":7,"turns":8},{"damage":2,"enemies":"3 Louse","floor":8,"turns":7},{"damage":11,"enemies":"Blue Slaver","floor":11,"turns":5},{"damage":10,"enemies":"Large Slime","floor":12,"turns":5},{"damage":16,"enemies":"Lots of Slimes","floor":14,"turns":5},{"damage":24,"enemies":"The Guardian","floor":16,"turns":9},{"damage":31,"enemies":"3 Byrds","floor":18,"turns":7},{"damage":26,"enemies":"2 Thieves","floor":20,"turns":4},{"damage":2,"enemies":"Snecko","floor":21,"turns":4},{"damage":40,"enemies":"Slaver and Parasite","floor":22,"turns":10},{"damage":28,"enemies":"Snake Plant","floor":25,"turns":5},{"damage":17,"enemies":"Centurion and Healer","floor":27,"turns":5},{"damage":20,"enemies":"3 Cultists","floor":29,"turns":5},{"damage":42,"enemies":"Sentry and Sphere","floor":31,"turns":5}],"event_choices":[{"event_name":"Golden Idol","player_choice":"Lose Max HP","floor":3,"damage_taken":0},{"event_name":"Living Wall","player_choice":"Change","floor":13,"damage_taken":0},{"event_name":"Back to Basics","player_choice":"Simplicity","floor":19,"damage_taken":0},{"event_name":"The Joust","player_choice":"Bet on Murderer","floor":24,"damage_taken":0}],"boss_relics":[{"not_picked":["Orrery","Calling Bell"],"picked":"Black Blood"}],"potions_floor_spawned":[1,7,8,12,16,18,22,25,27],"seed_played":"4603035611006220028","killed_by":"Sentry and Sphere","ascension_level":8,"is_trial":false}