{"path_per_floor":["M","?","M","M","M","R","M","E","T","?","M","M","$","M","R","B",null,"M","$","?","M","M","R","E","$","T","R","?","?","R","M","R"],"character_chosen":"IRONCLAD","items_purchased":["Rampage","Metallicize","True Grit","Flame Barrier","Dexterity Potion"],"gold_per_floor":[109,79,93,103,123,123,137,166,166,166,181,195,5,18,18,121,121,140,12,12,25,44,44,79,39,39,39,39,39,39,51,51],"floor_reached":33,"campfire_rested":2,"playtime":1054,"current_hp_per_floor":[73,73,78,70,66,66,72,56,70,94,94,82,82,80,80,57,85,90,90,90,79,44,44,29,29,29,57,57,57,57,50,78],"items_purged":["Strike_R"],"gold":51,"score":390,"play_id":"6e9ddd75-2e8e-4ce3-9a19-f31679a0d004","is_prod":false,"is_daily":false,"is_ascension_mode":true,"campfire_upgraded":4,"path_taken":["M","?","M","M","M","R","M","E","T","?","M","?","$","M","R","BOSS","M","$","?","M","M","R","E","?","T","R","?","?","R","?","R","BOSS"],"build_version":"2018-02-22-PROD2","purchased_purges":2,"victory":false,"master_deck":["Strike_R","Strike_R","Strike_R","Strike_R","Defend_R","Defend_R","Defend_R","Defend_R","Bash","Whirlwind+1","Shrug It Off","Inflame","Twin Strike+1","Clothesline+1","Rampage+1","Metallicize+1","Headbutt+1","Demon Form","Uppercut+1","True Grit+1","Flame Barrier+1","Decay","Burning Pact+1","Offering"],"max_hp_per_floor":[80,80,80,80,80,80,80,80,94,94,94,94,94,94,94,94,94,94,94,94,94,94,94,94,94,94,94,94,94,94,94,94],"relics":["Burning Blood","Ancient Tea Set","Molten Egg 2","Mango","Mark of Pain","The Courier","Bag of Marbles"],"card_choices":[{"not_picked":["Seeing Red","Sword Boomerang"],"picked":"Whirlwind"},{"not_picked":["Twin Strike","Bludgeon"],"picked":"Shrug It Off"},{"not_picked":["True Grit","Thunderclap"],"picked":"Inflame"},{"not_picked":["Warcry","Dropkick"],"picked":"Twin Strike"},{"not_picked":["Second Wind","True Grit"],"picked":"Clothesline"},{"not_picked":["Feel No Pain","Thunderclap"],"picked":"Headbutt"},{"not_picked":["Feed","Barricade"],"picked":"Demon Form"},{"not_picked":["Headbutt","Flex"],"picked":"Uppercut"},{"not_picked":["Cleave","Ghostly Armor"],"picked":"Burning Pact"},{"not_picked":["Warcry","Burning Pact"],"picked":"Offering"}],"player_experience":299696,"potions_floor_usage":[3,4,16,16,24,24,33],"damage_taken":[{"damage":5,"enemies":"Small Slimes","floor":1,"turns":3},{"damage":1,"enemies":"Cultist","floor":3,"turns":4},{"damage":14,"enemies":"Jaw Worm","floor":4,"turns":5},{"damage":10,"enemies":"2 Fungi Beasts","floor":5,"turns":3},{"damage":0,"enemies":"3 Louse","floor":7,"turns":1},{"damage":22,"enemies":"3 Sentries","floor":8,"turns":4},{"damage":6,"enemies":"Exordium Thugs","floor":11,"turns":3},{"damage":18,"enemies":"Blue Slaver","floor":12,"turns":3},{"damage":8,"enemies":"Looter","floor":14,"turns":3},{"damage":29,"enemies":"The Guardian","floor":16,"turns":9},{"damage":1,"enemies":"3 Byrds","floor":18,"turns":4},{"damage":17,"enemies":"Shell Parasite","floor":21,"turns":6},{"damage":41,"enemies":"Snecko","floor":22,"turns":6},{"damage":36,"enemies":"Slavers","floor":24,"turns":6},{"damage":13,"enemies":"Centurion and Healer","floor":31,"turns":4},{"damage":107,"enemies":"Automaton","floor":33,"turns":12}],"event_choices":[{"event_name":"The Woman in Blue","player_choice":"Bought 2 Potions","floor":2,"damage_taken":0},{"event_name":"Big Fish","player_choice":"Banana","floor":10,"damage_taken":0},{"event_name":"Forgotten Altar","player_choice":"Smashed Altar","floor":20,"damage_taken":0},{"event_name":"Addict","player_choice":"Ignored","floor":28,"damage_taken":0},{"event_name":"Drug Dealer","player_choice":"Ignored","floor":29,"damage_taken":0}],"boss_relics":[{"not_picked":["Ectoplasm","Black Star"],"picked":"Mark of Pain"}],"potions_floor_spawned":[1,7,8,12,14,18],"seed_played":"-3039394329061174412","killed_by":"Automaton","ascension_level":9,"is_trial":false}