{"path_per_floor":["M","M","?","$","?","M","R","M","T","T","E","R","E","M","R","B",null,"M","$","?","?","M","R"],"character_chosen":"IRONCLAD","items_purchased":["Finesse","Anchor","Dual Wield"],"gold_per_floor":[111,122,122,18,18,33,33,46,99,99,131,131,156,167,167,264,264,275,45,145,145,159,159],"floor_reached":24,"campfire_rested":1,"playtime":788,"current_hp_per_floor":[67,70,70,70,70,64,64,56,56,56,30,30,11,16,40,26,67,51,51,51,35,35,35],"items_purged":[],"gold":159,"score":316,"play_id":"86ffc862-fe54-453c-86d6-1fb9b6c86ab9","local_time":"20180302231001","is_prod":false,"is_daily":false,"is_ascension_mode":true,"campfire_upgraded":1,"timestamp":1520028601,"path_taken":["M","?","?","$","?","M","R","M","T","?","E","R","E","M","R","BOSS","M","$","?","?","M","R","E"],"build_version":"2018-03-01-PROD1","purchased_purges":1,"victory":false,"master_deck":["Strike_R","Strike_R","Defend_R","Defend_R","Defend_R","Defend_R","Bash","Parasite","Shrug It Off","Armaments+1","Finesse","Sword Boomerang","True Grit","Immolate","Inflame","Limit Break","Power Through+1","Metallicize+1","Fiend Fire+1","Dual Wield","Necronomicurse"],"max_hp_per_floor":[80,80,80,80,80,80,80,80,80,80,80,80,80,80,80,80,80,80,80,80,80,80,80],"relics":["Burning Blood","Vajra","Girya","Art of War","Pen Nib","Astrolabe","Anchor","Necronomicon"],"card_choices":[{"not_picked":["Rampage","Barricade"],"picked":"Shrug It Off"},{"not_picked":["Combust","Reckless Charge"],"picked":"Armaments"},{"not_picked":["Anger","Corruption"],"picked":"Sword Boomerang"},{"not_picked":["Warcry","Clothesline"],"picked":"True Grit"},{"not_picked":["Bloodletting","Blood for Blood"],"picked":"Immolate"},{"not_picked":["Shrug It Off","Ghostly Armor"],"picked":"Inflame"},{"not_picked":["Immolate","Juggernaut"],"picked":"Limit Break"}],"player_experience":287280,"potions_floor_usage":[11,13,16,16],"damage_taken":[{"damage":11,"enemies":"Cultist","floor":1,"turns":4},{"damage":3,"enemies":"2 Louse","floor":2,"turns":4},{"damage":12,"enemies":"Small Slimes","floor":6,"turns":5},{"damage":14,"enemies":"Blue Slaver","floor":8,"turns":4},{"damage":32,"enemies":"Lagavulin","floor":11,"turns":6},{"damage":25,"enemies":"Gremlin Nob","floor":13,"turns":4},{"damage":1,"enemies":"2 Fungi Beasts","floor":14,"turns":2},{"damage":20,"enemies":"The Guardian","floor":16,"turns":11},{"damage":22,"enemies":"Spheric Guardian","floor":18,"turns":9},{"damage":6,"enemies":"Shell Parasite","floor":22,"turns":6},{"damage":36,"enemies":"Slavers","floor":24,"turns":4}],"event_choices":[{"event_name":"Shining Light","player_choice":"Ignored","floor":3,"damage_taken":0},{"event_name":"The Cleric","player_choice":"Leave","floor":5,"damage_taken":0},{"event_name":"Golden Shrine","player_choice":"Pray","floor":20,"damage_taken":0},{"event_name":"Cursed Tome","player_choice":"Obtained Book","floor":21,"damage_taken":0}],"boss_relics":[{"not_picked":["Question Card","Snecko Eye"],"picked":"Astrolabe"}],"potions_floor_spawned":[2,6,13,14],"seed_played":"5960424334928067820","killed_by":"Slavers","ascension_level":11,"is_trial":false}