{"path_per_floor":["M","M","?","?","M","R","E","R","T","E","R","?","M","M","R","B",null,"M","$","?","?","M","E","R","?","T","M","E","R","M","M","R"],"character_chosen":"IRONCLAD","items_purchased":["Anchor","Mummified Hand"],"gold_per_floor":[14,26,26,26,42,42,76,76,146,181,181,211,222,241,241,343,343,353,53,53,53,65,93,93,93,93,104,137,137,156,173,173],"floor_reached":33,"campfire_rested":4,"playtime":1295,"current_hp_per_floor":[96,92,67,60,53,53,28,56,56,38,66,50,46,46,74,20,96,77,77,77,77,84,51,51,51,51,62,42,70,66,78,78],"items_purged":["Strike_R"],"gold":173,"score":320,"play_id":"33d5b5f8-0b1b-4381-a2dc-49952e51e584","local_time":"20180308192335","is_prod":false,"is_daily":false,"is_ascension_mode":false,"campfire_upgraded":3,"timestamp":1520555015,"path_taken":["M","M","?","?","?","R","E","R","T","E","R","?","M","M","R","BOSS","M","$","?","?","M","E","R","?","T","M","E","R","M","M","R","BOSS"],"build_version":"2018-03-01-PROD1","purchased_purges":1,"victory":false,"master_deck":["Strike_R","Strike_R","Strike_R","Defend_R","Defend_R","Defend_R","Defend_R","Bash+1","Twin Strike","Pommel Strike","Inflame","Pommel Strike","Armaments+1","Clothesline","Bludgeon","Shrug It Off+1","Pommel Strike+1","Blood for Blood+1","Battle Trance"],"max_hp_per_floor":[96,96,96,96,96,96,96,96,96,96,96,96,96,96,96,96,96,96,96,96,96,96,96,96,96,96,96,96,96,96,96,96],"relics":["Black Blood","Blue Candle","The Courier","Ornamental Fan","Ancient Tea Set","Odd Mushroom","Anchor","Mummified Hand","Gremlin Horn","Matryoshka","Bottled Flame","Blood Vial","Omamori"],"card_choices":[{"not_picked":["Ghostly Armor","Anger"],"picked":"Twin Strike"},{"not_picked":["Evolve","Twin Strike"],"picked":"Pommel Strike"},{"not_picked":["Feel No Pain","Bloodletting"],"picked":"Inflame"},{"not_picked":["Cleave","Power Through"],"picked":"Pommel Strike"},{"not_picked":["Clash","Warcry"],"picked":"Armaments"},{"not_picked":["Hemokinesis","Disarm"],"picked":"Clothesline"},{"not_picked":["Berserk","Reaper"],"picked":"Bludgeon"},{"not_picked":["Entrench","Twin Strike"],"picked":"Shrug It Off"},{"not_picked":["Feed","Anger"],"picked":"Pommel Strike"},{"not_picked":["Perfected Strike","Flex"],"picked":"Blood for Blood"},{"not_picked":["Warcry","Reckless Charge"],"picked":"Battle Trance"}],"player_experience":125042,"potions_floor_usage":[16,18,23,23,28,31,33],"damage_taken":[{"damage":0,"enemies":"2 Louse","floor":1,"turns":3},{"damage":10,"enemies":"Small Slimes","floor":2,"turns":5},{"damage":13,"enemies":"Jaw Worm","floor":5,"turns":3},{"damage":31,"enemies":"Lagavulin","floor":7,"turns":7},{"damage":24,"enemies":"Gremlin Nob","floor":10,"turns":4},{"damage":22,"enemies":"The Mushroom Lair","floor":12,"turns":3},{"damage":10,"enemies":"Large Slime","floor":13,"turns":5},{"damage":6,"enemies":"2 Fungi Beasts","floor":14,"turns":3},{"damage":60,"enemies":"The Guardian","floor":16,"turns":9},{"damage":29,"enemies":"Shell Parasite","floor":18,"turns":5},{"damage":3,"enemies":"2 Thieves","floor":22,"turns":4},{"damage":43,"enemies":"Book of Stabbing","floor":23,"turns":6},{"damage":1,"enemies":"Snake Plant","floor":27,"turns":2},{"damage":32,"enemies":"Gremlin Leader","floor":28,"turns":5},{"damage":16,"enemies":"Chosen and Byrds","floor":30,"turns":6},{"damage":0,"enemies":"Centurion and Healer","floor":31,"turns":6},{"damage":91,"enemies":"Collector","floor":33,"turns":7}],"event_choices":[{"event_name":"Scrap Ooze","player_choice":"success","floor":3,"damage_taken":25},{"event_name":"Golden Wing","player_choice":"Card Removal","floor":4,"damage_taken":0},{"event_name":"Mushrooms","player_choice":"Fought Mushrooms","floor":12,"damage_taken":0},{"event_name":"The Mausoleum","player_choice":"Yes","floor":20,"damage_taken":0},{"event_name":"Beggar","player_choice":"Ignored","floor":21,"damage_taken":0},{"event_name":"Drug Dealer","player_choice":"Ignored","floor":25,"damage_taken":0}],"boss_relics":[{"not_picked":["Orrery","Eternal Feather"],"picked":"Black Blood"}],"potions_floor_spawned":[2,12,14,16,22,30,31],"seed_played":"22882171700914780","killed_by":"Collector","ascension_level":0,"is_trial":false}