{"path_per_floor":["M","?","M","M","?","R","E","R","T","E","M","?","R","M","R","B",null,"M","?","?","T","M","R","M","R","T","?","$","R","M","?","R","B",null,"M","?","?","$","?","R","M","R","T","R","E","?","R","M","R","B"],"character_chosen":"IRONCLAD","items_purchased":["Shrug It Off","Limit Break"],"gold_per_floor":[13,13,26,39,39,39,65,65,65,95,108,131,131,148,148,246,246,258,258,258,258,270,270,289,289,316,316,47,47,60,60,60,159,159,174,174,174,74,74,74,87,87,110,110,140,140,140,152,152,152],"floor_reached":51,"campfire_rested":1,"playtime":1860,"current_hp_per_floor":[80,62,66,68,52,52,53,53,53,58,63,64,64,72,72,77,80,80,80,80,80,54,54,59,59,59,43,43,43,40,40,40,80,80,65,65,55,55,55,55,60,60,67,67,65,65,65,66,87,38],"items_purged":["Strike_R","Infernal Blade"],"gold":152,"score":835,"play_id":"cdaed375-f44c-4e56-9e3c-40a367c25a09","local_time":"20180309185000","is_prod":false,"is_daily":false,"is_ascension_mode":true,"campfire_upgraded":12,"timestamp":1520646600,"path_taken":["M","?","M","M","?","R","E","R","T","E","M","?","R","M","R","BOSS","M","?","?","?","M","R","M","R","T","?","$","R","M","?","R","BOSS","M","?","?","$","?","R","M","R","T","R","E","?","R","M","R","BOSS"],"build_version":"2018-03-09","purchased_purges":2,"victory":true,"master_deck":["Strike_R+1","Defend_R+1","Defend_R","Bash+1","Offering","Carnage+1","Shrug It Off+1","Body Slam+1","Dropkick+1","Seeing Red+1","Burning Pact","Barricade+1","Flex","Armaments+1","Entrench+1","Offering","Armaments+1","Body Slam+1","Metallicize+1","Necronomicurse","Shrug It Off+1","Limit Break+1","Impervious","Iron Wave+1","Infernal Blade+1","Madness","Madness+1","Entrench+1"],"max_hp_per_floor":[80,80,80,80,80,80,80,80,80,80,80,80,80,80,80,80,80,80,80,80,80,80,80,80,80,80,80,80,80,80,80,80,80,80,80,80,80,80,80,80,80,80,87,87,87,87,87,87,87,87],"relics":["Burning Blood","Anchor","Prayer Wheel","Magic Flower","Juzu Bracelet","Odd Mushroom","Philosopher\u0027s Stone","Ancient Tea Set","Whetstone","Necronomicon","Astrolabe","Strawberry","Ice Cream"],"card_choices":[{"not_picked":["Pummel","True Grit"],"picked":"Shrug It Off"},{"not_picked":["True Grit","Perfected Strike"],"picked":"Body Slam"},{"not_picked":["Disarm","Armaments"],"picked":"Dropkick"},{"not_picked":["Sword Boomerang","Inflame"],"picked":"Seeing Red"},{"not_picked":["Ghostly Armor","Body Slam"],"picked":"Burning Pact"},{"not_picked":["Shockwave","True Grit"],"picked":"Barricade"},{"not_picked":["Clothesline","Whirlwind"],"picked":"Flex"},{"not_picked":["Warcry","Sentinel"],"picked":"Armaments"},{"not_picked":["Clash","Heavy Blade"],"picked":"Entrench"},{"not_picked":["Brutality","Reaper"],"picked":"Offering"},{"not_picked":["True Grit","Rupture"],"picked":"Body Slam"},{"not_picked":["Rage","Inflame"],"picked":"Metallicize"},{"not_picked":["Berserk","Juggernaut"],"picked":"Impervious"}],"player_experience":499270,"potions_floor_usage":[12,22,33,33,50,50],"damage_taken":[{"damage":0,"enemies":"2 Louse","floor":1,"turns":2},{"damage":2,"enemies":"Jaw Worm","floor":3,"turns":2},{"damage":4,"enemies":"Cultist","floor":4,"turns":2},{"damage":5,"enemies":"3 Sentries","floor":7,"turns":6},{"damage":4,"enemies":"Gremlin Nob","floor":10,"turns":2},{"damage":4,"enemies":"Exordium Wildlife","floor":11,"turns":3},{"damage":8,"enemies":"The Mushroom Lair","floor":12,"turns":4},{"damage":1,"enemies":"Looter","floor":14,"turns":2},{"damage":4,"enemies":"Slime Boss","floor":16,"turns":8},{"damage":8,"enemies":"Chosen","floor":18,"turns":2},{"damage":35,"enemies":"3 Byrds","floor":22,"turns":4},{"damage":4,"enemies":"Cultist and Chosen","floor":24,"turns":7},{"damage":12,"enemies":"Snake Plant","floor":30,"turns":2},{"damage":12,"enemies":"Champ","floor":33,"turns":12},{"damage":24,"enemies":"3 Shapes","floor":35,"turns":5},{"damage":4,"enemies":"3 Darklings","floor":41,"turns":7},{"damage":11,"enemies":"Giant Head","floor":45,"turns":6},{"damage":8,"enemies":"Maw","floor":48,"turns":4},{"damage":58,"enemies":"Time Eater","floor":50,"turns":10}],"event_choices":[{"event_name":"Scrap Ooze","player_choice":"success","floor":2,"damage_taken":18},{"event_name":"Shining Light","player_choice":"Entered Light","floor":5,"damage_taken":0},{"event_name":"Mushrooms","player_choice":"Fought Mushrooms","floor":12,"damage_taken":0},{"event_name":"Vampires","player_choice":"Ignored","floor":19,"damage_taken":0},{"event_name":"The Library","player_choice":"Read","floor":20,"damage_taken":0},{"event_name":"Cursed Tome","player_choice":"Obtained Book","floor":27,"damage_taken":0},{"event_name":"Beggar","player_choice":"Ignored","floor":31,"damage_taken":0},{"event_name":"Tomb of Lord Red Mask","player_choice":"Ignored","floor":36,"damage_taken":0},{"event_name":"Winding Halls","player_choice":"Embrace Madness","floor":37,"damage_taken":0},{"event_name":"Mysterious Sphere","player_choice":"Ignore","floor":39,"damage_taken":0},{"event_name":"Duplicator","player_choice":"One dupe","floor":46,"damage_taken":0}],"boss_relics":[{"not_picked":["Runic Cube","Runic Dome"],"picked":"Philosopher\u0027s Stone"},{"not_picked":["Orrery","Eternal Feather"],"picked":"Astrolabe"}],"potions_floor_spawned":[4,7,10,14,24,30,48],"seed_played":"-1525563540342324336","ascension_level":4,"is_trial":false}