{"path_per_floor":["M","M","$","?","M","R","E","R","T","R","M","$","M","M","R","B",null,"M","$","M","M"],"character_chosen":"IRONCLAD","items_purchased":[],"gold_per_floor":[111,121,46,46,62,62,95,95,95,95,115,15,27,37,37,137,137,151,26,43,58],"floor_reached":22,"campfire_rested":1,"playtime":923,"current_hp_per_floor":[73,78,78,78,80,80,48,72,72,72,62,62,64,54,54,17,80,45,45,38,19],"items_purged":["Strike_R","Defend_R","Infernal Blade"],"gold":58,"score":188,"play_id":"6c95d317-522c-4e05-8a29-ec38b9b1ad27","local_time":"20180306215458","is_prod":false,"is_daily":false,"is_ascension_mode":false,"campfire_upgraded":2,"timestamp":1520391298,"path_taken":["M","M","$","?","M","R","E","R","T","R","M","$","M","M","R","BOSS","M","$","M","?","?"],"build_version":"2018-03-01-PROD1","purchased_purges":4,"victory":false,"master_deck":["Strike_R","Strike_R","Strike_R","Strike_R","Defend_R","Defend_R","Defend_R","Bash+1","Pommel Strike+1","Dropkick","Double Tap","Iron Wave","Shrug It Off+1"],"max_hp_per_floor":[80,80,80,80,80,80,80,80,80,80,80,80,80,80,80,80,80,80,80,80,80],"relics":["Burning Blood","Lantern","Pantograph","Frozen Egg 2","Peace Pipe","Black Star"],"card_choices":[{"not_picked":["Havoc","Sword Boomerang"],"picked":"Pommel Strike"},{"not_picked":["Cleave","Corruption"],"picked":"Dropkick"},{"not_picked":["Barricade","Offering"],"picked":"Double Tap"},{"not_picked":["Rupture","Rampage"],"picked":"Infernal Blade"},{"not_picked":["Hemokinesis","Blood for Blood"],"picked":"Iron Wave"},{"not_picked":["Seeing Red","Corruption"],"picked":"Shrug It Off"}],"player_experience":120599,"potions_floor_usage":[16,16,16,18],"damage_taken":[{"damage":13,"enemies":"2 Louse","floor":1,"turns":3},{"damage":1,"enemies":"Cultist","floor":2,"turns":3},{"damage":4,"enemies":"Jaw Worm","floor":5,"turns":4},{"damage":38,"enemies":"3 Sentries","floor":7,"turns":10},{"damage":16,"enemies":"Blue Slaver","floor":11,"turns":5},{"damage":4,"enemies":"Exordium Wildlife","floor":13,"turns":3},{"damage":16,"enemies":"Large Slime","floor":14,"turns":2},{"damage":68,"enemies":"Hexaghost","floor":16,"turns":9},{"damage":41,"enemies":"2 Thieves","floor":18,"turns":4},{"damage":13,"enemies":"Chosen","floor":20,"turns":4},{"damage":25,"enemies":"Centurion and Healer","floor":21,"turns":9},{"damage":24,"enemies":"Snake Plant","floor":22,"turns":4}],"event_choices":[{"event_name":"Accursed Blacksmith","player_choice":"Rummage","floor":4,"damage_taken":0}],"boss_relics":[{"not_picked":["Lizard Tail","Cursed Key"],"picked":"Black Star"}],"potions_floor_spawned":[11,13,14,16,18],"seed_played":"4333778256904486694","killed_by":"Snake Plant","ascension_level":0,"is_trial":false}