{"path_per_floor":["M","$","?","$","M","R","E","R","T","R","M","M","R","?","R","B",null,"M","M","?","M","M","R","E","M","T","E","R","T","R","M","R","B",null,"M","M","?","?","T","R","M","R","T","M","R","E","R","M","R"],"character_chosen":"IRONCLAD","items_purchased":["Whirlwind","Shockwave"],"gold_per_floor":[362,253,253,84,102,102,165,165,190,190,205,215,215,215,215,314,314,334,350,350,360,371,371,397,413,459,488,488,537,537,555,555,654,654,668,688,688,688,688,688,698,698,698,711,711,739,739,753,753],"floor_reached":50,"campfire_rested":10,"playtime":2125,"current_hp_per_floor":[73,73,73,73,77,77,52,52,59,59,65,47,72,60,84,28,70,71,66,50,38,36,61,40,26,32,7,34,40,68,67,95,18,77,69,65,65,95,101,101,42,75,81,10,45,16,51,14,49],"items_purged":["Injury","Strike_R"],"gold":753,"score":862,"play_id":"59036ebd-848f-4d4f-8d9e-8d78dde2d44c","local_time":"20180307174018","is_prod":false,"is_daily":false,"is_ascension_mode":true,"campfire_upgraded":4,"timestamp":1520466018,"path_taken":["M","$","?","$","M","R","E","R","T","R","M","M","R","?","R","BOSS","M","M","?","?","M","R","E","M","T","E","R","?","R","?","R","BOSS","M","M","?","?","?","R","M","R","T","M","R","E","R","M","R","BOSS"],"build_version":"2018-03-01-PROD1","purchased_purges":2,"victory":false,"master_deck":["Strike_R","Strike_R","Strike_R","Strike_R","Defend_R","Defend_R","Defend_R","Defend_R","Bash+1","Whirlwind+1","Shockwave+1","Headbutt","Dropkick","Offering","Iron Wave","Dropkick","Dual Wield+1","Pommel Strike+1","Parasite","Iron Wave","Pain","Demon Form+1","True Grit+1","Writhe","Clumsy","True Grit+1","Regret","Metallicize+1","Shrug It Off+1","Limit Break"],"max_hp_per_floor":[80,80,77,77,77,77,77,77,84,84,84,84,84,84,84,84,84,84,84,84,84,84,84,84,84,90,90,90,96,96,96,96,96,96,96,96,96,102,108,108,111,111,117,117,117,117,117,117,117],"relics":["Burning Blood","Spirit Poop","Tiny Chest","Strawberry","Darkstone Periapt","Cursed Key","Nilry\u0027s Codex","Ornamental Fan","Bag of Preparation","Orichalcum","Lantern","Question Card","Ginger","Juzu Bracelet","Toolbox"],"card_choices":[{"not_picked":["Rage","Blood for Blood"],"picked":"Headbutt"},{"not_picked":["Flex","True Grit"],"picked":"Dropkick"},{"not_picked":["Juggernaut","Exhume"],"picked":"Offering"},{"not_picked":["Whirlwind","Ghostly Armor"],"picked":"Iron Wave"},{"not_picked":["Cleave","Entrench"],"picked":"Dropkick"},{"not_picked":["Hemokinesis","True Grit"],"picked":"Dual Wield"},{"not_picked":["Flex","Immolate"],"picked":"Pommel Strike"},{"not_picked":["Infernal Blade","Offering"],"picked":"Iron Wave"},{"not_picked":["Feed","Immolate"],"picked":"Demon Form"},{"not_picked":["Cleave","Shockwave","Burning Pact"],"picked":"True Grit"},{"not_picked":["Shockwave","Thunderclap","Fire Breathing"],"picked":"True Grit"},{"not_picked":["Ghostly Armor","Rampage","Heavy Blade"],"picked":"Metallicize"},{"not_picked":["Sentinel","Ghostly Armor","Fire Breathing"],"picked":"Shrug It Off"},{"not_picked":["Clothesline","True Grit","Flame Barrier"],"picked":"Limit Break"}],"player_experience":327908,"potions_floor_usage":[50,50,50],"damage_taken":[{"damage":5.0,"enemies":"Small Slimes","floor":1.0,"turns":4.0},{"damage":1.0,"enemies":"Cultist","floor":5.0,"turns":4.0},{"damage":31.0,"enemies":"Lagavulin","floor":7.0,"turns":7.0},{"damage":0.0,"enemies":"2 Louse","floor":11.0,"turns":2.0},{"damage":24.0,"enemies":"Exordium Thugs","floor":12.0,"turns":5.0},{"damage":62.0,"enemies":"The Guardian","floor":16.0,"turns":13.0},{"damage":5.0,"enemies":"2 Thieves","floor":18.0,"turns":2.0},{"damage":11.0,"enemies":"Chosen","floor":19.0,"turns":4.0},{"damage":18.0,"enemies":"Snecko","floor":21.0,"turns":4.0},{"damage":8.0,"enemies":"Centurion and Healer","floor":22.0,"turns":5.0},{"damage":39.0,"enemies":"Book of Stabbing","floor":24.0,"turns":6.0},{"damage":20.0,"enemies":"Slaver and Parasite","floor":25.0,"turns":6.0},{"damage":31.0,"enemies":"Slavers","floor":27.0,"turns":4.0},{"damage":7.0,"enemies":"Cultist and Chosen","floor":31.0,"turns":2.0},{"damage":83,"enemies":"Collector","floor":33,"turns":12},{"damage":14,"enemies":"Orb Walker","floor":35,"turns":2},{"damage":10,"enemies":"3 Darklings","floor":36,"turns":2},{"damage":68,"enemies":"4 Shapes","floor":41,"turns":8},{"damage":77,"enemies":"Sphere and 2 Shapes","floor":44,"turns":12},{"damage":35,"enemies":"Nemesis","floor":46,"turns":9},{"damage":43,"enemies":"Maw","floor":48,"turns":7},{"damage":65,"enemies":"Awakened One","floor":50,"turns":5}],"event_choices":[{"event_name":"Bonfire Elementals","player_choice":"CURSE","floor":3.0,"damage_taken":0.0},{"event_name":"Scrap Ooze","player_choice":"success","floor":14.0,"damage_taken":12.0},{"event_name":"Cursed Tome","player_choice":"Obtained Book","floor":20.0,"damage_taken":0.0},{"event_name":"Mysterious Sphere","player_choice":"Ignore","floor":37,"damage_taken":0},{"event_name":"Winding Halls","player_choice":"Writhe","floor":38,"damage_taken":0}],"boss_relics":[{"not_picked":["Pandora\u0027s Box","Orrery"],"picked":"Question Card"}],"potions_floor_spawned":[1,5,12,19,22,24,25,36,44,46,48],"seed_played":"1801705119967892937","killed_by":"Awakened One","ascension_level":11,"is_trial":false}