{"path_per_floor":["M","M","M","$","M","R","?","E","T","E","R","M","R","M","R","B",null,"M","$","?","?","T","R","M","?","T","R","M","R","M","E","R"],"character_chosen":"IRONCLAD","items_purchased":["Seeing Red","Flash of Steel"],"gold_per_floor":[112,124,144,69,79,79,79,114,187,212,212,226,226,245,245,349,349,362,133,58,58,58,58,68,68,68,68,78,78,96,128,128],"floor_reached":33,"campfire_rested":1,"playtime":991,"current_hp_per_floor":[70,75,74,74,74,74,74,61,61,45,45,51,51,55,55,12,61,61,61,61,61,61,61,67,67,67,67,55,55,60,29,52],"items_purged":["Defend_R","Decay"],"gold":128,"score":413,"play_id":"e9349d89-4e88-4e39-ba22-6879d512dd74","local_time":"20180311002547","is_prod":false,"is_daily":false,"is_ascension_mode":true,"campfire_upgraded":7,"timestamp":1520753147,"path_taken":["M","M","M","$","M","R","?","E","T","E","R","M","R","M","R","BOSS","M","$","?","?","?","R","M","?","T","R","M","R","?","E","R","BOSS"],"build_version":"2018-03-09","purchased_purges":2,"victory":false,"master_deck":["Strike_R","Strike_R","Strike_R","Strike_R","Strike_R","Defend_R","Bash","Perfected Strike+1","Armaments+1","Flame Barrier","Perfected Strike+1","Whirlwind+1","Clash","Infernal Blade+1","Immolate","Seeing Red+1","Flash of Steel","Flex+1","Perfected Strike+1"],"max_hp_per_floor":[77,77,77,77,77,77,77,77,77,77,77,77,77,77,77,77,77,77,77,77,77,77,77,77,77,77,77,77,77,77,77,77],"relics":["Burning Blood","Champion Belt","Gremlin Horn","Anchor","Torii","Nloth\u0027s Gift","Thread and Needle","Ancient Tea Set"],"card_choices":[{"not_picked":["Warcry","Dropkick"],"picked":"Perfected Strike"},{"not_picked":["True Grit","Body Slam"],"picked":"Armaments"},{"not_picked":["Exhume","Anger"],"picked":"Flame Barrier"},{"not_picked":["True Grit","Spot Weakness"],"picked":"Perfected Strike"},{"not_picked":["Cleave","Burning Pact"],"picked":"Whirlwind"},{"not_picked":["Exhume","Havoc"],"picked":"Clash"},{"not_picked":["Metallicize","Sword Boomerang"],"picked":"Infernal Blade"},{"not_picked":["Demon Form","Barricade"],"picked":"Immolate"},{"not_picked":["Battle Trance","Iron Wave"],"picked":"Flex"},{"not_picked":["Warcry","Wild Strike"],"picked":"Perfected Strike"}],"player_experience":521041,"potions_floor_usage":[8,16,18,24,30,33],"damage_taken":[{"damage":8,"enemies":"2 Louse","floor":1,"turns":3},{"damage":1,"enemies":"Cultist","floor":2,"turns":3},{"damage":7,"enemies":"Jaw Worm","floor":3,"turns":2},{"damage":6,"enemies":"Looter","floor":5,"turns":2},{"damage":19,"enemies":"3 Sentries","floor":8,"turns":7},{"damage":22,"enemies":"Gremlin Nob","floor":10,"turns":4},{"damage":0,"enemies":"3 Louse","floor":12,"turns":3},{"damage":2,"enemies":"Large Slime","floor":14,"turns":3},{"damage":49,"enemies":"Hexaghost","floor":16,"turns":9},{"damage":6,"enemies":"Spheric Guardian","floor":18,"turns":3},{"damage":0,"enemies":"Shell Parasite","floor":24,"turns":2},{"damage":18,"enemies":"Snake Plant","floor":28,"turns":5},{"damage":7,"enemies":"Slaver and Parasite","floor":30,"turns":3},{"damage":37,"enemies":"Gremlin Leader","floor":31,"turns":5},{"damage":70,"enemies":"Automaton","floor":33,"turns":6}],"event_choices":[{"event_name":"Wheel of Change","player_choice":"Curse","floor":7,"damage_taken":0},{"event_name":"Beggar","player_choice":"Gave Gold","floor":20,"damage_taken":0},{"event_name":"Wheel of Change","player_choice":"Card Removal","floor":21,"damage_taken":0},{"event_name":"N\u0027loth","player_choice":"Traded a Runic Cube","floor":25,"damage_taken":0}],"boss_relics":[{"not_picked":["Runic Pyramid","White Beast Statue"],"picked":"Runic Cube"}],"potions_floor_spawned":[2,5,12,16,18,24,31],"seed_played":"5795581881950430168","killed_by":"Automaton","ascension_level":10,"is_trial":false}