{"path_per_floor":["M","$","M","?","M","R","$","E","T","?","R","M","R","M","R","B",null,"M","M","M","?","M","R","$","R","T","R","M","$","E","M","R"],"character_chosen":"IRONCLAD","items_purchased":["Apotheosis"],"gold_per_floor":[115,40,54,54,70,70,70,105,105,105,105,120,120,144,144,269,269,292,308,328,253,266,266,85,85,112,112,125,25,56,80,80],"floor_reached":33,"campfire_rested":2,"playtime":974,"current_hp_per_floor":[74,74,68,56,61,61,61,51,51,51,51,59,59,69,69,26,65,74,67,63,63,62,89,89,89,89,89,86,86,80,59,88],"items_purged":["Parasite","Strike_R"],"gold":80,"score":426,"play_id":"2d2001a1-3a5d-49fe-99cd-215ceeee3e52","local_time":"20180303170409","is_prod":false,"is_daily":false,"is_ascension_mode":true,"campfire_upgraded":6,"timestamp":1520118249,"path_taken":["M","$","M","?","M","R","?","E","T","?","R","M","R","M","R","BOSS","M","M","M","?","M","R","$","R","T","R","M","$","E","?","R","BOSS"],"build_version":"2018-03-01-PROD1","purchased_purges":2,"victory":false,"master_deck":["Defend_R","Defend_R","Defend_R","Defend_R","Bash+1","Bludgeon+1","Pommel Strike+1","Feed+1","Ghostly Armor","Headbutt","Metallicize+1","Impervious","Battle Trance+1","Rampage+1","Fire Breathing+1","Apotheosis+1","Metallicize","Whirlwind+1","Shrug It Off+1"],"max_hp_per_floor":[80,77,77,77,77,77,77,77,77,71,71,74,74,78,78,78,78,82,82,86,86,90,90,90,90,90,90,90,90,94,98,98],"relics":["Burning Blood","Bronze Scales","Mercury Hourglass","Charon\u0027s Ashes","Golden Idol","Astrolabe","Dream Catcher","Meat on the Bone"],"card_choices":[{"not_picked":["Flex","Clash"],"picked":"Pommel Strike"},{"not_picked":["Flame Barrier","Battle Trance"],"picked":"Feed"},{"not_picked":["Heavy Blade","Sword Boomerang"],"picked":"Ghostly Armor"},{"not_picked":["Ghostly Armor","Iron Wave"],"picked":"Headbutt"},{"not_picked":["Sword Boomerang","Dropkick"],"picked":"Metallicize"},{"not_picked":["Exhume","Feed"],"picked":"Impervious"},{"not_picked":["Combust","Feel No Pain"],"picked":"Metallicize"},{"not_picked":["Bloodletting","Berserk"],"picked":"Whirlwind"},{"not_picked":["Burning Pact","Perfected Strike"],"picked":"Shrug It Off"}],"player_experience":313400,"potions_floor_usage":[12,19,30,30,30],"damage_taken":[{"damage":4,"enemies":"Small Slimes","floor":1,"turns":2},{"damage":12,"enemies":"Jaw Worm","floor":3,"turns":2},{"damage":1,"enemies":"Cultist","floor":5,"turns":3},{"damage":16,"enemies":"Gremlin Nob","floor":8,"turns":3},{"damage":1,"enemies":"Looter","floor":12,"turns":2},{"damage":0,"enemies":"Exordium Wildlife","floor":14,"turns":2},{"damage":49,"enemies":"Slime Boss","floor":16,"turns":10},{"damage":1,"enemies":"Spheric Guardian","floor":18,"turns":3},{"damage":13,"enemies":"2 Thieves","floor":19,"turns":4},{"damage":14,"enemies":"3 Cultists","floor":20,"turns":4},{"damage":11,"enemies":"Centurion and Healer","floor":22,"turns":5},{"damage":9,"enemies":"Snecko","floor":28,"turns":4},{"damage":16,"enemies":"Gremlin Leader","floor":30,"turns":6},{"damage":43,"enemies":"Slaver and Parasite","floor":31,"turns":9},{"damage":100,"enemies":"Champ","floor":33,"turns":13}],"event_choices":[{"event_name":"Scrap Ooze","player_choice":"success","floor":4,"damage_taken":12},{"event_name":"Golden Idol","player_choice":"Lose Max HP","floor":10,"damage_taken":0},{"event_name":"Beggar","player_choice":"Gave Gold","floor":21,"damage_taken":0}],"boss_relics":[{"not_picked":["Philosopher\u0027s Stone","Tiny House"],"picked":"Astrolabe"}],"potions_floor_spawned":[5,16,20,22,28],"seed_played":"-3494292405888206642","killed_by":"Champ","ascension_level":10,"is_trial":false}