{"path_per_floor":["M","M","?","M","?","R","$","E","T","R","?","M","$","M","R","B",null,"M","$","?","?","M","R","M","R","T","R","?","M","?"],"character_chosen":"IRONCLAD","items_purchased":["Flame Barrier","Body Slam","True Grit"],"gold_per_floor":[113,128,128,144,104,104,32,66,92,92,92,104,29,49,49,152,152,138,38,38,38,57,57,74,74,152,152,67,79,79],"floor_reached":31,"campfire_rested":3,"playtime":1113,"current_hp_per_floor":[80,77,77,75,75,75,75,64,64,64,57,63,63,57,82,11,67,47,47,47,47,13,38,26,51,51,51,51,23,23],"items_purged":["Strike_R"],"gold":79,"score":373,"play_id":"9c9a3dc7-ee07-44ca-ae01-d1bb6df287a4","local_time":"20180309074427","is_prod":false,"is_daily":false,"is_ascension_mode":true,"campfire_upgraded":3,"timestamp":1520603067,"path_taken":["M","M","?","?","?","R","?","E","T","R","?","M","$","M","R","BOSS","M","$","?","?","M","R","M","R","T","R","?","M","?","M"],"build_version":"2018-03-01-PROD1","purchased_purges":1,"victory":false,"master_deck":["Strike_R+1","Strike_R+1","Strike_R+1","Strike_R+1","Defend_R+1","Defend_R+1","Defend_R+1","Defend_R+1","Bash","Cleave+1","Shockwave+1","Flame Barrier","Seeing Red+1","Shrug It Off","Feed","Armaments+1","Body Slam+1","True Grit","Battle Trance","Battle Trance"],"max_hp_per_floor":[88,88,88,88,88,88,88,88,88,88,85,85,85,85,85,85,85,85,85,85,85,85,85,85,85,85,85,85,85,85],"relics":["Burning Blood","Whetstone","Juzu Bracelet","Question Card","Mummified Hand","Du-Vu Doll"],"card_choices":[{"not_picked":["Sword Boomerang","Warcry"],"picked":"Cleave"},{"not_picked":["Iron Wave","Reckless Charge"],"picked":"Shockwave"},{"not_picked":["Anger","Limit Break"],"picked":"Seeing Red"},{"not_picked":["Havoc","Armaments"],"picked":"Shrug It Off"},{"not_picked":["Immolate","Limit Break"],"picked":"Feed"},{"not_picked":["Wild Strike","Power Through","Pommel Strike"],"picked":"Armaments"},{"not_picked":["Wild Strike","Warcry","Dropkick"],"picked":"Battle Trance"},{"not_picked":["Thunderclap","Clash","Bloodletting"],"picked":"Battle Trance"}],"player_experience":338375,"potions_floor_usage":[4,8,8,16,16,16,29],"damage_taken":[{"damage":6,"enemies":"Cultist","floor":1,"turns":5},{"damage":9,"enemies":"Jaw Worm","floor":2,"turns":4},{"damage":8,"enemies":"2 Louse","floor":4,"turns":2},{"damage":29,"enemies":"3 Sentries","floor":8,"turns":10},{"damage":0,"enemies":"Lots of Slimes","floor":12,"turns":1},{"damage":12,"enemies":"Exordium Thugs","floor":14,"turns":5},{"damage":77,"enemies":"The Guardian","floor":16,"turns":20},{"damage":26,"enemies":"2 Thieves","floor":18,"turns":4},{"damage":40,"enemies":"Spheric Guardian","floor":22,"turns":12},{"damage":18,"enemies":"Slaver and Parasite","floor":24,"turns":11},{"damage":34,"enemies":"Snecko","floor":29,"turns":10},{"damage":29,"enemies":"Cultist and Chosen","floor":31,"turns":5}],"event_choices":[{"event_name":"Liars Game","player_choice":"disagreed","floor":3,"damage_taken":0},{"event_name":"The Woman in Blue","player_choice":"Bought 3 Potions","floor":5,"damage_taken":0},{"event_name":"Golden Wing","player_choice":"Card Removal","floor":11,"damage_taken":0},{"event_name":"Beggar","player_choice":"Ignored","floor":20,"damage_taken":0},{"event_name":"Back to Basics","player_choice":"Simplicity","floor":21,"damage_taken":0},{"event_name":"Addict","player_choice":"Obtained Relic","floor":28,"damage_taken":0},{"event_name":"Vampires","player_choice":"Ignored","floor":30,"damage_taken":0}],"boss_relics":[{"not_picked":["Tiny House","Runic Pyramid"],"picked":"Question Card"}],"potions_floor_spawned":[2,8,14,16,24,29],"seed_played":"-7554450386207664045","killed_by":"Cultist and Chosen","ascension_level":12,"is_trial":false}