{"path_per_floor":["M","M","$","?","?","R","M","M","T","M","?","M","M","M","R","B",null,"M","$","?","M","T","R","$","M","T","M","R","M","$","M","R","B",null,"M","M","?","$","M","R","E","M","T","R","M","?","M","M","R","B"],"character_chosen":"IRONCLAD","items_purchased":["True Grit","Block Potion","Secret Technique"],"gold_per_floor":[109,128,5,5,5,5,16,29,29,41,41,51,68,79,79,174,174,184,184,184,202,202,202,152,166,166,183,183,195,1,11,11,113,113,125,139,188,88,108,108,135,153,178,178,194,194,208,224,224,224],"floor_reached":51,"campfire_rested":1,"playtime":3137,"current_hp_per_floor":[73,72,72,72,57,57,63,62,62,63,63,70,73,77,77,53,71,73,73,73,81,81,81,81,85,95,83,83,89,89,90,90,66,92,104,107,125,125,129,129,99,107,107,107,118,118,127,96,138,19],"items_purged":["Parasite","Whirlwind"],"gold":224,"score":853,"play_id":"7e0aae89-75a5-4ead-abb5-3e5c7fb3d04d","local_time":"20180308202326","is_prod":false,"is_daily":false,"is_ascension_mode":true,"campfire_upgraded":7,"timestamp":1520562206,"path_taken":["M","M","$","?","?","R","?","M","T","M","?","M","M","M","R","BOSS","M","?","?","M","?","R","$","M","T","M","R","?","$","M","R","BOSS","M","M","?","?","M","R","E","M","T","R","?","?","M","M","R","BOSS"],"build_version":"2018-03-01-PROD1","purchased_purges":11,"victory":true,"master_deck":["Defend_R","Defend_R","Defend_R","Defend_R","Bash","Armaments+1","Body Slam+1","True Grit+1","Headbutt","Shrug It Off","Feed","Power Through+1","Battle Trance+1","Shrug It Off+1","Body Slam+1","Warcry+1","Entrench+1","Body Slam+1","Secret Technique+1","Juggernaut+1","Juggernaut","Seeing Red","Battle Trance+1","Metallicize","Good Instincts","Clumsy","Impervious"],"max_hp_per_floor":[80,80,77,77,77,77,77,77,77,77,77,77,77,77,77,77,77,81,81,81,81,81,81,81,85,95,98,98,98,98,101,101,101,101,104,107,125,125,129,129,129,133,133,133,137,137,137,140,140,140],"relics":["Burning Blood","Magic Flower","Astrolabe","Girya","Pear","Runic Dome","Mango","Orichalcum","Bronze Scales"],"card_choices":[{"not_picked":["Heavy Blade","Carnage"],"picked":"Armaments"},{"not_picked":["Sword Boomerang","Flex"],"picked":"Body Slam"},{"not_picked":["Pommel Strike","Clothesline"],"picked":"Whirlwind"},{"not_picked":["Havoc","Berserk"],"picked":"Headbutt"},{"not_picked":["Searing Blow","Blood for Blood"],"picked":"Shrug It Off"},{"not_picked":["Reaper","Immolate"],"picked":"Feed"},{"not_picked":["Sentinel","Infernal Blade"],"picked":"Body Slam"},{"not_picked":["Clash","Dropkick"],"picked":"Warcry"},{"not_picked":["True Grit","Clothesline"],"picked":"Entrench"},{"not_picked":["Headbutt","Armaments"],"picked":"Body Slam"},{"not_picked":["Rupture","Twin Strike"],"picked":"Juggernaut"},{"not_picked":["Bludgeon","Brutality"],"picked":"Juggernaut"},{"not_picked":["Body Slam","Wild Strike"],"picked":"Seeing Red"},{"not_picked":["Rampage","Reaper"],"picked":"Battle Trance"},{"not_picked":["True Grit","Clash"],"picked":"Metallicize"},{"not_picked":["Shrug It Off","Iron Wave"],"picked":"Impervious"}],"player_experience":335238,"potions_floor_usage":[50,50,50],"damage_taken":[{"damage":5.0,"enemies":"Small Slimes","floor":1.0,"turns":3.0},{"damage":7.0,"enemies":"2 Louse","floor":2.0,"turns":3.0},{"damage":0.0,"enemies":"Jaw Worm","floor":7.0,"turns":3.0},{"damage":7.0,"enemies":"Exordium Wildlife","floor":8.0,"turns":3.0},{"damage":8.0,"enemies":"Large Slime","floor":10.0,"turns":6.0},{"damage":2.0,"enemies":"Looter","floor":12.0,"turns":2.0},{"damage":6.0,"enemies":"Exordium Thugs","floor":13.0,"turns":4.0},{"damage":0.0,"enemies":"Blue Slaver","floor":14.0,"turns":3.0},{"damage":33.0,"enemies":"The Guardian","floor":16.0,"turns":17.0},{"damage":13.0,"enemies":"Chosen","floor":18.0,"turns":7.0},{"damage":0.0,"enemies":"3 Byrds","floor":21.0,"turns":5.0},{"damage":8.0,"enemies":"Cultist and Chosen","floor":25.0,"turns":8.0},{"damage":24.0,"enemies":"3 Cultists","floor":27.0,"turns":7.0},{"damage":3.0,"enemies":"Snake Plant","floor":29.0,"turns":2.0},{"damage":13.0,"enemies":"Centurion and Healer","floor":31.0,"turns":6.0},{"damage":33.0,"enemies":"Automaton","floor":33.0,"turns":12.0},{"damage":1.0,"enemies":"Orb Walker","floor":35.0,"turns":3.0},{"damage":4.0,"enemies":"3 Shapes","floor":36.0,"turns":5.0},{"damage":11.0,"enemies":"Mysterious Sphere","floor":37.0,"turns":6.0},{"damage":6.0,"enemies":"Sphere and 2 Shapes","floor":39.0,"turns":5.0},{"damage":39.0,"enemies":"Giant Head","floor":41.0,"turns":8.0},{"damage":7.0,"enemies":"Maw","floor":42.0,"turns":6.0},{"damage":4,"enemies":"4 Shapes","floor":45,"turns":5},{"damage":0,"enemies":"3 Darklings","floor":47,"turns":4},{"damage":45,"enemies":"Sphere and 2 Shapes","floor":48,"turns":5},{"damage":128,"enemies":"Awakened One","floor":50,"turns":12}],"event_choices":[{"event_name":"Living Wall","player_choice":"Change","floor":4.0,"damage_taken":0.0},{"event_name":"Shining Light","player_choice":"Entered Light","floor":5.0,"damage_taken":0.0},{"event_name":"Bonfire Elementals","player_choice":"BASIC","floor":11.0,"damage_taken":0.0},{"event_name":"Purifier","player_choice":"One Purge","floor":20.0,"damage_taken":0.0},{"event_name":"Mysterious Sphere","player_choice":"Fight","floor":37.0,"damage_taken":0.0},{"event_name":"Match and Keep!","player_choice":"2 cards matched","floor":46,"damage_taken":0}],"boss_relics":[],"potions_floor_spawned":[7,8,12,16,27,31,33,36,39,42,47,48],"seed_played":"4975753291583115664","ascension_level":11,"is_trial":false}