{"path_per_floor":["M","M","$","M","?","E","R","E","T","R","?","?","M","$","R","B",null,"M","M","T","$","M","R","M","R","T","?","R","E","R","E","R"],"character_chosen":"IRONCLAD","items_purchased":["Flex","Evolve","Red Skull"],"gold_per_floor":[113,125,40,51,51,83,83,109,109,109,209,209,227,152,152,252,252,263,281,356,66,85,85,95,95,95,95,95,130,130,156,156],"floor_reached":33,"campfire_rested":1,"playtime":1476,"current_hp_per_floor":[69,64,64,52,52,13,13,4,4,43,43,40,50,50,50,24,80,76,60,60,60,46,46,52,52,52,52,52,52,52,48,48],"items_purged":["Strike_R"],"gold":156,"score":379,"play_id":"2e7074c4-845d-4284-afe7-5abe00001f3b","local_time":"20180307222303","is_prod":false,"is_daily":false,"is_ascension_mode":true,"campfire_upgraded":7,"timestamp":1520486583,"path_taken":["M","M","$","M","?","E","R","E","T","R","?","?","M","$","R","BOSS","M","M","?","$","M","R","?","R","T","?","R","E","R","E","R","BOSS"],"build_version":"2018-03-01-PROD1","purchased_purges":3,"victory":false,"master_deck":["Bash","Shrug It Off","Body Slam+1","Flex+1","Evolve+1","Warcry","Flex+1","Offering","Battle Trance","Heavy Blade+1","Clash","Clash+1","Shrug It Off","Anger+1","Headbutt","Spot Weakness+1","Corruption+1","Burning Pact+1","Offering"],"max_hp_per_floor":[80,80,80,80,80,80,80,80,80,80,80,80,80,80,80,80,80,80,80,80,80,80,80,80,80,80,80,80,82,82,84,84],"relics":["Black Star","Art of War","Whetstone","War Paint","Regal Pillow","Bag of Marbles","Meat on the Bone","Pandora\u0027s Box","Matryoshka","Red Skull","Singing Bowl","Centennial Puzzle","Anchor","Blood Vial","Prayer Wheel","Juzu Bracelet"],"card_choices":[{"not_picked":["Metallicize","Cleave"],"picked":"Shrug It Off"},{"not_picked":["Power Through","Sword Boomerang"],"picked":"Body Slam"},{"not_picked":["Heavy Blade","Sever Soul"],"picked":"Warcry"},{"not_picked":["Wild Strike","Havoc"],"picked":"Flex"},{"not_picked":["Dark Embrace","Feed"],"picked":"Offering"},{"not_picked":["True Grit","Anger"],"picked":"Spot Weakness"},{"not_picked":["Sword Boomerang","Perfected Strike"],"picked":"Corruption"},{"not_picked":["Cleave","Spot Weakness"],"picked":"Burning Pact"},{"not_picked":["Havoc","Perfected Strike"],"picked":"Offering"}],"player_experience":491083,"potions_floor_usage":[6,8,8,16,33,33],"damage_taken":[{"damage":11,"enemies":"Cultist","floor":1,"turns":4},{"damage":5,"enemies":"2 Louse","floor":2,"turns":5},{"damage":12,"enemies":"Small Slimes","floor":4,"turns":4},{"damage":39,"enemies":"Lagavulin","floor":6,"turns":9},{"damage":9,"enemies":"3 Sentries","floor":8,"turns":7},{"damage":2,"enemies":"3 Louse","floor":13,"turns":2},{"damage":38,"enemies":"The Guardian","floor":16,"turns":12},{"damage":4,"enemies":"Spheric Guardian","floor":18,"turns":1},{"damage":16,"enemies":"Chosen","floor":19,"turns":3},{"damage":14,"enemies":"Slaver and Parasite","floor":22,"turns":3},{"damage":6,"enemies":"3 Cultists","floor":24,"turns":4},{"damage":14,"enemies":"Gremlin Leader","floor":29,"turns":2},{"damage":8,"enemies":"Book of Stabbing","floor":31,"turns":1},{"damage":90,"enemies":"Automaton","floor":33,"turns":6}],"event_choices":[{"event_name":"Living Wall","player_choice":"Forget","floor":5,"damage_taken":0},{"event_name":"Golden Shrine","player_choice":"Pray","floor":11,"damage_taken":0},{"event_name":"Scrap Ooze","player_choice":"success","floor":12,"damage_taken":3},{"event_name":"Accursed Blacksmith","player_choice":"Ignore","floor":27,"damage_taken":0}],"boss_relics":[{"not_picked":["Runic Cube","Philosopher\u0027s Stone"],"picked":"Pandora\u0027s Box"}],"potions_floor_spawned":[1,4,6,8,22,31],"seed_played":"-1978298552530935270","killed_by":"Automaton","ascension_level":4,"is_trial":false}