{"path_per_floor":["M","$","M","$","M","R","E","R","T","E","?","M","?","$","R","B",null,"M","M","?"],"character_chosen":"IRONCLAD","items_purchased":["Meat on the Bone","Flex"],"gold_per_floor":[112,37,53,53,63,63,94,94,94,127,127,146,321,12,12,114,114,127,138,138],"floor_reached":21,"campfire_rested":1,"playtime":675,"current_hp_per_floor":[64,64,70,70,69,69,52,52,52,27,53,37,37,37,61,30,68,47,29,29],"items_purged":["Injury","Doubt"],"gold":138,"score":262,"play_id":"66ff04d8-1ede-4e74-a552-e810f2fee0d1","local_time":"20180310135605","is_prod":false,"is_daily":false,"is_ascension_mode":true,"campfire_upgraded":2,"timestamp":1520715365,"path_taken":["M","$","M","$","M","R","E","R","T","E","?","M","?","$","R","BOSS","M","M","?","?"],"build_version":"2018-03-09","purchased_purges":2,"victory":false,"master_deck":["Strike_R","Strike_R","Strike_R","Strike_R","Strike_R","Defend_R","Defend_R","Defend_R","Defend_R","Bash","Flex","Body Slam+1","Feel No Pain","Combust+1","Disarm","Combust","Flex","Demon Form","Armaments+1","Writhe"],"max_hp_per_floor":[80,80,80,80,80,80,80,80,80,80,80,80,80,80,80,80,80,80,80,80],"relics":["Burning Blood","Charon\u0027s Ashes","Shovel","Vajra","The Courier","Meat on the Bone","Black Star","Blood Vial"],"card_choices":[{"not_picked":["Wild Strike","Heavy Blade"],"picked":"Flex"},{"not_picked":["Evolve","Shockwave"],"picked":"Body Slam"},{"not_picked":["Wild Strike","Rupture"],"picked":"Feel No Pain"},{"not_picked":["Anger","Twin Strike"],"picked":"Combust"},{"not_picked":["Pommel Strike","Twin Strike"],"picked":"Disarm"},{"not_picked":["Body Slam","Perfected Strike"],"picked":"Combust"},{"not_picked":["Double Tap","Immolate"],"picked":"Demon Form"},{"not_picked":["Clash","Whirlwind"],"picked":"Armaments"}],"player_experience":515587,"potions_floor_usage":[7,12,19],"damage_taken":[{"damage":14,"enemies":"2 Louse","floor":1,"turns":4},{"damage":0,"enemies":"Small Slimes","floor":3,"turns":3},{"damage":7,"enemies":"Jaw Worm","floor":5,"turns":3},{"damage":23,"enemies":"Lagavulin","floor":7,"turns":6},{"damage":31,"enemies":"3 Sentries","floor":10,"turns":5},{"damage":22,"enemies":"Large Slime","floor":12,"turns":3},{"damage":49,"enemies":"Slime Boss","floor":16,"turns":8},{"damage":39,"enemies":"Spheric Guardian","floor":18,"turns":4},{"damage":36,"enemies":"3 Byrds","floor":19,"turns":5},{"damage":31,"enemies":"Slaver and Parasite","floor":21,"turns":3}],"event_choices":[{"event_name":"Big Fish","player_choice":"Banana","floor":11,"damage_taken":0},{"event_name":"Liars Game","player_choice":"agreed","floor":13,"damage_taken":0},{"event_name":"The Mausoleum","player_choice":"Yes","floor":20,"damage_taken":0}],"boss_relics":[{"not_picked":["Eternal Feather","Tiny House"],"picked":"Black Star"}],"potions_floor_spawned":[5,7,18],"seed_played":"-3647949400165909146","killed_by":"Slaver and Parasite","ascension_level":8,"is_trial":false}