{"path_per_floor":["M","M","M","M","?","E","M","R","T","R","M","R","T","M","R","B",null,"M","?","?","?","$","R","E","R","T","M","M","R","M","$","R"],"character_chosen":"IRONCLAD","items_purchased":["Flame Barrier","Meat on the Bone"],"gold_per_floor":[117,131,148,160,160,195,211,211,238,238,251,251,251,264,264,365,365,377,292,292,292,217,217,273,273,319,334,347,347,361,85,85],"floor_reached":33,"campfire_rested":3,"playtime":1727,"current_hp_per_floor":[72,72,64,58,43,11,10,10,10,33,42,42,42,51,51,32,76,50,50,50,50,50,50,47,47,47,30,12,41,30,30,62],"items_purged":["Parasite"],"gold":85,"score":452,"play_id":"e216bd57-99c2-47cd-84cb-d8994be591ea","local_time":"20180311194922","is_prod":false,"is_daily":false,"is_ascension_mode":true,"campfire_upgraded":5,"timestamp":1520819362,"path_taken":["M","M","M","M","?","E","M","R","T","R","?","R","?","?","R","BOSS","M","?","?","?","$","R","E","R","T","M","M","R","?","$","R","BOSS"],"build_version":"2018-03-09","purchased_purges":1,"victory":false,"master_deck":["Strike_R+1","Strike_R+1","Strike_R+1","Strike_R+1","Strike_R+1","Defend_R+1","Defend_R+1","Defend_R+1","Defend_R+1","Bash","True Grit+1","Headbutt","Feed+1","Evolve+1","Exhume+1","Armaments+1","Power Through+1","Spot Weakness","Limit Break+1","Inflame","Thunderclap","Iron Wave","Shrug It Off","Flame Barrier"],"max_hp_per_floor":[72,72,72,75,75,75,78,78,78,78,82,82,82,86,86,90,90,90,90,90,90,87,87,95,95,95,99,99,99,107,107,107],"relics":["Burning Blood","Torii","Anchor","Prayer Wheel","Calipers","Orrery","Gremlin Horn","Tiny Chest","War Paint","Meat on the Bone"],"card_choices":[{"not_picked":["Second Wind","Warcry"],"picked":"True Grit"},{"not_picked":["True Grit","Havoc"],"picked":"Headbutt"},{"not_picked":["Cleave","Wild Strike"],"picked":"Feed"},{"not_picked":["Headbutt","Heavy Blade"],"picked":"Evolve"},{"not_picked":["Perfected Strike","Twin Strike"],"picked":"Exhume"},{"not_picked":["Metallicize","Pummel"],"picked":"Armaments"},{"not_picked":["Clothesline","Inflame"],"picked":"Power Through"},{"not_picked":["Bloodletting","Intimidate"],"picked":"Spot Weakness"},{"not_picked":["Exhume","Feed"],"picked":"Limit Break"},{"not_picked":["Cleave","Twin Strike"],"picked":"Inflame"},{"not_picked":["Havoc","Burning Pact"],"picked":"Thunderclap"},{"not_picked":["Sword Boomerang","Armaments"],"picked":"Iron Wave"},{"not_picked":["Headbutt","Sword Boomerang"],"picked":"Shrug It Off"}],"player_experience":532197,"potions_floor_usage":[16,24,24,24,33],"damage_taken":[{"damage":6,"enemies":"Cultist","floor":1,"turns":4},{"damage":2,"enemies":"2 Louse","floor":2,"turns":3},{"damage":14,"enemies":"Jaw Worm","floor":3,"turns":4},{"damage":15,"enemies":"Blue Slaver","floor":4,"turns":5},{"damage":38,"enemies":"Gremlin Nob","floor":6,"turns":5},{"damage":10,"enemies":"Large Slime","floor":7,"turns":6},{"damage":1,"enemies":"Looter","floor":11,"turns":2},{"damage":1,"enemies":"Red Slaver","floor":14,"turns":5},{"damage":29,"enemies":"The Guardian","floor":16,"turns":14},{"damage":32,"enemies":"Shell Parasite","floor":18,"turns":6},{"damage":17,"enemies":"Slavers","floor":24,"turns":7},{"damage":27,"enemies":"Spheric Guardian","floor":27,"turns":5},{"damage":24,"enemies":"Snake Plant","floor":28,"turns":6},{"damage":25,"enemies":"Centurion and Healer","floor":30,"turns":14},{"damage":91,"enemies":"Collector","floor":33,"turns":5}],"event_choices":[{"event_name":"Shining Light","player_choice":"Entered Light","floor":5,"damage_taken":0},{"event_name":"Addict","player_choice":"Obtained Relic","floor":19,"damage_taken":0},{"event_name":"The Lab","player_choice":"Got Potions","floor":20,"damage_taken":0},{"event_name":"Back to Basics","player_choice":"Simplicity","floor":21,"damage_taken":0}],"boss_relics":[{"not_picked":["Lizard Tail","Snecko Eye"],"picked":"Orrery"}],"potions_floor_spawned":[1,6,7,14,24,28],"seed_played":"-2526006426384942066","killed_by":"Collector","ascension_level":12,"is_trial":false}