{"path_per_floor":["M","M","M","$","M","E","R","M","T","R","M","$","R","M","R","B",null,"M","?"],"character_chosen":"IRONCLAD","items_purchased":["Seeing Red","Power Through"],"gold_per_floor":[111,124,144,33,53,78,78,97,120,120,130,55,55,65,65,170,170,181,96],"floor_reached":20,"campfire_rested":0,"playtime":771,"current_hp_per_floor":[72,72,72,72,69,40,40,32,32,32,27,27,27,30,30,15,58,20,20],"items_purged":["Strike_R"],"gold":96,"score":238,"play_id":"9fbc13a0-e811-4c9f-bf1e-a2a918da9699","local_time":"20180310095425","is_prod":false,"is_daily":false,"is_ascension_mode":true,"campfire_upgraded":4,"timestamp":1520700865,"path_taken":["M","M","M","$","M","E","R","M","T","R","M","$","R","M","R","BOSS","M","?","M"],"build_version":"2018-03-09","purchased_purges":1,"victory":false,"master_deck":["Strike_R","Strike_R","Strike_R","Strike_R","Defend_R","Defend_R","Defend_R","Defend_R","Bash","Cleave","Twin Strike","Body Slam+1","Seeing Red","Rampage+1","Whirlwind+1","Evolve","Power Through","Armaments+1","Reaper","Wild Strike+1"],"max_hp_per_floor":[72,72,72,72,72,72,72,72,72,72,72,72,72,72,72,72,72,72,72],"relics":["Burning Blood","Bird Faced Urn","Omamori","Juzu Bracelet","Sozu","Letter Opener"],"card_choices":[{"not_picked":["Sentinel","Corruption"],"picked":"Cleave"},{"not_picked":["Dual Wield","Blood for Blood"],"picked":"Twin Strike"},{"not_picked":["Intimidate","Cleave"],"picked":"Body Slam"},{"not_picked":["Anger","Iron Wave"],"picked":"Rampage"},{"not_picked":["Clash","Wild Strike"],"picked":"Whirlwind"},{"not_picked":["Berserk","Sword Boomerang"],"picked":"Evolve"},{"not_picked":["Body Slam","Intimidate"],"picked":"Armaments"},{"not_picked":["Impervious","Juggernaut"],"picked":"Reaper"},{"not_picked":["Perfected Strike","Iron Wave"],"picked":"Wild Strike"}],"player_experience":512615,"potions_floor_usage":[6,16,16],"damage_taken":[{"damage":3,"enemies":"Small Slimes","floor":1,"turns":4},{"damage":3,"enemies":"Jaw Worm","floor":2,"turns":5},{"damage":3,"enemies":"2 Louse","floor":3,"turns":3},{"damage":9,"enemies":"2 Fungi Beasts","floor":5,"turns":3},{"damage":35,"enemies":"Lagavulin","floor":6,"turns":6},{"damage":14,"enemies":"Blue Slaver","floor":8,"turns":4},{"damage":13,"enemies":"Red Slaver","floor":11,"turns":4},{"damage":5,"enemies":"Gremlin Gang","floor":14,"turns":2},{"damage":23,"enemies":"The Guardian","floor":16,"turns":12},{"damage":46,"enemies":"Shell Parasite","floor":18,"turns":8},{"damage":23,"enemies":"Spheric Guardian","floor":20,"turns":5}],"event_choices":[{"event_name":"Addict","player_choice":"Obtained Relic","floor":19,"damage_taken":0}],"boss_relics":[{"not_picked":["Runic Cube","Tiny House"],"picked":"Sozu"}],"potions_floor_spawned":[1,3,6,8],"seed_played":"4460084244992410076","killed_by":"Spheric Guardian","ascension_level":7,"is_trial":false}