{"path_per_floor":["M","M","M","M","M","R","?","R","T","E","M","R","M","?","R","B",null,"M","M","M","$"],"character_chosen":"IRONCLAD","items_purchased":["Wild Strike","Flame Barrier"],"gold_per_floor":[11,28,46,65,81,81,81,81,134,160,178,178,194,194,194,296,296,314,334,354,151],"floor_reached":22,"campfire_rested":0,"playtime":780,"current_hp_per_floor":[68,67,73,71,73,73,73,73,73,63,64,64,70,75,75,57,78,68,54,10,10],"items_purged":["Parasite"],"gold":151,"score":285,"play_id":"3251abc2-4bb2-4ca4-9018-0b94c4e63075","local_time":"20180303161221","is_prod":false,"is_daily":false,"is_ascension_mode":true,"campfire_upgraded":2,"timestamp":1520115141,"path_taken":["M","M","?","M","M","R","?","R","T","E","M","R","M","?","R","BOSS","M","M","?","$","M"],"build_version":"2018-03-01-PROD1","purchased_purges":1,"victory":false,"master_deck":["Strike_R","Strike_R","Strike_R","Strike_R","Strike_R","Defend_R","Defend_R","Defend_R","Defend_R","Bash","Clothesline","Armaments+1","Seeing Red","Double Tap","Shrug It Off","Limit Break+1","Offering","Evolve+1","Wild Strike","Flame Barrier"],"max_hp_per_floor":[80,80,80,80,80,80,80,80,80,80,80,80,80,85,85,85,85,85,85,85,82],"relics":["Burning Blood","Girya","Dream Catcher","Red Skull","Velvet Choker"],"card_choices":[{"not_picked":["Feel No Pain","Sword Boomerang"],"picked":"Clothesline"},{"not_picked":["Clash","Disarm"],"picked":"Armaments"},{"not_picked":["Twin Strike","Blood for Blood"],"picked":"Seeing Red"},{"not_picked":["Entrench","Body Slam"],"picked":"Double Tap"},{"not_picked":["Clothesline","Flex"],"picked":"Shrug It Off"},{"not_picked":["Clash","Twin Strike"],"picked":"Limit Break"},{"not_picked":["Barricade","Immolate"],"picked":"Offering"},{"not_picked":["Cleave","Wild Strike"],"picked":"Evolve"}],"player_experience":310521,"potions_floor_usage":[11,13,16,16],"damage_taken":[{"damage":10,"enemies":"Cultist","floor":1,"turns":5},{"damage":7,"enemies":"2 Louse","floor":2,"turns":4},{"damage":0,"enemies":"Small Slimes","floor":3,"turns":3},{"damage":8,"enemies":"3 Louse","floor":4,"turns":5},{"damage":4,"enemies":"Exordium Wildlife","floor":5,"turns":7},{"damage":16,"enemies":"Lagavulin","floor":10,"turns":9},{"damage":5,"enemies":"Gremlin Gang","floor":11,"turns":4},{"damage":0,"enemies":"Lots of Slimes","floor":13,"turns":4},{"damage":24,"enemies":"Slime Boss","floor":16,"turns":10},{"damage":16,"enemies":"Spheric Guardian","floor":18,"turns":4},{"damage":20,"enemies":"Shell Parasite","floor":19,"turns":5},{"damage":50,"enemies":"3 Cultists","floor":20,"turns":6},{"damage":13,"enemies":"Centurion and Healer","floor":22,"turns":2}],"event_choices":[{"event_name":"Liars Game","player_choice":"disagreed","floor":7,"damage_taken":0},{"event_name":"Big Fish","player_choice":"Donut","floor":14,"damage_taken":0}],"boss_relics":[{"not_picked":["Runic Pyramid","Runic Cube"],"picked":"Velvet Choker"}],"potions_floor_spawned":[2,4,11,13,20],"seed_played":"-8808485865842866904","killed_by":"Centurion and Healer","ascension_level":10,"is_trial":false}