{"path_per_floor":["M","?","?","$","M","R","E","R","T","R","M","E","M","M","R","B",null,"M","?","?","$","M","R","E","R","T","E","R","M","M","E","R","B",null,"M","?","$","M","?","E","M","$","T","?","R","?","R","M","R","B"],"character_chosen":"IRONCLAD","items_purchased":["Thunderclap","Offering","Pantograph"],"gold_per_floor":[114,114,64,10,27,27,54,54,130,130,145,176,186,205,205,282,282,293,293,293,72,84,84,113,113,113,140,140,159,178,211,211,284,284,300,300,200,214,214,249,262,0,24,24,24,24,24,41,41,41],"floor_reached":51,"campfire_rested":4,"playtime":1566,"current_hp_per_floor":[72,69,69,69,66,66,46,46,56,56,64,54,51,59,59,55,79,78,62,62,62,70,70,39,66,66,44,71,79,83,96,96,44,97,85,70,70,64,64,66,57,57,57,57,93,93,123,122,122,18],"items_purged":["Strike_R","Strike_R"],"gold":41,"score":1281,"play_id":"be09a953-5619-4888-a9b0-8192878d700e","local_time":"20180312181912","is_prod":false,"is_daily":false,"is_ascension_mode":true,"campfire_upgraded":7,"timestamp":1520900352,"path_taken":["M","?","?","$","M","R","E","R","T","R","M","E","M","M","R","BOSS","M","?","?","$","M","R","E","R","T","E","R","M","M","E","R","BOSS","M","?","$","?","?","E","M","$","T","?","R","?","R","M","R","BOSS"],"build_version":"2018-03-09","purchased_purges":2,"victory":true,"master_deck":["Defend_R","Defend_R","Defend_R","Bash+1","Bludgeon+1","Shrug It Off","Thunderclap+1","Cleave+1","Battle Trance","Offering","Barricade+1","Burning Pact+1","Rupture+1","Necronomicurse","Offering+1","Brutality+1","Madness","Madness+1","Double Tap"],"max_hp_per_floor":[72,69,69,69,69,69,71,71,81,81,83,83,85,87,87,87,87,89,89,89,89,91,91,91,91,91,93,93,95,97,113,113,115,115,117,117,117,119,119,121,123,123,123,123,123,123,123,125,125,125],"relics":["Burning Blood","Singing Bowl","Pear","Happy Flower","Astrolabe","Necronomicon","Frozen Eye","Bag of Marbles","Pen Nib","Mango","Philosopher\u0027s Stone","Pantograph","Omamori"],"card_choices":[{"not_picked":["Exhume","Feed"],"picked":"Bludgeon"},{"not_picked":["Wild Strike","Juggernaut"],"picked":"Shrug It Off"},{"not_picked":["Shockwave","Spot Weakness"],"picked":"Cleave"},{"not_picked":["Rupture","Uppercut"],"picked":"Battle Trance"},{"not_picked":["Limit Break","Impervious"],"picked":"Offering"},{"not_picked":["Twin Strike","Headbutt"],"picked":"Brutality"}],"player_experience":539612,"potions_floor_usage":[40,50,50],"damage_taken":[{"damage":0.0,"enemies":"Cultist","floor":1.0,"turns":2.0},{"damage":9.0,"enemies":"Small Slimes","floor":5.0,"turns":4.0},{"damage":40.0,"enemies":"3 Sentries","floor":7.0,"turns":7.0},{"damage":0.0,"enemies":"Jaw Worm","floor":11.0,"turns":2.0},{"damage":16.0,"enemies":"Gremlin Nob","floor":12.0,"turns":3.0},{"damage":11.0,"enemies":"Looter","floor":13.0,"turns":2.0},{"damage":0.0,"enemies":"2 Fungi Beasts","floor":14.0,"turns":2.0},{"damage":10.0,"enemies":"Slime Boss","floor":16.0,"turns":8.0},{"damage":9.0,"enemies":"Spheric Guardian","floor":18.0,"turns":4.0},{"damage":0.0,"enemies":"Chosen","floor":22.0,"turns":2.0},{"damage":37.0,"enemies":"Gremlin Leader","floor":24.0,"turns":3.0},{"damage":30.0,"enemies":"Slavers","floor":27.0,"turns":3.0},{"damage":0.0,"enemies":"Snake Plant","floor":29.0,"turns":1.0},{"damage":4.0,"enemies":"Snecko","floor":30.0,"turns":1.0},{"damage":9.0,"enemies":"Gremlin Leader","floor":31.0,"turns":2.0},{"damage":60.0,"enemies":"Automaton","floor":33.0,"turns":5.0},{"damage":20.0,"enemies":"3 Darklings","floor":35.0,"turns":3.0},{"damage":14.0,"enemies":"Orb Walker","floor":38.0,"turns":2.0},{"damage":9,"enemies":"2 Orb Walkers","floor":40,"turns":2},{"damage":17,"enemies":"4 Shapes","floor":41,"turns":4},{"damage":9,"enemies":"3 Darklings","floor":48,"turns":2},{"damage":113,"enemies":"Time Eater","floor":50,"turns":4}],"event_choices":[{"event_name":"Living Wall","player_choice":"Forget","floor":2.0,"damage_taken":0.0},{"event_name":"The Cleric","player_choice":"Card Removal","floor":3.0,"damage_taken":0.0},{"event_name":"Cursed Tome","player_choice":"Obtained Book","floor":19.0,"damage_taken":0.0},{"event_name":"Drug Dealer","player_choice":"Ignored","floor":20.0,"damage_taken":0.0},{"event_name":"Winding Halls","player_choice":"Embrace Madness","floor":36.0,"damage_taken":0.0},{"event_name":"Match and Keep!","player_choice":"1 cards matched","floor":39,"damage_taken":0},{"event_name":"Mysterious Sphere","player_choice":"Ignore","floor":44,"damage_taken":0},{"event_name":"The Lab","player_choice":"Got Potions","floor":46,"damage_taken":0}],"boss_relics":[],"potions_floor_spawned":[5,7,11,14,16,22,27,30,35,48],"seed_played":"-2500810887472967815","ascension_level":13,"is_trial":false}