{"path_per_floor":["M","?","M","$","M","E","R","E","T","M","R","$","E","T","R","B",null,"M","M","?","M","$","R","M","R","T","E","R","M","?","M","R"],"character_chosen":"IRONCLAD","items_purchased":["Rampage","Corruption","Lantern","Flash of Steel","Flash of Steel"],"gold_per_floor":[412,412,430,96,109,134,134,165,244,261,261,68,102,129,129,206,206,220,233,233,244,31,31,51,51,51,82,82,95,95,111,111],"floor_reached":33,"campfire_rested":4,"playtime":1365,"current_hp_per_floor":[33,58,57,57,63,35,35,30,30,34,34,34,11,11,32,11,57,44,25,49,32,32,53,39,39,39,28,49,41,41,29,50],"items_purged":["Parasite","Strike_R","Strike_R"],"gold":111,"score":485,"play_id":"1127303e-ea42-483f-a7a4-e2d88f54b219","local_time":"20180313214645","is_prod":false,"is_daily":false,"is_ascension_mode":true,"campfire_upgraded":3,"timestamp":1520999205,"path_taken":["M","?","M","$","M","E","R","E","T","?","R","?","E","?","R","BOSS","M","M","?","M","$","R","M","R","T","E","R","M","?","M","R","BOSS"],"build_version":"2018-03-09","purchased_purges":3,"victory":false,"master_deck":["Strike_R","Strike_R","Strike_R","Defend_R","Defend_R+1","Defend_R+1","Defend_R","Bash","Thunderclap","Rampage+1","Corruption+1","Iron Wave","Whirlwind+1","Shrug It Off","Headbutt","Flash of Steel","Fiend Fire","Flash of Steel","Seeing Red+1","Shrug It Off"],"max_hp_per_floor":[75,75,75,72,72,72,72,72,72,72,72,72,72,72,72,72,72,72,72,72,72,72,72,72,72,72,72,72,72,72,72,72],"relics":["Burning Blood","Old Coin","Lantern","Magic Flower","Calipers","Tiny Chest","Art of War","War Paint","Runic Cube","Torii","Letter Opener"],"card_choices":[{"not_picked":["Ghostly Armor","Twin Strike"],"picked":"Thunderclap"},{"not_picked":["Cleave","Corruption"],"picked":"Iron Wave"},{"not_picked":["Limit Break","Wild Strike"],"picked":"Whirlwind"},{"not_picked":["Thunderclap","Havoc"],"picked":"Shrug It Off"},{"not_picked":["Clothesline","Evolve"],"picked":"Headbutt"},{"not_picked":["Exhume","Barricade"],"picked":"Fiend Fire"},{"not_picked":["Disarm","True Grit"],"picked":"Seeing Red"},{"not_picked":["Entrench","Body Slam"],"picked":"Shrug It Off"}],"player_experience":542652,"potions_floor_usage":[27,27,31,33],"damage_taken":[{"damage":7.0,"enemies":"2 Louse","floor":1.0,"turns":4.0},{"damage":7.0,"enemies":"Jaw Worm","floor":3.0,"turns":3.0},{"damage":0.0,"enemies":"Cultist","floor":5.0,"turns":2.0},{"damage":34.0,"enemies":"3 Sentries","floor":6.0,"turns":7.0},{"damage":34.0,"enemies":"Gremlin Nob","floor":8.0,"turns":5.0},{"damage":5.0,"enemies":"Red Slaver","floor":10.0,"turns":3.0},{"damage":32.0,"enemies":"Lagavulin","floor":13.0,"turns":5.0},{"damage":30,"enemies":"Slime Boss","floor":16,"turns":8},{"damage":22,"enemies":"Spheric Guardian","floor":18,"turns":4},{"damage":28,"enemies":"2 Thieves","floor":19,"turns":3},{"damage":26,"enemies":"Chosen and Byrds","floor":21,"turns":4},{"damage":23,"enemies":"Snecko","floor":24,"turns":4},{"damage":40,"enemies":"Slavers","floor":27,"turns":6},{"damage":17,"enemies":"Snake Plant","floor":29,"turns":4},{"damage":21,"enemies":"Slaver and Parasite","floor":31,"turns":5},{"damage":65,"enemies":"Champ","floor":33,"turns":7}],"event_choices":[{"event_name":"Big Fish","player_choice":"Banana","floor":2.0,"damage_taken":0.0},{"event_name":"The Library","player_choice":"Heal","floor":20,"damage_taken":0},{"event_name":"Drug Dealer","player_choice":"Ignored","floor":30,"damage_taken":0}],"boss_relics":[{"not_picked":["Eternal Feather","Snecko Eye"],"picked":"Runic Cube"}],"potions_floor_spawned":[3,6,16,21,24,29],"seed_played":"-6198349799299984088","killed_by":"Champ","ascension_level":14,"is_trial":false}