{"path_per_floor":["M","M","M","?","?","R","M","$","T","R","?","R","M","T","R","B",null,"M","?","$","M","M","E","M"],"character_chosen":"IRONCLAD","items_purchased":["Body Slam"],"gold_per_floor":[19,30,49,49,49,49,69,19,19,19,19,19,35,35,35,133,133,148,148,73,92,104,130,150],"floor_reached":25,"campfire_rested":0,"playtime":744,"current_hp_per_floor":[80,80,80,85,73,73,79,79,79,79,79,79,75,75,75,58,85,66,66,66,72,53,24,16],"items_purged":["Strike_R"],"gold":150,"score":256,"play_id":"55cf9c79-5a67-4abc-a75a-5610956830e0","local_time":"20180308003850","is_prod":false,"is_daily":false,"is_ascension_mode":true,"campfire_upgraded":4,"timestamp":1520494730,"path_taken":["M","M","M","?","?","R","M","$","T","R","?","R","M","?","R","BOSS","M","?","$","M","M","E","?","M"],"build_version":"2018-03-01-PROD1","purchased_purges":1,"victory":false,"master_deck":["Strike_R","Strike_R","Defend_R","Defend_R","Defend_R","Bash+1","Headbutt","Clash","Armaments+1","Flex","Metallicize","Spot Weakness","Body Slam+1","Brutality","Rampage+1","Limit Break","Headbutt","Shrug It Off","Pommel Strike","Evolve","Shrug It Off+1"],"max_hp_per_floor":[80,80,80,85,85,85,85,85,85,85,85,85,85,85,85,85,85,85,85,85,85,85,85,85],"relics":["Burning Blood","Happy Flower","Paper Frog","Mercury Hourglass","Mark of Pain","Charon\u0027s Ashes"],"card_choices":[{"not_picked":["Sword Boomerang","Headbutt"],"picked":"Armaments"},{"not_picked":["Iron Wave","Combust"],"picked":"Flex"},{"not_picked":["Warcry","Rage"],"picked":"Metallicize"},{"not_picked":["Clothesline","Cleave"],"picked":"Spot Weakness"},{"not_picked":["Immolate","Havoc"],"picked":"Rampage"},{"not_picked":["Feed","Reaper"],"picked":"Limit Break"},{"not_picked":["Dual Wield","Shrug It Off"],"picked":"Headbutt"},{"not_picked":["Dual Wield","Bloodletting"],"picked":"Pommel Strike"},{"not_picked":["Bloodletting","Perfected Strike"],"picked":"Evolve"},{"not_picked":["Pommel Strike","Cleave"],"picked":"Shrug It Off"}],"player_experience":493811,"potions_floor_usage":[22,25],"damage_taken":[{"damage":4,"enemies":"Jaw Worm","floor":1,"turns":3},{"damage":2,"enemies":"2 Louse","floor":2,"turns":2},{"damage":1,"enemies":"Cultist","floor":3,"turns":3},{"damage":0,"enemies":"3 Louse","floor":7,"turns":4},{"damage":10,"enemies":"Blue Slaver","floor":13,"turns":2},{"damage":23,"enemies":"Slime Boss","floor":16,"turns":7},{"damage":25,"enemies":"Shell Parasite","floor":18,"turns":4},{"damage":0,"enemies":"Spheric Guardian","floor":21,"turns":2},{"damage":25,"enemies":"Slaver and Parasite","floor":22,"turns":3},{"damage":35,"enemies":"Slavers","floor":23,"turns":5},{"damage":14,"enemies":"Snecko","floor":24,"turns":4},{"damage":16,"enemies":"Centurion and Healer","floor":25,"turns":5}],"event_choices":[{"event_name":"Big Fish","player_choice":"Donut","floor":4,"damage_taken":0},{"event_name":"Scrap Ooze","player_choice":"success","floor":5,"damage_taken":12},{"event_name":"Transmorgrifier","player_choice":"Transform","floor":11,"damage_taken":0},{"event_name":"The Library","player_choice":"Read","floor":19,"damage_taken":0}],"boss_relics":[{"not_picked":["Eternal Feather","Snecko Eye"],"picked":"Mark of Pain"}],"potions_floor_spawned":[2,18],"seed_played":"-1506641574914161047","killed_by":"Centurion and Healer","ascension_level":4,"is_trial":false}