{"path_per_floor":["M","?","M","$","T","R","E","?","T","E","M","M","M","?","R","B",null,"M","M","?","?","$","R"],"character_chosen":"IRONCLAD","items_purchased":["Bronze Scales","Metallicize"],"gold_per_floor":[110,110,121,46,46,46,71,51,51,84,99,114,130,80,80,185,185,203,221,321,246,14,14],"floor_reached":24,"campfire_rested":0,"playtime":593,"current_hp_per_floor":[80,80,80,80,80,80,80,80,80,67,73,71,71,71,71,48,80,54,51,51,51,51,51],"items_purged":["Defend_R"],"gold":14,"score":229,"play_id":"6ee39ce4-a250-48b6-b919-140ebd94e6fa","local_time":"20180308180121","is_prod":false,"is_daily":false,"is_ascension_mode":false,"campfire_upgraded":3,"timestamp":1520550081,"path_taken":["M","?","M","$","?","R","E","?","T","E","?","M","?","?","R","BOSS","M","M","?","?","$","R","E"],"build_version":"2018-03-01-PROD1","purchased_purges":1,"victory":false,"master_deck":["Strike_R","Strike_R","Strike_R","Defend_R","Defend_R","Bash+1","Clothesline","Demon Form","Evolve","Shrug It Off","Heavy Blade","Uppercut+1","Limit Break+1","Wild Strike+1","Metallicize"],"max_hp_per_floor":[80,80,80,80,80,80,80,80,80,80,80,80,80,80,80,80,80,80,80,80,80,80,80],"relics":["Burning Blood","NeowsBlessing","Kunai","Mummified Hand","Champion Belt","Unceasing Top","Black Star","Bronze Scales"],"card_choices":[{"not_picked":["Twin Strike","Metallicize"],"picked":"Clothesline"},{"not_picked":["Twin Strike","Dark Embrace"],"picked":"Evolve"},{"not_picked":["Warcry","Fire Breathing"],"picked":"Shrug It Off"},{"not_picked":["Carnage","Whirlwind"],"picked":"Heavy Blade"},{"not_picked":["Shrug It Off","Bloodletting"],"picked":"Uppercut"},{"not_picked":["Brutality","Dark Embrace"],"picked":"Limit Break"},{"not_picked":["Seeing Red","Body Slam"],"picked":"Wild Strike"}],"player_experience":121522,"potions_floor_usage":[11,18,18,19,24,24],"damage_taken":[{"damage":0,"enemies":"2 Louse","floor":1,"turns":1},{"damage":0,"enemies":"Small Slimes","floor":3,"turns":1},{"damage":0,"enemies":"3 Sentries","floor":7,"turns":2},{"damage":19,"enemies":"Gremlin Nob","floor":10,"turns":4},{"damage":0,"enemies":"Cultist","floor":11,"turns":3},{"damage":8,"enemies":"Exordium Thugs","floor":12,"turns":5},{"damage":6,"enemies":"2 Fungi Beasts","floor":13,"turns":4},{"damage":29,"enemies":"The Guardian","floor":16,"turns":7},{"damage":38,"enemies":"2 Thieves","floor":18,"turns":4},{"damage":18,"enemies":"Shell Parasite","floor":19,"turns":4},{"damage":52,"enemies":"Slavers","floor":24,"turns":4}],"event_choices":[{"event_name":"Living Wall","player_choice":"Change","floor":2,"damage_taken":0},{"event_name":"The Woman in Blue","player_choice":"Bought 1 Potion","floor":8,"damage_taken":0},{"event_name":"The Cleric","player_choice":"Card Removal","floor":14,"damage_taken":0},{"event_name":"Golden Shrine","player_choice":"Pray","floor":20,"damage_taken":0},{"event_name":"Beggar","player_choice":"Gave Gold","floor":21,"damage_taken":0}],"boss_relics":[{"not_picked":["Eternal Feather","Question Card"],"picked":"Black Star"}],"potions_floor_spawned":[11,12,13,16,18,19],"seed_played":"3713936209149753799","killed_by":"Slavers","ascension_level":0,"is_trial":false}