{"path_per_floor":["M","?","?","M","$","E","R","M","T","?","E","R","E","T","R","B",null,"M","?","?","?","M","M","$","R","T","M","R","E","R","M","R","B",null,"M","M","$","M","?","R","?","M","T","?","E","R","E","?","R","B"],"character_chosen":"IRONCLAD","items_purchased":["Metallicize","Flash of Steel","Uppercut"],"gold_per_floor":[117,117,117,130,20,46,46,65,65,165,194,194,225,525,525,625,625,625,625,625,625,625,625,419,419,419,419,419,419,419,419,419,419,419,419,419,217,217,0,0,0,0,0,0,0,0,0,0,0,0],"floor_reached":51,"campfire_rested":0,"playtime":1976,"current_hp_per_floor":[78,77,77,77,77,50,50,55,55,55,46,46,56,56,56,48,75,72,72,56,56,61,58,58,58,58,66,66,63,63,71,71,54,80,82,76,76,88,88,88,88,79,79,79,68,68,80,69,69,74],"items_purged":["Strike_R","Bash","Strike_R"],"gold":0,"score":963,"play_id":"2ceb215c-dacc-4553-92cf-03254b4c2a0a","local_time":"20180307195259","is_prod":false,"is_daily":false,"is_ascension_mode":true,"campfire_upgraded":10,"timestamp":1520448779,"path_taken":["M","?","?","M","?","E","R","M","T","?","E","R","E","?","R","BOSS","M","?","?","?","?","M","$","R","T","M","R","E","R","M","R","BOSS","M","M","$","?","?","R","?","M","T","?","E","R","E","?","R","BOSS"],"build_version":"2018-03-01-PROD1","purchased_purges":3,"victory":true,"master_deck":["Strike_R+1","Strike_R+1","Strike_R+1","Defend_R+1","Defend_R+1","Defend_R+1","Defend_R+1","Shrug It Off+1","Bash","Spot Weakness","Metallicize+1","Carnage+1","Dropkick","Demon Form+1","Flex+1","Limit Break+1","Heavy Blade+1","Armaments+1","Flash of Steel+1","Headbutt+1","Offering+1","Dual Wield+1","Disarm+1","True Grit+1","Uppercut+1","Metallicize+1","Seeing Red+1","Madness","Madness"],"max_hp_per_floor":[80,77,77,77,77,77,77,77,77,77,77,77,84,84,84,84,84,84,84,89,89,89,89,89,89,89,89,89,89,89,89,89,89,89,89,89,89,89,89,89,89,89,89,89,89,89,89,89,89,89],"relics":["Burning Blood","Gambling Chip","Thread and Needle","Molten Egg 2","Strawberry","Old Coin","Ectoplasm","Bird Faced Urn","Shuriken","Snecko Eye","Red Mask","Meat on the Bone","Bottled Lightning","Toolbox"],"card_choices":[{"not_picked":["Hemokinesis","Anger"],"picked":"Twin Strike"},{"not_picked":["Iron Wave","Heavy Blade"],"picked":"Shrug It Off"},{"not_picked":["Infernal Blade","Cleave"],"picked":"Spot Weakness"},{"not_picked":["Headbutt","Corruption"],"picked":"Carnage"},{"not_picked":["Sword Boomerang","Wild Strike"],"picked":"Dropkick"},{"not_picked":["Dark Embrace","Thunderclap"],"picked":"Demon Form"},{"not_picked":["Anger","Heavy Blade"],"picked":"Flex"},{"not_picked":["Offering","Feed"],"picked":"Limit Break"},{"not_picked":["Second Wind","Searing Blow"],"picked":"Heavy Blade"},{"not_picked":["Intimidate","Fire Breathing"],"picked":"Armaments"},{"not_picked":["Blood for Blood","Body Slam"],"picked":"Headbutt"},{"not_picked":["Power Through","Wild Strike"],"picked":"Offering"},{"not_picked":["Flex","Twin Strike"],"picked":"Dual Wield"},{"not_picked":["True Grit","Headbutt"],"picked":"Disarm"},{"not_picked":["Pommel Strike","Fire Breathing"],"picked":"True Grit"},{"not_picked":["Rage","Corruption"],"picked":"Metallicize"},{"not_picked":["Cleave","Sentinel"],"picked":"Seeing Red"}],"player_experience":303526,"potions_floor_usage":[11,23,23,50,50],"damage_taken":[{"damage":0,"enemies":"Small Slimes","floor":1,"turns":4},{"damage":6,"enemies":"Cultist","floor":4,"turns":4},{"damage":33,"enemies":"Gremlin Nob","floor":6,"turns":5},{"damage":1,"enemies":"Jaw Worm","floor":8,"turns":3},{"damage":15,"enemies":"Lagavulin","floor":11,"turns":6},{"damage":3,"enemies":"3 Sentries","floor":13,"turns":7},{"damage":14,"enemies":"The Guardian","floor":16,"turns":9},{"damage":9,"enemies":"Chosen","floor":18,"turns":5},{"damage":1,"enemies":"Shell Parasite","floor":22,"turns":3},{"damage":9,"enemies":"Snake Plant","floor":23,"turns":4},{"damage":0,"enemies":"Centurion and Healer","floor":27,"turns":4},{"damage":13,"enemies":"Gremlin Leader","floor":29,"turns":5},{"damage":0,"enemies":"Snecko","floor":31,"turns":3},{"damage":35,"enemies":"Automaton","floor":33,"turns":8},{"damage":8,"enemies":"3 Shapes","floor":35,"turns":6},{"damage":16,"enemies":"3 Darklings","floor":36,"turns":4},{"damage":0,"enemies":"Maw","floor":38,"turns":4},{"damage":19,"enemies":"4 Shapes","floor":42,"turns":5},{"damage":25,"enemies":"2 Orb Walkers","floor":45,"turns":4},{"damage":0,"enemies":"Giant Head","floor":47,"turns":5},{"damage":19,"enemies":"Donu and Deca","floor":50,"turns":5}],"event_choices":[{"event_name":"Purifier","player_choice":"One Purge","floor":2,"damage_taken":0},{"event_name":"Match and Keep!","player_choice":"1 cards matched","floor":3,"damage_taken":0},{"event_name":"Golden Shrine","player_choice":"Pray","floor":10,"damage_taken":0},{"event_name":"Drug Dealer","player_choice":"Ignored","floor":19,"damage_taken":0},{"event_name":"Forgotten Altar","player_choice":"Shed Blood","floor":20,"damage_taken":0},{"event_name":"Back to Basics","player_choice":"Simplicity","floor":21,"damage_taken":0},{"event_name":"Tomb of Lord Red Mask","player_choice":"Paid","floor":39,"damage_taken":0},{"event_name":"Mysterious Sphere","player_choice":"Ignore","floor":41,"damage_taken":0},{"event_name":"Winding Halls","player_choice":"Embrace Madness","floor":48,"damage_taken":0}],"boss_relics":[{"not_picked":["White Beast Statue","Lizard Tail"],"picked":"Ectoplasm"},{"not_picked":["Runic Dome","Philosopher\u0027s Stone"],"picked":"Snecko Eye"}],"potions_floor_spawned":[8,11,18,31,38,45],"seed_played":"-8188919360445227549","ascension_level":11,"is_trial":false}