{"path_per_floor":["M","?","M","$","?","R","E","R","T","R","$","E","?","M","R","B",null,"M","M","$","M","T","R","E","?","T","?"],"character_chosen":"IRONCLAD","items_purchased":["Barricade","Entrench","Evolve","Burning Pact"],"gold_per_floor":[115,290,300,65,15,15,48,48,71,71,71,99,99,115,115,214,214,228,240,3,21,21,21,50,50,50,50],"floor_reached":28,"campfire_rested":1,"playtime":827,"current_hp_per_floor":[72,72,72,72,72,72,50,50,50,50,50,40,45,47,47,17,62,36,37,37,37,37,60,12,12,12,12],"items_purged":["Doubt"],"gold":50,"score":347,"play_id":"f0a16e4d-4ca4-4222-be8a-01801d44f38a","local_time":"20180310014831","is_prod":false,"is_daily":false,"is_ascension_mode":true,"campfire_upgraded":4,"timestamp":1520671711,"path_taken":["M","?","M","$","?","R","E","R","T","R","$","E","?","M","R","BOSS","M","M","$","M","?","R","E","?","T","?","M"],"build_version":"2018-03-09","purchased_purges":1,"victory":false,"master_deck":["Strike_R","Strike_R","Strike_R","Defend_R","Defend_R","Defend_R","Bash","Heavy Blade+1","Cleave+1","Barricade+1","True Grit+1","Demon Form+1","Entrench+1","Brutality","Pommel Strike","Entrench+1","Evolve","Burning Pact+1","Body Slam"],"max_hp_per_floor":[72,72,72,72,72,72,72,72,72,72,72,72,77,77,77,77,77,77,77,77,77,77,77,77,77,77,77],"relics":["Burning Blood","Toxic Egg 2","Oddly Smooth Stone","Juzu Bracelet","Mark of Pain","Art of War","Bottled Lightning","Lantern"],"card_choices":[{"not_picked":["Second Wind","Metallicize"],"picked":"Heavy Blade"},{"not_picked":["Headbutt","Thunderclap"],"picked":"Cleave"},{"not_picked":["Heavy Blade","Havoc"],"picked":"True Grit"},{"not_picked":["Impervious","Iron Wave"],"picked":"Demon Form"},{"not_picked":["Rampage","Sentinel"],"picked":"Entrench"},{"not_picked":["Berserk","Feed"],"picked":"Brutality"},{"not_picked":["Rupture","Disarm"],"picked":"Pommel Strike"},{"not_picked":["Whirlwind","Clash"],"picked":"Body Slam"}],"player_experience":505839,"potions_floor_usage":[7,12,24],"damage_taken":[{"damage":0,"enemies":"Small Slimes","floor":1,"turns":3},{"damage":6,"enemies":"2 Louse","floor":3,"turns":2},{"damage":43,"enemies":"3 Sentries","floor":7,"turns":8},{"damage":16,"enemies":"Gremlin Nob","floor":12,"turns":3},{"damage":4,"enemies":"Cultist","floor":14,"turns":4},{"damage":36,"enemies":"The Guardian","floor":16,"turns":10},{"damage":32,"enemies":"Shell Parasite","floor":18,"turns":5},{"damage":5,"enemies":"Spheric Guardian","floor":19,"turns":6},{"damage":6,"enemies":"Snecko","floor":21,"turns":5},{"damage":54,"enemies":"Book of Stabbing","floor":24,"turns":7},{"damage":18,"enemies":"Centurion and Healer","floor":28,"turns":3}],"event_choices":[{"event_name":"Liars Game","player_choice":"agreed","floor":2,"damage_taken":0},{"event_name":"The Cleric","player_choice":"Card Removal","floor":5,"damage_taken":0},{"event_name":"Big Fish","player_choice":"Donut","floor":13,"damage_taken":0},{"event_name":"Addict","player_choice":"Ignored","floor":25,"damage_taken":0},{"event_name":"Cursed Tome","player_choice":"Ignored","floor":27,"damage_taken":0}],"boss_relics":[{"not_picked":["Orrery","Runic Cube"],"picked":"Mark of Pain"}],"potions_floor_spawned":[3,7,14,18,21],"seed_played":"9218100267515636742","killed_by":"Centurion and Healer","ascension_level":6,"is_trial":false}