{"path_per_floor":["M","?","M","M","?","E","?","R","T","R","E","M","M","M","R","B",null,"M","M","?","?","$","R","?","R","T","M","M","M","M","M","R","B",null,"M","$","M","M","M","?","R","?","T","?","R","M","R","M","R","B"],"character_chosen":"IRONCLAD","items_purchased":["Ice Cream"],"gold_per_floor":[113,188,204,217,217,249,249,249,295,295,323,333,343,362,362,457,457,473,489,489,489,135,135,50,50,74,86,96,108,123,139,139,237,237,257,207,220,237,250,250,250,250,250,250,250,267,267,281,281,281],"floor_reached":51,"campfire_rested":3,"playtime":1765,"current_hp_per_floor":[80,69,74,80,64,48,41,41,41,41,20,15,21,27,51,14,80,70,73,73,73,73,73,73,73,73,81,83,83,83,83,83,22,83,83,83,83,68,53,53,77,77,77,77,77,58,58,66,83,20],"items_purged":["Strike_R","Strike_R"],"gold":281,"score":763,"play_id":"c3e4ab10-9f6e-4e38-932a-ca6298cc7844","local_time":"20180313153756","is_prod":false,"is_daily":false,"is_ascension_mode":false,"campfire_upgraded":7,"timestamp":1520969876,"path_taken":["M","?","M","?","?","E","?","R","T","R","E","M","M","M","R","BOSS","M","?","?","?","$","R","?","R","T","M","?","M","M","?","R","BOSS","M","$","?","M","M","?","R","?","T","?","R","M","R","M","R","BOSS"],"build_version":"2018-03-09","purchased_purges":2,"victory":true,"master_deck":["Strike_R+1","Defend_R","Defend_R","Defend_R","Bash+1","Seeing Red+1","Battle Trance+1","Shrug It Off","Pommel Strike","Fiend Fire+1","Whirlwind+1","Flex+1","Fire Breathing","Demon Form","Bloodletting+1","Corruption+1"],"max_hp_per_floor":[80,80,80,80,80,80,80,80,80,80,80,80,80,80,80,80,80,80,83,83,83,83,83,83,83,83,83,83,83,83,83,83,83,83,83,83,83,83,83,83,83,83,83,83,83,83,83,83,83,83],"relics":["Burning Blood","Blood Vial","Dead Branch","Happy Flower","Smiling Mask","Sozu","Ice Cream","Omamori","Bag of Marbles","Philosopher\u0027s Stone","Charon\u0027s Ashes"],"card_choices":[{"not_picked":["Clothesline","Sever Soul"],"picked":"Seeing Red"},{"not_picked":["Flame Barrier","Cleave"],"picked":"Battle Trance"},{"not_picked":["Clash","Limit Break"],"picked":"Shrug It Off"},{"not_picked":["Sever Soul","Clash"],"picked":"Pommel Strike"},{"not_picked":["Double Tap","Barricade"],"picked":"Fiend Fire"},{"not_picked":["Flex","Bloodletting"],"picked":"Whirlwind"},{"not_picked":["Immolate","Barricade"],"picked":"Demon Form"},{"not_picked":["Pommel Strike","Perfected Strike"],"picked":"Bloodletting"},{"not_picked":["Sever Soul","Cleave"],"picked":"Corruption"}],"player_experience":356621,"potions_floor_usage":[6,11,16,16,50],"damage_taken":[{"damage":6,"enemies":"2 Louse","floor":1,"turns":3},{"damage":3,"enemies":"Small Slimes","floor":3,"turns":3},{"damage":1,"enemies":"Jaw Worm","floor":4,"turns":3},{"damage":24,"enemies":"Gremlin Nob","floor":6,"turns":5},{"damage":44,"enemies":"Lagavulin","floor":11,"turns":6},{"damage":13,"enemies":"Gremlin Gang","floor":12,"turns":4},{"damage":2,"enemies":"Looter","floor":13,"turns":2},{"damage":2,"enemies":"Blue Slaver","floor":14,"turns":3},{"damage":45,"enemies":"The Guardian","floor":16,"turns":17},{"damage":20,"enemies":"Shell Parasite","floor":18,"turns":4},{"damage":8,"enemies":"Chosen","floor":19,"turns":3},{"damage":0,"enemies":"Snake Plant","floor":27,"turns":1},{"damage":0,"enemies":"Snecko","floor":28,"turns":2},{"damage":3,"enemies":"Cultist and Chosen","floor":29,"turns":1},{"damage":0,"enemies":"3 Cultists","floor":30,"turns":1},{"damage":3,"enemies":"Centurion and Healer","floor":31,"turns":3},{"damage":67,"enemies":"Automaton","floor":33,"turns":7},{"damage":0,"enemies":"Orb Walker","floor":35,"turns":2},{"damage":0,"enemies":"3 Shapes","floor":37,"turns":1},{"damage":21,"enemies":"3 Darklings","floor":38,"turns":2},{"damage":23,"enemies":"Maw","floor":39,"turns":6},{"damage":27,"enemies":"4 Shapes","floor":46,"turns":1},{"damage":0,"enemies":"Sphere and 2 Shapes","floor":48,"turns":1},{"damage":69,"enemies":"Awakened One","floor":50,"turns":5}],"event_choices":[{"event_name":"World of Goop","player_choice":"Gather Gold","floor":2,"damage_taken":0},{"event_name":"Shining Light","player_choice":"Entered Light","floor":5,"damage_taken":0},{"event_name":"Golden Wing","player_choice":"Card Removal","floor":7,"damage_taken":0},{"event_name":"The Library","player_choice":"Read","floor":20,"damage_taken":0},{"event_name":"Transmorgrifier","player_choice":"Transform","floor":21,"damage_taken":0},{"event_name":"Addict","player_choice":"Obtained Relic","floor":24,"damage_taken":0},{"event_name":"Mysterious Sphere","player_choice":"Ignore","floor":40,"damage_taken":0},{"event_name":"Tomb of Lord Red Mask","player_choice":"Ignored","floor":42,"damage_taken":0}],"boss_relics":[{"not_picked":["Tiny House","Question Card"],"picked":"Sozu"},{"not_picked":["Black Blood","Orrery"],"picked":"Philosopher\u0027s Stone"}],"potions_floor_spawned":[3,4,12,13,16,19,28,29,30,35,39],"seed_played":"-3856633711373101865","ascension_level":0,"is_trial":false}