{"path_per_floor":["M","?","M","M","M","R","?","R","T","M","M","R","?","?","R","B",null,"M","M","$","M","$","R","?","R","T","$","M","$"],"character_chosen":"IRONCLAD","items_purchased":["Inflame","Metallicize","Rage"],"gold_per_floor":[15,15,30,45,64,64,122,122,122,140,155,155,155,155,155,256,256,267,284,128,142,63,63,63,63,86,17,36,36],"floor_reached":30,"campfire_rested":0,"playtime":1117,"current_hp_per_floor":[69,69,68,74,77,77,52,52,52,56,64,64,57,77,77,66,74,69,73,73,62,62,62,62,62,62,62,25,25],"items_purged":["Strike_R"],"gold":36,"score":341,"play_id":"ab369603-81c3-4f84-8cab-6cea1063608a","local_time":"20180306074112","is_prod":false,"is_daily":false,"is_ascension_mode":true,"campfire_upgraded":6,"timestamp":1520343672,"path_taken":["M","?","M","M","?","R","?","R","T","M","M","R","?","?","R","BOSS","M","M","$","M","$","R","?","R","T","?","M","$","M"],"build_version":"2018-03-01-PROD1","purchased_purges":3,"victory":false,"master_deck":["Strike_R","Defend_R","Defend_R","Defend_R","Defend_R","Bash","Battle Trance+1","Battle Trance","Armaments+1","Headbutt","Uppercut+1","Cleave","Pommel Strike+1","Double Tap+1","Seeing Red+1","Anger","Inflame","Rage+1","Metallicize","Flex","Rage"],"max_hp_per_floor":[77,77,77,77,77,77,77,77,77,77,77,77,77,77,77,77,77,77,77,77,77,77,77,77,77,77,77,77,77],"relics":["Burning Blood","Blood Vial","Unceasing Top","Runic Cube","Regal Pillow"],"card_choices":[{"not_picked":["Armaments","Seeing Red"],"picked":"Battle Trance"},{"not_picked":["Sword Boomerang","True Grit"],"picked":"Armaments"},{"not_picked":["Havoc","Wild Strike"],"picked":"Headbutt"},{"not_picked":["Power Through","Twin Strike"],"picked":"Uppercut"},{"not_picked":["Evolve","Havoc"],"picked":"Cleave"},{"not_picked":["Flex","Power Through"],"picked":"Pommel Strike"},{"not_picked":["Brutality","Feed"],"picked":"Double Tap"},{"not_picked":["Anger","Warcry"],"picked":"Seeing Red"},{"not_picked":["Battle Trance","Intimidate"],"picked":"Anger"},{"not_picked":["Power Through","Armaments"],"picked":"Rage"}],"player_experience":326791,"potions_floor_usage":[18,19,28],"damage_taken":[{"damage":9,"enemies":"Small Slimes","floor":1,"turns":4},{"damage":7,"enemies":"Jaw Worm","floor":3,"turns":3},{"damage":0,"enemies":"Cultist","floor":4,"turns":4},{"damage":1,"enemies":"2 Fungi Beasts","floor":5,"turns":4},{"damage":31,"enemies":"Lagavulin Event","floor":7,"turns":6},{"damage":4,"enemies":"Looter","floor":10,"turns":3},{"damage":0,"enemies":"Large Slime","floor":11,"turns":4},{"damage":17,"enemies":"The Guardian","floor":16,"turns":14},{"damage":13,"enemies":"Spheric Guardian","floor":18,"turns":5},{"damage":4,"enemies":"Chosen","floor":19,"turns":6},{"damage":19,"enemies":"Sentry and Sphere","floor":21,"turns":4},{"damage":45,"enemies":"Cultist and Chosen","floor":28,"turns":7},{"damage":29,"enemies":"3 Cultists","floor":30,"turns":5}],"event_choices":[{"event_name":"Living Wall","player_choice":"Change","floor":2,"damage_taken":0},{"event_name":"Dead Adventurer","player_choice":"Searched \u00271\u0027 times","floor":7,"damage_taken":0},{"event_name":"Golden Wing","player_choice":"Card Removal","floor":13,"damage_taken":0},{"event_name":"Big Fish","player_choice":"Banana","floor":14,"damage_taken":0},{"event_name":"The Library","player_choice":"Read","floor":24,"damage_taken":0}],"boss_relics":[{"not_picked":["Tiny House","Pandora\u0027s Box"],"picked":"Runic Cube"}],"potions_floor_spawned":[4,5,7,7,21,28],"seed_played":"-985171639880099520","killed_by":"3 Cultists","ascension_level":11,"is_trial":false}