{"path_per_floor":["M","M","M","?","$","R","M","R","T","R","M","?","R","?","R","B",null,"M","$","?","?","?","R","M","?","T","R","M","R","$","M","R","B",null,"M","M","M","?","?","R"],"character_chosen":"IRONCLAD","items_purchased":["Vajra","Shuriken","Metallicize","Shrug It Off"],"gold_per_floor":[119,138,156,156,33,33,45,45,45,45,63,119,119,147,147,218,248,213,22,22,22,22,22,34,34,58,58,74,74,5,18,18,89,89,105,125,138,138,138,138],"floor_reached":41,"campfire_rested":4,"playtime":1268,"current_hp_per_floor":[32,38,37,25,25,49,42,42,42,42,39,29,29,20,44,20,70,56,56,56,56,56,56,47,47,47,47,46,46,46,42,66,7,63,63,58,19,19,9,33],"items_purged":[],"gold":138,"score":667,"play_id":"50402613-4581-4e8a-957d-7cb04fabcd84","local_time":"20180312174359","is_prod":false,"is_daily":false,"is_ascension_mode":true,"campfire_upgraded":5,"timestamp":1520898239,"path_taken":["M","?","M","?","?","R","M","R","T","R","?","?","R","?","R","BOSS","M","$","?","?","?","R","M","?","T","R","M","R","$","M","R","BOSS","M","M","M","?","?","R","E"],"build_version":"2018-03-09","purchased_purges":0,"victory":false,"master_deck":["Strike_R","Strike_R","Strike_R","Strike_R","Defend_R+1","Defend_R+1","Defend_R","Bash","Demon Form+1","Iron Wave","Thunderclap","Heavy Blade+1","Body Slam+1","Metallicize+1","Shrug It Off+1","Intimidate","Double Tap+1","Metallicize","Corruption+1","Iron Wave+1","Metallicize","Shrug It Off","Shockwave","Madness","Madness"],"max_hp_per_floor":[80,80,80,80,80,80,80,80,80,80,80,80,80,80,80,80,85,85,85,85,85,85,85,85,82,82,82,82,82,82,82,82,82,82,82,82,82,82,82,82],"relics":["Burning Blood","The Courier","Vajra","Girya","Molten Egg 2","Odd Mushroom","Tiny House","Shuriken","Lantern","War Paint","Velvet Choker"],"card_choices":[{"not_picked":["True Grit","Perfected Strike"],"picked":"Thunderclap"},{"not_picked":["Pommel Strike","Blood for Blood"],"picked":"Heavy Blade"},{"not_picked":["Iron Wave","Armaments"],"picked":"Body Slam"},{"not_picked":["Intimidate","Havoc"],"picked":"Metallicize"},{"not_picked":["Thunderclap","Headbutt"],"picked":"Shrug It Off"},{"not_picked":["Sever Soul","Clash"],"picked":"Intimidate"},{"not_picked":["Impervious","Brutality"],"picked":"Double Tap"},{"not_picked":["Sentinel","Clothesline"],"picked":"Metallicize"},{"not_picked":["Hemokinesis","Wild Strike"],"picked":"Corruption"},{"not_picked":["Rupture","Hemokinesis"],"picked":"Iron Wave"},{"not_picked":["Sword Boomerang","Clash"],"picked":"Shockwave"}],"player_experience":537882,"potions_floor_usage":[41,41],"damage_taken":[{"damage":10.0,"enemies":"Cultist","floor":1.0,"turns":4.0},{"damage":0.0,"enemies":"Small Slimes","floor":2.0,"turns":3.0},{"damage":7.0,"enemies":"2 Louse","floor":3.0,"turns":3.0},{"damage":13.0,"enemies":"Exordium Thugs","floor":7.0,"turns":4.0},{"damage":9.0,"enemies":"Lots of Slimes","floor":11.0,"turns":3.0},{"damage":16.0,"enemies":"Gremlin Nob","floor":12.0,"turns":3.0},{"damage":15.0,"enemies":"The Mushroom Lair","floor":14.0,"turns":4.0},{"damage":30.0,"enemies":"The Guardian","floor":16.0,"turns":8.0},{"damage":32.0,"enemies":"2 Thieves","floor":18.0,"turns":5.0},{"damage":15.0,"enemies":"Spheric Guardian","floor":24.0,"turns":5.0},{"damage":7.0,"enemies":"Centurion and Healer","floor":28.0,"turns":5.0},{"damage":10.0,"enemies":"3 Cultists","floor":31.0,"turns":5.0},{"damage":65.0,"enemies":"Automaton","floor":33.0,"turns":11.0},{"damage":6.0,"enemies":"3 Darklings","floor":35.0,"turns":5.0},{"damage":11.0,"enemies":"Orb Walker","floor":36.0,"turns":3.0},{"damage":45.0,"enemies":"3 Darklings","floor":37.0,"turns":5.0},{"damage":39,"enemies":"2 Orb Walkers","floor":41,"turns":3}],"event_choices":[{"event_name":"Scrap Ooze","player_choice":"success","floor":4.0,"damage_taken":12.0},{"event_name":"Dead Adventurer","player_choice":"Searched \u00273\u0027 times","floor":12.0,"damage_taken":0.0},{"event_name":"Mushrooms","player_choice":"Fought Mushrooms","floor":14.0,"damage_taken":0.0},{"event_name":"Drug Dealer","player_choice":"Ignored","floor":20.0,"damage_taken":0.0},{"event_name":"The Mausoleum","player_choice":"Yes","floor":21.0,"damage_taken":0.0},{"event_name":"Beggar","player_choice":"Ignored","floor":22.0,"damage_taken":0.0},{"event_name":"Back to Basics","player_choice":"Elegance","floor":25.0,"damage_taken":0.0},{"event_name":"Mysterious Sphere","player_choice":"Ignore","floor":38.0,"damage_taken":0.0},{"event_name":"Winding Halls","player_choice":"Embrace Madness","floor":39.0,"damage_taken":0.0}],"boss_relics":[],"potions_floor_spawned":[3,7,16,24,28,33,36],"seed_played":"-5373169165917250339","killed_by":"2 Orb Walkers","ascension_level":13,"is_trial":false}