{"path_per_floor":["M","M","?","$","M","R","E","R","T","R","$","R","M","T","R","B",null,"M","?","?","?","$","R","M","R","T","R","E","M","$","M","R","B",null,"M","?","?","?","M","R","M","R","T","$","M","M"],"character_chosen":"IRONCLAD","items_purchased":["Flex","Metallicize","Metallicize","Entrench"],"gold_per_floor":[119,136,136,39,58,58,91,91,142,142,63,63,79,79,79,182,182,199,124,124,124,48,48,58,58,58,58,89,102,2,18,18,121,121,139,139,139,139,155,155,168,168,168,97,115,133],"floor_reached":47,"campfire_rested":1,"playtime":1660,"current_hp_per_floor":[78,80,80,80,79,79,78,78,78,78,78,78,80,80,80,61,75,76,76,83,83,83,83,87,87,87,87,61,50,50,56,56,61,81,87,87,87,76,68,68,49,75,75,75,70,65],"items_purged":["Strike_R","Strike_R"],"gold":133,"score":632,"play_id":"816f7802-e247-47b3-a055-b9f19354169c","local_time":"20180310021813","is_prod":false,"is_daily":false,"is_ascension_mode":true,"campfire_upgraded":10,"timestamp":1520673493,"path_taken":["M","?","?","$","M","R","E","R","T","R","?","R","M","?","R","BOSS","M","?","?","?","$","R","M","R","T","R","E","M","$","M","R","BOSS","M","?","?","?","M","R","M","R","T","$","M","M","E"],"build_version":"2018-03-09","purchased_purges":2,"victory":false,"master_deck":["Strike_R","Strike_R","Defend_R","Defend_R","Bash+1","Rage","Cleave","Flex","Flex","Demon Form+1","Metallicize+1","Metallicize+1","Pommel Strike+1","Barricade+1","Metallicize+1","Body Slam+1","Entrench+1","Madness","Madness","Metallicize+1","Clumsy","Entrench","Thunderclap","Metallicize+1"],"max_hp_per_floor":[80,80,80,80,80,80,80,80,80,80,80,80,80,80,80,80,80,80,80,87,87,87,87,87,87,87,87,87,87,87,87,87,87,87,87,87,87,87,87,87,87,87,87,87,87,87],"relics":["Burning Blood","Thread and Needle","Art of War","Champion Belt","Velvet Choker","Strawberry","Du-Vu Doll","Shuriken","Cursed Key","Juzu Bracelet"],"card_choices":[{"not_picked":["Iron Wave","Metallicize"],"picked":"Cleave"},{"not_picked":["Thunderclap","Combust"],"picked":"Flex"},{"not_picked":["Pommel Strike","Warcry"],"picked":"Demon Form"},{"not_picked":["Sever Soul","Sentinel"],"picked":"Metallicize"},{"not_picked":["True Grit","Iron Wave"],"picked":"Pommel Strike"},{"not_picked":["Exhume","Juggernaut"],"picked":"Barricade"},{"not_picked":["Perfected Strike","Uppercut"],"picked":"Body Slam"},{"not_picked":["Armaments","Body Slam"],"picked":"Entrench"},{"not_picked":["Pommel Strike","Flex"],"picked":"Metallicize"},{"not_picked":["Blood for Blood","Sword Boomerang"],"picked":"Thunderclap"},{"not_picked":["Twin Strike","Clothesline"],"picked":"Metallicize"}],"player_experience":506666,"potions_floor_usage":[47,47],"damage_taken":[{"damage":0.0,"enemies":"Cultist","floor":1.0,"turns":3.0},{"damage":0.0,"enemies":"2 Louse","floor":2.0,"turns":2.0},{"damage":7.0,"enemies":"Jaw Worm","floor":5.0,"turns":3.0},{"damage":7.0,"enemies":"Gremlin Nob","floor":7.0,"turns":4.0},{"damage":0.0,"enemies":"Exordium Thugs","floor":13.0,"turns":4.0},{"damage":25.0,"enemies":"Slime Boss","floor":16.0,"turns":7.0},{"damage":5.0,"enemies":"2 Thieves","floor":18.0,"turns":5.0},{"damage":0.0,"enemies":"Chosen","floor":24.0,"turns":7.0},{"damage":32.0,"enemies":"Slavers","floor":28.0,"turns":7.0},{"damage":17.0,"enemies":"Snecko","floor":29.0,"turns":6.0},{"damage":0.0,"enemies":"Centurion and Healer","floor":31.0,"turns":6.0},{"damage":1.0,"enemies":"Champ","floor":33.0,"turns":10.0},{"damage":0.0,"enemies":"3 Darklings","floor":35.0,"turns":7.0},{"damage":14.0,"enemies":"Orb Walker","floor":39.0,"turns":6.0},{"damage":25.0,"enemies":"4 Shapes","floor":41.0,"turns":8.0},{"damage":11.0,"enemies":"Maw","floor":45.0,"turns":7.0},{"damage":11.0,"enemies":"Sphere and 2 Shapes","floor":46.0,"turns":7.0},{"damage":83,"enemies":"2 Orb Walkers","floor":47,"turns":5}],"event_choices":[{"event_name":"The Lab","player_choice":"Got Potions","floor":3.0,"damage_taken":0.0},{"event_name":"Beggar","player_choice":"Gave Gold","floor":19.0,"damage_taken":0.0},{"event_name":"The Mausoleum","player_choice":"Yes","floor":20.0,"damage_taken":0.0},{"event_name":"Vampires","player_choice":"Ignored","floor":21.0,"damage_taken":0.0},{"event_name":"Tomb of Lord Red Mask","player_choice":"Ignored","floor":36.0,"damage_taken":0.0},{"event_name":"Winding Halls","player_choice":"Embrace Madness","floor":38.0,"damage_taken":0.0}],"boss_relics":[],"potions_floor_spawned":[2,13,29,33,45,46],"seed_played":"6522993950598031676","killed_by":"2 Orb Walkers","ascension_level":6,"is_trial":false}