{"path_per_floor":["M","?","?","$","M","E","R","M","T","R","E","R","E","$","R","B",null,"M","?","?","?","T","R","T","R","T","R","M","M"],"character_chosen":"IRONCLAD","items_purchased":["Seeing Red"],"gold_per_floor":[116,66,66,66,82,115,115,129,152,152,215,215,246,94,94,198,198,214,214,214,214,239,239,311,311,337,337,351,365],"floor_reached":30,"campfire_rested":0,"playtime":676,"current_hp_per_floor":[78,77,77,77,77,77,77,76,76,76,68,68,67,67,67,20,63,64,64,64,64,64,64,64,64,64,64,48,44],"items_purged":["Strike_R"],"gold":365,"score":414,"play_id":"aa1cb387-39ed-4d00-8c24-c2481498ac87","local_time":"20180306192233","is_prod":false,"is_daily":false,"is_ascension_mode":true,"campfire_upgraded":7,"timestamp":1520360553,"path_taken":["M","?","?","$","?","E","R","M","T","R","E","R","E","$","R","BOSS","M","?","?","?","?","R","?","R","T","R","M","M","E"],"build_version":"2018-03-01-PROD1","purchased_purges":1,"victory":false,"master_deck":["Strike_R","Strike_R","Strike_R","Strike_R","Defend_R","Defend_R","Defend_R","Defend_R","Bash+1","Intimidate+1","Cleave","Inflame+1","Spot Weakness+1","Heavy Blade+1","Seeing Red+1","Barricade+1","Blood for Blood+1","Battle Trance+1","Clumsy","Writhe","Writhe","Dual Wield+1","Entrench"],"max_hp_per_floor":[80,77,77,77,77,77,77,77,77,77,77,77,77,77,77,77,77,77,77,77,77,77,77,77,77,77,77,77,77],"relics":["Burning Blood","NeowsBlessing","Juzu Bracelet","Orichalcum","Tiny Chest","Regal Pillow","Cursed Key","Bronze Scales","Bottled Lightning","Vajra"],"card_choices":[{"not_picked":["Iron Wave","Havoc"],"picked":"Intimidate"},{"not_picked":["Infernal Blade","Corruption"],"picked":"Cleave"},{"not_picked":["Battle Trance","Seeing Red"],"picked":"Inflame"},{"not_picked":["Fiend Fire","Heavy Blade"],"picked":"Spot Weakness"},{"not_picked":["Anger","Cleave"],"picked":"Heavy Blade"},{"not_picked":["Double Tap","Impervious"],"picked":"Barricade"},{"not_picked":["Thunderclap","Sever Soul"],"picked":"Blood for Blood"},{"not_picked":["Rage","Twin Strike"],"picked":"Dual Wield"},{"not_picked":["Clash","Dual Wield"],"picked":"Entrench"}],"player_experience":301728,"potions_floor_usage":[11,13,16,18,29],"damage_taken":[{"damage":0,"enemies":"Cultist","floor":1,"turns":1},{"damage":0,"enemies":"Jaw Worm","floor":5,"turns":1},{"damage":0,"enemies":"3 Sentries","floor":6,"turns":1},{"damage":7,"enemies":"2 Louse","floor":8,"turns":2},{"damage":14,"enemies":"Gremlin Nob","floor":11,"turns":4},{"damage":7,"enemies":"3 Sentries","floor":13,"turns":5},{"damage":53,"enemies":"Hexaghost","floor":16,"turns":9},{"damage":5,"enemies":"Chosen","floor":18,"turns":4},{"damage":22,"enemies":"Shell Parasite","floor":28,"turns":5},{"damage":22,"enemies":"Chosen and Byrds","floor":29,"turns":6},{"damage":51,"enemies":"Gremlin Leader","floor":30,"turns":6}],"event_choices":[{"event_name":"The Cleric","player_choice":"Card Removal","floor":2,"damage_taken":0},{"event_name":"Upgrade Shrine","player_choice":"Upgraded","floor":3,"damage_taken":0},{"event_name":"Vampires","player_choice":"Ignored","floor":19,"damage_taken":0},{"event_name":"Match and Keep!","player_choice":"0 cards matched","floor":20,"damage_taken":0},{"event_name":"The Library","player_choice":"Read","floor":21,"damage_taken":0}],"boss_relics":[{"not_picked":["Snecko Eye","Philosopher\u0027s Stone"],"picked":"Cursed Key"}],"potions_floor_spawned":[6,8,11,16,28],"seed_played":"7759252002648298443","killed_by":"Gremlin Leader","ascension_level":11,"is_trial":false}