{"path_per_floor":["M","M","$","?","?","R","M","R","T","E","?","?","E","M","R","B",null,"M","M","M","?","?","R","M","R","T","R","$","R","?","M","R","B",null,"M","?","$","M","$","R","E","R","T","?","T","M","M","$","R","B"],"character_chosen":"IRONCLAD","items_purchased":["Inflame","Whirlwind","Kunai","Thunderclap"],"gold_per_floor":[111,125,19,19,19,19,39,39,65,108,108,136,180,201,201,327,327,351,370,385,385,385,385,404,404,427,427,55,55,55,71,71,175,175,193,193,93,112,112,112,137,137,161,161,161,171,185,60,60,60],"floor_reached":51,"campfire_rested":3,"playtime":1586,"current_hp_per_floor":[72,65,65,47,40,40,46,46,46,41,41,47,23,29,29,23,65,59,65,54,54,54,54,56,56,61,61,61,61,61,30,53,58,74,76,76,76,65,65,65,24,47,52,52,52,41,26,26,49,15],"items_purged":["Strike_R","Defend_R","Rupture"],"gold":60,"score":968,"play_id":"f931cf43-d91b-4adb-b1a3-a20c7558cf3c","local_time":"20180310143336","is_prod":false,"is_daily":false,"is_ascension_mode":true,"campfire_upgraded":8,"timestamp":1520717616,"path_taken":["M","M","$","?","?","R","M","R","T","E","?","?","E","M","R","BOSS","M","?","M","?","?","R","?","R","T","R","$","R","?","M","R","BOSS","M","?","$","M","$","R","E","R","T","?","?","M","?","?","R","BOSS"],"build_version":"2018-03-09","purchased_purges":3,"victory":true,"master_deck":["Strike_R","Defend_R+1","Defend_R","Bash+1","Spot Weakness+1","Inflame+1","Whirlwind+1","Power Through+1","Ghostly Armor+1","Evolve+1","Limit Break+1","Seeing Red+1","Burning Pact","Thunderclap","Disarm+1","Seeing Red+1","Ghostly Armor"],"max_hp_per_floor":[72,72,72,72,72,72,72,72,72,79,79,79,79,79,79,79,79,79,79,79,79,79,79,79,79,79,79,79,79,79,79,79,79,79,79,79,79,79,79,79,79,79,79,79,79,79,79,79,79,79],"relics":["Burning Blood","Bloody Idol","Lantern","Strawberry","Odd Mushroom","War Paint","Mark of Pain","Ancient Tea Set","Kunai","Question Card","Shuriken","Blood Vial","Art of War"],"card_choices":[{"not_picked":["Bloodletting","Feel No Pain"],"picked":"Rupture"},{"not_picked":["Headbutt","Reaper"],"picked":"Spot Weakness"},{"not_picked":["Sever Soul","Rage"],"picked":"Power Through"},{"not_picked":["Havoc","Dropkick"],"picked":"Ghostly Armor"},{"not_picked":["Clash","Flex"],"picked":"Evolve"},{"not_picked":["Bludgeon","Barricade"],"picked":"Limit Break"},{"not_picked":["Sword Boomerang","Anger"],"picked":"Seeing Red"},{"not_picked":["Hemokinesis","Reckless Charge"],"picked":"Burning Pact"},{"not_picked":["Anger","Feel No Pain","Clash"],"picked":"Disarm"},{"not_picked":["True Grit","Dropkick","Sword Boomerang"],"picked":"Seeing Red"},{"not_picked":["Rampage","Wild Strike","Sever Soul"],"picked":"Ghostly Armor"}],"player_experience":516792,"potions_floor_usage":[50,50,50],"damage_taken":[{"damage":6.0,"enemies":"Cultist","floor":1.0,"turns":4.0},{"damage":13.0,"enemies":"Jaw Worm","floor":2.0,"turns":5.0},{"damage":0.0,"enemies":"2 Louse","floor":7.0,"turns":1.0},{"damage":18.0,"enemies":"Lagavulin","floor":10.0,"turns":5.0},{"damage":0.0,"enemies":"The Mushroom Lair","floor":12.0,"turns":1.0},{"damage":30.0,"enemies":"Gremlin Nob","floor":13.0,"turns":4.0},{"damage":0.0,"enemies":"Blue Slaver","floor":14.0,"turns":4.0},{"damage":12.0,"enemies":"The Guardian","floor":16.0,"turns":10.0},{"damage":12.0,"enemies":"Chosen","floor":18.0,"turns":4.0},{"damage":0.0,"enemies":"Spheric Guardian","floor":19.0,"turns":1.0},{"damage":17.0,"enemies":"Cultist and Chosen","floor":20.0,"turns":4.0},{"damage":9.0,"enemies":"Snecko","floor":24.0,"turns":5.0},{"damage":42.0,"enemies":"Snake Plant","floor":31.0,"turns":4.0},{"damage":6.0,"enemies":"Collector","floor":33.0,"turns":6.0},{"damage":9.0,"enemies":"Orb Walker","floor":35.0,"turns":3.0},{"damage":22.0,"enemies":"3 Darklings","floor":38.0,"turns":3.0},{"damage":52.0,"enemies":"Nemesis","floor":41.0,"turns":8.0},{"damage":24.0,"enemies":"4 Shapes","floor":46.0,"turns":3.0},{"damage":28.0,"enemies":"Maw","floor":47.0,"turns":7.0},{"damage":42,"enemies":"Time Eater","floor":50,"turns":8}],"event_choices":[{"event_name":"Golden Idol","player_choice":"Take Damage","floor":4.0,"damage_taken":0.0},{"event_name":"Golden Wing","player_choice":"Card Removal","floor":5.0,"damage_taken":0.0},{"event_name":"The Woman in Blue","player_choice":"Bought 0 Potions","floor":11.0,"damage_taken":0.0},{"event_name":"Mushrooms","player_choice":"Fought Mushrooms","floor":12.0,"damage_taken":0.0},{"event_name":"Vampires","player_choice":"Ignored","floor":21.0,"damage_taken":0.0},{"event_name":"Forgotten Altar","player_choice":"Gave Idol","floor":22.0,"damage_taken":0.0},{"event_name":"Addict","player_choice":"Ignored","floor":30.0,"damage_taken":0.0},{"event_name":"Accursed Blacksmith","player_choice":"Ignore","floor":44.0,"damage_taken":0.0}],"boss_relics":[],"potions_floor_spawned":[1,2,14,16,19,20,38,46],"seed_played":"1655471467256707748","ascension_level":8,"is_trial":false}