{"path_per_floor":["M","M","M","M","$","M","R","E","T","?","R","$","M","$","R","B",null,"M","M","?","$","M","R","?","R","T","?","M","$","$","M","R"],"character_chosen":"IRONCLAD","items_purchased":["Bag of Marbles","Iron Wave","Armaments","Metallicize"],"gold_per_floor":[212,227,242,262,12,30,30,60,60,25,25,25,42,19,19,123,123,138,155,155,18,28,28,28,28,28,28,47,47,47,60,60],"floor_reached":33,"campfire_rested":3,"playtime":1094,"current_hp_per_floor":[72,71,53,43,43,33,56,41,41,62,62,62,62,62,62,48,75,60,34,34,34,30,55,55,55,55,55,50,50,50,48,73],"items_purged":["Parasite","Strike_R"],"gold":60,"score":371,"play_id":"4f0e7336-3464-49a7-89d6-6a794d69a0d9","local_time":"20180303184736","is_prod":false,"is_daily":false,"is_ascension_mode":true,"campfire_upgraded":3,"timestamp":1520124456,"path_taken":["M","M","M","M","$","M","R","E","T","?","R","$","M","?","R","BOSS","M","M","?","$","M","R","?","R","T","?","M","?","$","M","R","BOSS"],"build_version":"2018-03-01-PROD1","purchased_purges":2,"victory":false,"master_deck":["Strike_R","Strike_R","Strike_R","Strike_R","Defend_R","Defend_R","Defend_R","Defend_R","Bash","Shrug It Off","Evolve+1","Clothesline","Flame Barrier","Iron Wave","Pommel Strike","Bludgeon+1","Armaments+1","Bludgeon+1","Headbutt","Metallicize","Intimidate"],"max_hp_per_floor":[80,80,80,80,77,77,77,84,84,84,84,84,84,84,84,84,84,84,84,84,84,84,84,84,84,84,84,84,84,84,84,84],"relics":["Burning Blood","Bag of Marbles","Strawberry","Mark of Pain","Nloth\u0027s Gift","Gambling Chip"],"card_choices":[{"not_picked":["Havoc","Reckless Charge"],"picked":"Shrug It Off"},{"not_picked":["Clash","Dropkick"],"picked":"Evolve"},{"not_picked":["Carnage","Iron Wave"],"picked":"Clothesline"},{"not_picked":["Clash","Wild Strike"],"picked":"Flame Barrier"},{"not_picked":["Flex","Sever Soul"],"picked":"Pommel Strike"},{"not_picked":["Heavy Blade","Reckless Charge"],"picked":"Bludgeon"},{"not_picked":["Limit Break","Dark Embrace"],"picked":"Bludgeon"},{"not_picked":["Rage","Dual Wield"],"picked":"Headbutt"},{"not_picked":["Flex","Burning Pact"],"picked":"Intimidate"}],"player_experience":314374,"potions_floor_usage":[16,16,16],"damage_taken":[{"damage":6,"enemies":"Cultist","floor":1,"turns":4},{"damage":7,"enemies":"Small Slimes","floor":2,"turns":4},{"damage":24,"enemies":"Jaw Worm","floor":3,"turns":7},{"damage":16,"enemies":"2 Fungi Beasts","floor":4,"turns":5},{"damage":16,"enemies":"Blue Slaver","floor":6,"turns":5},{"damage":28,"enemies":"Gremlin Nob","floor":8,"turns":5},{"damage":6,"enemies":"Large Slime","floor":13,"turns":4},{"damage":37,"enemies":"Hexaghost","floor":16,"turns":15},{"damage":23,"enemies":"Chosen","floor":18,"turns":6},{"damage":34,"enemies":"2 Thieves","floor":19,"turns":5},{"damage":10,"enemies":"Centurion and Healer","floor":22,"turns":6},{"damage":11,"enemies":"Snake Plant","floor":28,"turns":3},{"damage":8,"enemies":"3 Cultists","floor":31,"turns":5},{"damage":77,"enemies":"Collector","floor":33,"turns":8}],"event_choices":[{"event_name":"The Cleric","player_choice":"Healed","floor":10,"damage_taken":0},{"event_name":"N\u0027loth","player_choice":"Traded a Bird Faced Urn","floor":20,"damage_taken":0},{"event_name":"Vampires","player_choice":"Ignored","floor":24,"damage_taken":0},{"event_name":"Accursed Blacksmith","player_choice":"Forge","floor":27,"damage_taken":0}],"boss_relics":[{"not_picked":["Astrolabe","Lizard Tail"],"picked":"Mark of Pain"}],"potions_floor_spawned":[6,8,13,28],"seed_played":"-4570071145758415027","killed_by":"Collector","ascension_level":10,"is_trial":false}