{"path_per_floor":["M","?","M","?","?","R","M","R","T","R","M","M","M","M","R","B",null,"M","?","?","$","M","R","M","R","T","R","$","M","R","?","R","B",null,"M","?"],"character_chosen":"IRONCLAD","items_purchased":["War Paint","Iron Wave"],"gold_per_floor":[114,114,125,125,125,125,135,135,162,162,182,199,216,232,232,332,332,344,344,259,15,26,26,39,39,39,39,39,54,54,54,54,156,156,171,226],"floor_reached":37,"campfire_rested":3,"playtime":1270,"current_hp_per_floor":[74,74,77,70,70,70,66,66,66,66,61,67,69,75,75,31,68,35,35,35,35,30,53,51,51,51,51,51,30,53,53,76,40,68,58,21],"items_purged":["Parasite"],"gold":226,"score":479,"play_id":"b8d70adb-ad35-42e1-ae57-8bd668c219b5","local_time":"20180307212148","is_prod":false,"is_daily":false,"is_ascension_mode":true,"campfire_upgraded":6,"timestamp":1520479308,"path_taken":["M","?","M","?","?","R","M","R","T","R","M","?","M","M","R","BOSS","M","?","?","$","?","R","M","R","T","R","?","M","R","?","R","BOSS","M","?","M"],"build_version":"2018-03-01-PROD1","purchased_purges":1,"victory":false,"master_deck":["Strike_R","Strike_R","Strike_R","Strike_R","Strike_R","Defend_R","Defend_R+1","Defend_R","Defend_R+1","Bash+1","Body Slam+1","Fiend Fire+1","Iron Wave","Battle Trance","Shrug It Off+1","Body Slam+1","Juggernaut+1","Iron Wave","Metallicize+1","Metallicize+1","Barricade","Body Slam","Shrug It Off"],"max_hp_per_floor":[80,80,80,80,80,80,80,80,80,80,80,80,80,80,80,80,80,80,80,80,77,77,77,77,77,77,77,77,77,77,77,77,77,77,77,77],"relics":["Burning Blood","Ornamental Fan","Orichalcum","Question Card","Happy Flower","Blue Candle","War Paint","Du-Vu Doll","Philosopher\u0027s Stone","Shovel"],"card_choices":[{"not_picked":["Armaments","Reckless Charge"],"picked":"Body Slam"},{"not_picked":["Flex","Hemokinesis"],"picked":"Iron Wave"},{"not_picked":["Clash","Seeing Red"],"picked":"Battle Trance"},{"not_picked":["Pummel","Corruption"],"picked":"Shrug It Off"},{"not_picked":["Sword Boomerang","Clash"],"picked":"Body Slam"},{"not_picked":["Reaper","Demon Form"],"picked":"Juggernaut"},{"not_picked":["Perfected Strike","Clash","Wild Strike"],"picked":"Metallicize"},{"not_picked":["Rage","Reckless Charge","Twin Strike"],"picked":"Metallicize"},{"not_picked":["Limit Break","Impervious","Exhume"],"picked":"Barricade"},{"not_picked":["Sever Soul","Seeing Red","Armaments"],"picked":"Body Slam"},{"not_picked":["Cleave","Heavy Blade","Anger"],"picked":"Shrug It Off"}],"player_experience":332500,"potions_floor_usage":[24,33,33],"damage_taken":[{"damage":4.0,"enemies":"2 Louse","floor":1.0,"turns":3.0},{"damage":3.0,"enemies":"Small Slimes","floor":3.0,"turns":4.0},{"damage":10.0,"enemies":"Jaw Worm","floor":7.0,"turns":3.0},{"damage":11.0,"enemies":"Exordium Wildlife","floor":11.0,"turns":3.0},{"damage":0.0,"enemies":"Large Slime","floor":12.0,"turns":6.0},{"damage":4.0,"enemies":"Blue Slaver","floor":13.0,"turns":3.0},{"damage":0.0,"enemies":"Lots of Slimes","floor":14.0,"turns":3.0},{"damage":50.0,"enemies":"Slime Boss","floor":16.0,"turns":9.0},{"damage":39.0,"enemies":"Spheric Guardian","floor":18.0,"turns":7.0},{"damage":11,"enemies":"2 Thieves","floor":22,"turns":5},{"damage":8,"enemies":"Centurion and Healer","floor":24,"turns":7},{"damage":27,"enemies":"Snecko","floor":29,"turns":8},{"damage":42,"enemies":"Collector","floor":33,"turns":12},{"damage":16,"enemies":"Orb Walker","floor":35,"turns":5},{"damage":43,"enemies":"Mysterious Sphere","floor":36,"turns":9},{"damage":24,"enemies":"3 Darklings","floor":37,"turns":2}],"event_choices":[{"event_name":"Big Fish","player_choice":"Box","floor":2.0,"damage_taken":0.0},{"event_name":"Golden Wing","player_choice":"Card Removal","floor":4.0,"damage_taken":0.0},{"event_name":"Match and Keep!","player_choice":"1 cards matched","floor":5.0,"damage_taken":0.0},{"event_name":"The Mausoleum","player_choice":"Yes","floor":19.0,"damage_taken":0.0},{"event_name":"Addict","player_choice":"Obtained Relic","floor":20.0,"damage_taken":0.0},{"event_name":"Drug Dealer","player_choice":"Ignored","floor":31,"damage_taken":0},{"event_name":"Mysterious Sphere","player_choice":"Fight","floor":36,"damage_taken":0}],"boss_relics":[{"not_picked":["Eternal Feather","Orrery"],"picked":"Philosopher\u0027s Stone"}],"potions_floor_spawned":[3,14,16,22,24],"seed_played":"4409351207210115413","killed_by":"3 Darklings","ascension_level":11,"is_trial":false}