{"path_per_floor":["M","M","?","?","$","R","E","R","T","R","E","M","?","M","R","B",null,"M","$","M","?","M","R","E","R","T","R","M","$","?","M","R","B",null,"M","T","M","M","M","R","M","R","T","R","M","M","E","$","R","B"],"character_chosen":"IRONCLAD","items_purchased":["Iron Wave","Battle Trance","Limit Break","Shrug It Off","Finesse","Shrug It Off"],"gold_per_floor":[212,232,232,232,58,58,93,93,140,140,165,179,279,293,293,389,389,399,101,115,115,127,127,153,153,153,153,163,37,37,56,56,161,161,174,249,261,281,298,298,308,308,376,376,386,396,430,305,305,305],"floor_reached":51,"campfire_rested":2,"playtime":1919,"current_hp_per_floor":[78,76,69,69,69,69,34,34,34,34,34,42,42,50,50,31,68,60,60,64,49,31,31,29,54,54,54,53,53,53,57,57,14,67,71,71,79,80,84,84,85,85,85,85,85,85,45,45,70,46],"items_purged":["Regret","Strike_R","Strike_R"],"gold":305,"score":1133,"play_id":"8810154a-2296-43ed-9e44-1d5c59baf1ca","local_time":"20180311171639","is_prod":false,"is_daily":false,"is_ascension_mode":true,"campfire_upgraded":10,"timestamp":1520810199,"path_taken":["M","M","?","?","$","R","E","R","T","R","E","?","?","?","R","BOSS","M","$","M","?","M","R","E","R","T","R","M","?","?","?","R","BOSS","M","?","M","M","M","R","M","R","T","R","M","M","E","$","R","BOSS"],"build_version":"2018-03-09","purchased_purges":3,"victory":true,"master_deck":["Strike_R+1","Strike_R+1","Strike_R+1","Defend_R+1","Defend_R+1","Defend_R+1","Defend_R+1","Bash+1","Parasite","Thunderclap+1","Body Slam+1","Iron Wave+1","Battle Trance","Cleave","Offering+1","Flex+1","Limit Break+1","Shrug It Off","Finesse","Shrug It Off","Inflame+1","Warcry","Shrug It Off","Double Tap+1","Heavy Blade+1","Evolve+1","Rampage+1","Shrug It Off+1"],"max_hp_per_floor":[80,80,80,80,80,80,80,80,80,80,80,80,80,80,80,80,80,80,80,80,85,85,85,85,85,85,85,85,85,85,85,85,85,85,85,85,85,85,85,85,85,85,85,85,85,85,85,85,85,85],"relics":["Burning Blood","Bronze Scales","Du-Vu Doll","Blood Vial","Bag of Preparation","Red Skull","Mark of Pain","Darkstone Periapt","Anchor","Sozu","Gremlin Horn","Blue Candle","Calipers"],"card_choices":[{"not_picked":["Uppercut","Anger"],"picked":"Thunderclap"},{"not_picked":["Pommel Strike","Warcry"],"picked":"Body Slam"},{"not_picked":["Sword Boomerang","Armaments"],"picked":"Cleave"},{"not_picked":["Feed","Demon Form"],"picked":"Offering"},{"not_picked":["Carnage","Perfected Strike"],"picked":"Flex"},{"not_picked":["Flex","Burning Pact"],"picked":"Shrug It Off"},{"not_picked":["Heavy Blade","Perfected Strike"],"picked":"Inflame"},{"not_picked":["Sword Boomerang","Feel No Pain"],"picked":"Warcry"},{"not_picked":["Demon Form","Limit Break"],"picked":"Double Tap"},{"not_picked":["Anger","Spot Weakness"],"picked":"Heavy Blade"},{"not_picked":["Sword Boomerang","True Grit"],"picked":"Evolve"},{"not_picked":["True Grit","Havoc"],"picked":"Rampage"},{"not_picked":["Flex","Clothesline"],"picked":"Shrug It Off"}],"player_experience":529369,"potions_floor_usage":[33,33],"damage_taken":[{"damage":0.0,"enemies":"Small Slimes","floor":1.0,"turns":4.0},{"damage":8.0,"enemies":"Jaw Worm","floor":2.0,"turns":4.0},{"damage":41.0,"enemies":"Lagavulin","floor":7.0,"turns":6.0},{"damage":8.0,"enemies":"Gremlin Nob","floor":11.0,"turns":3.0},{"damage":0.0,"enemies":"2 Louse","floor":12.0,"turns":1.0},{"damage":0.0,"enemies":"Exordium Wildlife","floor":14.0,"turns":2.0},{"damage":39.0,"enemies":"Hexaghost","floor":16.0,"turns":7.0},{"damage":16.0,"enemies":"Spheric Guardian","floor":18.0,"turns":3.0},{"damage":4.0,"enemies":"3 Byrds","floor":20.0,"turns":3.0},{"damage":26.0,"enemies":"Cultist and Chosen","floor":22.0,"turns":5.0},{"damage":10.0,"enemies":"Book of Stabbing","floor":24.0,"turns":3.0},{"damage":9.0,"enemies":"Chosen and Byrds","floor":28.0,"turns":3.0},{"damage":4.0,"enemies":"Snake Plant","floor":31.0,"turns":2.0},{"damage":51,"enemies":"Automaton","floor":33,"turns":8},{"damage":4,"enemies":"3 Shapes","floor":35,"turns":3},{"damage":0,"enemies":"Orb Walker","floor":37,"turns":2},{"damage":7,"enemies":"3 Darklings","floor":38,"turns":3},{"damage":4,"enemies":"Maw","floor":39,"turns":4},{"damage":6,"enemies":"Sphere and 2 Shapes","floor":41,"turns":3},{"damage":6,"enemies":"3 Darklings","floor":45,"turns":4},{"damage":4,"enemies":"4 Shapes","floor":46,"turns":1},{"damage":46,"enemies":"Giant Head","floor":47,"turns":6},{"damage":32,"enemies":"Awakened One","floor":50,"turns":5}],"event_choices":[{"event_name":"Scrap Ooze","player_choice":"success","floor":3.0,"damage_taken":7.0},{"event_name":"Big Fish","player_choice":"Box","floor":4.0,"damage_taken":0.0},{"event_name":"Golden Shrine","player_choice":"Pray","floor":13.0,"damage_taken":0.0},{"event_name":"Forgotten Altar","player_choice":"Shed Blood","floor":21.0,"damage_taken":0.0},{"event_name":"Back to Basics","player_choice":"Simplicity","floor":30.0,"damage_taken":0.0}],"boss_relics":[{"not_picked":["Question Card","Pandora\u0027s Box"],"picked":"Sozu"}],"potions_floor_spawned":[2,11,20,24,35,37,39,45],"seed_played":"-5253449873677917809","ascension_level":11,"is_trial":false}