{"path_per_floor":["M","?","?","$","?","R","M","M","T","M","?","$","M","M","R","B",null,"M","M","?","?","$","R","M","M","T","R","M","R","M","T","R","B",null,"M","M","M","M"],"character_chosen":"IRONCLAD","items_purchased":["Tiny Chest","Battle Trance"],"gold_per_floor":[118,118,193,118,218,218,235,246,316,331,331,115,125,136,136,233,233,243,262,187,187,116,116,136,155,181,181,195,195,212,212,212,313,313,324,340,353,364],"floor_reached":39,"campfire_rested":2,"playtime":1212,"current_hp_per_floor":[80,85,74,74,74,74,68,68,68,64,89,89,64,56,56,19,93,69,77,77,58,58,58,42,33,33,66,59,59,50,50,85,36,114,97,76,58,28],"items_purged":["Strike_R","Strike_R"],"gold":364,"score":427,"play_id":"7fd533e2-23cb-4034-9091-32cd36e99713","local_time":"20180313173543","is_prod":false,"is_daily":false,"is_ascension_mode":false,"campfire_upgraded":4,"timestamp":1520976943,"path_taken":["M","?","?","?","?","R","?","M","T","M","?","$","M","M","R","BOSS","M","M","?","?","$","R","M","?","T","R","M","R","M","?","R","BOSS","M","M","?","M","M"],"build_version":"2018-03-09","purchased_purges":2,"victory":false,"master_deck":["Strike_R","Strike_R","Defend_R","Defend_R","Defend_R","Defend_R","Bash+1","Rampage+1","Spot Weakness+1","Double Tap+1","Flex","Battle Trance","Flex+1"],"max_hp_per_floor":[82,87,87,87,87,87,87,89,89,89,89,89,91,93,93,93,93,93,95,95,100,100,100,102,104,104,106,108,108,110,110,112,114,114,116,118,120,120],"relics":["Burning Blood","Singing Bowl","Toolbox","Tiny Chest","Velvet Choker","Dream Catcher","Prayer Wheel","Runic Dome"],"card_choices":[{"not_picked":["Combust","Feel No Pain"],"picked":"Rampage"},{"not_picked":["Warcry","Second Wind"],"picked":"Spot Weakness"},{"not_picked":["Bludgeon","Fiend Fire"],"picked":"Double Tap"},{"not_picked":["Blood for Blood","Sword Boomerang"],"picked":"Flex"},{"not_picked":["Shockwave","Headbutt"],"picked":"Flex"}],"player_experience":360118,"potions_floor_usage":[14,24,24,28,33],"damage_taken":[{"damage":8,"enemies":"Small Slimes","floor":1,"turns":3},{"damage":12,"enemies":"2 Louse","floor":7,"turns":3},{"damage":8,"enemies":"Jaw Worm","floor":8,"turns":3},{"damage":10,"enemies":"Large Slime","floor":10,"turns":6},{"damage":33,"enemies":"Exordium Thugs","floor":13,"turns":7},{"damage":16,"enemies":"Exordium Wildlife","floor":14,"turns":5},{"damage":43,"enemies":"Hexaghost","floor":16,"turns":6},{"damage":30,"enemies":"3 Byrds","floor":18,"turns":5},{"damage":0,"enemies":"Chosen","floor":19,"turns":3},{"damage":24,"enemies":"Snecko","floor":24,"turns":6},{"damage":17,"enemies":"Centurion and Healer","floor":25,"turns":4},{"damage":15,"enemies":"Snake Plant","floor":28,"turns":4},{"damage":17,"enemies":"3 Cultists","floor":30,"turns":4},{"damage":57,"enemies":"Collector","floor":33,"turns":6},{"damage":25,"enemies":"Orb Walker","floor":35,"turns":3},{"damage":29,"enemies":"3 Shapes","floor":36,"turns":5},{"damage":26,"enemies":"3 Darklings","floor":37,"turns":3},{"damage":36,"enemies":"4 Shapes","floor":38,"turns":8},{"damage":30,"enemies":"Sphere and 2 Shapes","floor":39,"turns":3}],"event_choices":[{"event_name":"Big Fish","player_choice":"Donut","floor":2,"damage_taken":0},{"event_name":"World of Goop","player_choice":"Gather Gold","floor":3,"damage_taken":0},{"event_name":"Golden Shrine","player_choice":"Pray","floor":5,"damage_taken":0},{"event_name":"Wheel of Change","player_choice":"Full Heal","floor":11,"damage_taken":0},{"event_name":"Beggar","player_choice":"Gave Gold","floor":20,"damage_taken":0},{"event_name":"Forgotten Altar","player_choice":"Shed Blood","floor":21,"damage_taken":0}],"boss_relics":[{"not_picked":["Lizard Tail","Black Star"],"picked":"Velvet Choker"},{"not_picked":["Snecko Eye","Philosopher\u0027s Stone"],"picked":"Runic Dome"}],"potions_floor_spawned":[7,8,19,24,25,33],"seed_played":"-876269062681900271","killed_by":"Sphere and 2 Shapes","ascension_level":0,"is_trial":false}