{"path_per_floor":["M","M","?","M","?","E","R","E","T","M","$","M","R","E","R","B",null,"M","$","?","M","?","E","R","?","T","M","R","E","M"],"character_chosen":"IRONCLAD","items_purchased":["Metallicize","Madness","Havoc"],"gold_per_floor":[117,131,131,151,151,186,186,219,267,286,141,153,153,186,186,284,284,300,84,84,97,97,129,129,129,129,149,149,182,201],"floor_reached":31,"campfire_rested":3,"playtime":1318,"current_hp_per_floor":[72,73,73,77,77,54,54,29,29,29,29,32,55,44,44,61,73,77,77,77,77,77,25,48,48,48,30,53,15,21],"items_purged":["Strike_R","Strike_R"],"gold":201,"score":454,"play_id":"7b7c8410-4f6d-4690-92b3-43c33b191463","local_time":"20180302191241","is_prod":false,"is_daily":false,"is_ascension_mode":true,"campfire_upgraded":2,"timestamp":1520014361,"path_taken":["M","M","?","M","?","E","R","E","T","M","$","M","R","E","R","BOSS","M","$","?","?","?","E","R","?","T","M","R","E","?","E"],"build_version":"2018-03-01-PROD1","purchased_purges":2,"victory":false,"master_deck":["Strike_R","Strike_R","Defend_R","Defend_R","Defend_R","Defend_R","Bash+1","Flex","Sword Boomerang","Limit Break","Armaments+1","Limit Break","Metallicize","True Grit","Uppercut+1","Fiend Fire","Dropkick","Madness","Havoc","Dual Wield+1","Inflame+1","Writhe","Metallicize+1","Intimidate","Headbutt+1"],"max_hp_per_floor":[80,80,77,77,77,77,77,77,77,77,77,77,77,77,77,77,77,77,77,77,77,77,77,77,77,77,77,77,77,77],"relics":["Burning Blood","Letter Opener","Pantograph","Lantern","Gremlin Horn","Velvet Choker","Self Forming Clay","Omamori","Du-Vu Doll","Happy Flower"],"card_choices":[{"not_picked":["Warcry","Twin Strike"],"picked":"Flex"},{"not_picked":["Blood for Blood","Clothesline"],"picked":"Sword Boomerang"},{"not_picked":["Blood for Blood","Heavy Blade"],"picked":"Limit Break"},{"not_picked":["Warcry","Heavy Blade"],"picked":"Armaments"},{"not_picked":["Hemokinesis","Clothesline"],"picked":"Limit Break"},{"not_picked":["Headbutt","Power Through"],"picked":"True Grit"},{"not_picked":["Pommel Strike","Cleave"],"picked":"Uppercut"},{"not_picked":["Juggernaut","Barricade"],"picked":"Fiend Fire"},{"not_picked":["Wild Strike","Reckless Charge"],"picked":"Dropkick"},{"not_picked":["Headbutt","Spot Weakness"],"picked":"Dual Wield"},{"not_picked":["Havoc","Headbutt"],"picked":"Inflame"},{"not_picked":["Headbutt","Blood for Blood"],"picked":"Metallicize"},{"not_picked":["Sentinel","Anger"],"picked":"Intimidate"},{"not_picked":["Sentinel","Warcry"],"picked":"Headbutt"}],"player_experience":285772,"potions_floor_usage":[6,14,18,21,29,30],"damage_taken":[{"damage":6,"enemies":"Small Slimes","floor":1,"turns":4},{"damage":5,"enemies":"Cultist","floor":2,"turns":4},{"damage":2,"enemies":"2 Louse","floor":4,"turns":2},{"damage":29,"enemies":"3 Sentries","floor":6,"turns":11},{"damage":31,"enemies":"Gremlin Nob","floor":8,"turns":5},{"damage":6,"enemies":"Looter","floor":10,"turns":2},{"damage":3,"enemies":"3 Louse","floor":12,"turns":5},{"damage":17,"enemies":"3 Sentries","floor":14,"turns":7},{"damage":14,"enemies":"The Guardian","floor":16,"turns":7},{"damage":0,"enemies":"Chosen","floor":18,"turns":4},{"damage":6,"enemies":"3 Byrds","floor":21,"turns":5},{"damage":58,"enemies":"Gremlin Leader","floor":23,"turns":8},{"damage":24,"enemies":"Sentry and Sphere","floor":27,"turns":6},{"damage":44,"enemies":"Book of Stabbing","floor":29,"turns":5},{"damage":0,"enemies":"Centurion and Healer","floor":30,"turns":5},{"damage":23,"enemies":"Slavers","floor":31,"turns":3}],"event_choices":[{"event_name":"Purifier","player_choice":"One Purge","floor":3,"damage_taken":0},{"event_name":"Match and Keep!","player_choice":"0 cards matched","floor":5,"damage_taken":0},{"event_name":"Vampires","player_choice":"Ignored","floor":20,"damage_taken":0},{"event_name":"Back to Basics","player_choice":"Elegance","floor":22,"damage_taken":0},{"event_name":"The Mausoleum","player_choice":"Yes","floor":25,"damage_taken":0}],"boss_relics":[{"not_picked":["Runic Cube","Pandora\u0027s Box"],"picked":"Velvet Choker"}],"potions_floor_spawned":[2,12,14,16,18,29],"seed_played":"5462834892897163682","killed_by":"Slavers","ascension_level":11,"is_trial":false}