{"path_per_floor":["M","M","M","?","$","R","?","M","T","R","?","E","R","E","R","B",null,"M","?","M","$","?","R","M","R","T","M","R","T","E","M","R"],"character_chosen":"IRONCLAD","items_purchased":["Shrug It Off","Ginger"],"gold_per_floor":[364,383,398,398,276,276,276,289,289,289,289,317,317,347,347,450,450,466,466,484,69,69,69,81,81,81,93,93,148,181,199,199],"floor_reached":33,"campfire_rested":5,"playtime":980,"current_hp_per_floor":[72,67,68,54,54,54,54,59,59,59,59,35,55,23,43,16,56,32,32,36,36,36,36,25,45,45,22,43,43,53,36,62],"items_purged":["Parasite","Normality"],"gold":199,"score":423,"play_id":"7c92c549-5b30-4e45-9c97-79d94cd0ff2d","local_time":"20180307175821","is_prod":false,"is_daily":false,"is_ascension_mode":true,"campfire_upgraded":3,"timestamp":1520467101,"path_taken":["M","M","M","?","$","R","?","M","T","R","?","E","R","E","R","BOSS","M","?","M","$","?","R","M","R","T","?","R","?","E","?","R","BOSS"],"build_version":"2018-03-01-PROD1","purchased_purges":2,"victory":false,"master_deck":["Strike_R","Strike_R","Strike_R","Strike_R","Strike_R+1","Defend_R","Defend_R","Defend_R","Defend_R","Bash","Inflame+1","Ghostly Armor","Evolve+1","Shrug It Off+1","Wild Strike+1","Limit Break","Cleave","Limit Break+1","Sword Boomerang","Heavy Blade","Shrug It Off+1","Impervious","Headbutt"],"max_hp_per_floor":[72,72,72,72,69,69,69,69,69,69,69,69,69,69,69,69,69,69,69,69,69,69,69,69,69,69,71,71,71,85,87,87],"relics":["Burning Blood","Singing Bowl","Centennial Puzzle","Pen Nib","Torii","Sozu","Ginger","Orichalcum","Tiny Chest","Mango"],"card_choices":[{"not_picked":["Heavy Blade","Battle Trance"],"picked":"Inflame"},{"not_picked":["Thunderclap","Sword Boomerang"],"picked":"Ghostly Armor"},{"not_picked":["Combust","Armaments"],"picked":"Evolve"},{"not_picked":["Iron Wave","Sever Soul"],"picked":"Wild Strike"},{"not_picked":["Perfected Strike","Sword Boomerang"],"picked":"Limit Break"},{"not_picked":["Ghostly Armor","Sever Soul"],"picked":"Cleave"},{"not_picked":["Offering","Berserk"],"picked":"Limit Break"},{"not_picked":["Flex","Havoc"],"picked":"Sword Boomerang"},{"not_picked":["Blood for Blood","Rupture"],"picked":"Heavy Blade"},{"not_picked":["Shrug It Off","Perfected Strike"],"picked":"Impervious"},{"not_picked":["Fiend Fire","Feel No Pain"],"picked":"Headbutt"}],"player_experience":330033,"potions_floor_usage":[],"damage_taken":[{"damage":6.0,"enemies":"Jaw Worm","floor":1.0,"turns":5.0},{"damage":11.0,"enemies":"Small Slimes","floor":2.0,"turns":4.0},{"damage":5.0,"enemies":"Cultist","floor":3.0,"turns":4.0},{"damage":1.0,"enemies":"Large Slime","floor":8.0,"turns":6.0},{"damage":30.0,"enemies":"Lagavulin","floor":12.0,"turns":7.0},{"damage":38.0,"enemies":"3 Sentries","floor":14.0,"turns":9.0},{"damage":33.0,"enemies":"Slime Boss","floor":16.0,"turns":9.0},{"damage":30.0,"enemies":"2 Thieves","floor":18.0,"turns":5.0},{"damage":2.0,"enemies":"Shell Parasite","floor":20.0,"turns":3.0},{"damage":17.0,"enemies":"Centurion and Healer","floor":24.0,"turns":6.0},{"damage":31.0,"enemies":"3 Cultists","floor":27.0,"turns":6.0},{"damage":10.0,"enemies":"Gremlin Leader","floor":30.0,"turns":5.0},{"damage":25.0,"enemies":"Snake Plant","floor":31.0,"turns":4.0},{"damage":76,"enemies":"Collector","floor":33,"turns":5}],"event_choices":[{"event_name":"Shining Light","player_choice":"Entered Light","floor":4.0,"damage_taken":0.0},{"event_name":"Accursed Blacksmith","player_choice":"Rummage","floor":7.0,"damage_taken":0.0},{"event_name":"Upgrade Shrine","player_choice":"Upgraded","floor":11.0,"damage_taken":0.0},{"event_name":"The Woman in Blue","player_choice":"Bought 0 Potions","floor":19.0,"damage_taken":0.0},{"event_name":"Duplicator","player_choice":"One dupe","floor":22.0,"damage_taken":0.0}],"boss_relics":[],"potions_floor_spawned":[2,16,20,24],"seed_played":"4557766602798895015","killed_by":"Collector","ascension_level":11,"is_trial":false}