{"path_per_floor":["M","$","?","M","?","R","M","M","T","R","M","?","E","?","R","B",null],"character_chosen":"IRONCLAD","items_purchased":["Dropkick"],"gold_per_floor":[109,0,0,20,120,120,138,156,180,180,190,190,219,285,285,381,411],"floor_reached":18,"campfire_rested":1,"playtime":589,"current_hp_per_floor":[77,77,65,52,52,52,52,42,42,42,43,43,28,28,51,45,74],"items_purged":["Parasite"],"gold":411,"score":248,"play_id":"88c71d69-dea3-4e92-91a8-1f2b1dbc353a","local_time":"20180305192629","is_prod":false,"is_daily":false,"is_ascension_mode":true,"campfire_upgraded":2,"timestamp":1520274389,"path_taken":["M","?","?","M","?","R","?","M","T","R","M","?","E","?","R","BOSS","M"],"build_version":"2018-03-01-PROD1","purchased_purges":1,"victory":false,"master_deck":["Strike_R","Strike_R","Strike_R","Strike_R","Defend_R","Defend_R","Defend_R","Defend_R+1","Bash+1","Body Slam","Dropkick","Armaments+1","Flex","Disarm","True Grit","Feed","Corruption"],"max_hp_per_floor":[80,77,77,77,77,77,77,77,77,77,77,77,77,77,77,77,82],"relics":["Burning Blood","Matryoshka","Vajra","Bag of Preparation","Ice Cream","Tiny House"],"card_choices":[{"not_picked":["Sentinel","Clothesline"],"picked":"Body Slam"},{"not_picked":["Perfected Strike","Wild Strike"],"picked":"Armaments"},{"not_picked":["Warcry","Dual Wield"],"picked":"Flex"},{"not_picked":["Dual Wield","Shockwave"],"picked":"Disarm"},{"not_picked":["Havoc","Fire Breathing"],"picked":"True Grit"},{"not_picked":["Dark Embrace","Juggernaut"],"picked":"Feed"},{"not_picked":["True Grit","Sever Soul"],"picked":"Corruption"}],"player_experience":294332,"potions_floor_usage":[13,18,18],"damage_taken":[{"damage":1,"enemies":"Cultist","floor":1,"turns":3},{"damage":19,"enemies":"Jaw Worm","floor":4,"turns":4},{"damage":6,"enemies":"2 Louse","floor":7,"turns":3},{"damage":16,"enemies":"Red Slaver","floor":8,"turns":5},{"damage":5,"enemies":"2 Fungi Beasts","floor":11,"turns":4},{"damage":21,"enemies":"Lagavulin","floor":13,"turns":5},{"damage":12,"enemies":"The Guardian","floor":16,"turns":11},{"damage":78,"enemies":"Chosen","floor":18,"turns":8}],"event_choices":[{"event_name":"Scrap Ooze","player_choice":"success","floor":3,"damage_taken":12},{"event_name":"Golden Shrine","player_choice":"Pray","floor":5,"damage_taken":0},{"event_name":"Living Wall","player_choice":"Forget","floor":12,"damage_taken":0},{"event_name":"Golden Wing","player_choice":"Gained Gold","floor":14,"damage_taken":0}],"boss_relics":[{"not_picked":["Philosopher\u0027s Stone","Runic Cube"],"picked":"Tiny House"}],"potions_floor_spawned":[1,11,16],"seed_played":"-8742838738487541907","killed_by":"Chosen","ascension_level":11,"is_trial":false}