{"path_per_floor":["M","$","?","?","M","R","E","R","T","M","?","T","M","E","R","B",null,"M","M","?","?","?","R","$","R","T","R","M","M"],"character_chosen":"IRONCLAD","items_purchased":["Paper Frog"],"gold_per_floor":[112,37,112,112,123,123,148,148,175,187,187,187,202,231,231,336,336,348,367,367,367,367,367,23,23,23,23,37,50],"floor_reached":30,"campfire_rested":1,"playtime":812,"current_hp_per_floor":[72,72,61,61,67,67,56,56,56,57,57,57,42,19,42,9,60,65,69,53,37,37,37,37,37,37,37,25,22],"items_purged":["Strike_R","Regret"],"gold":50,"score":392,"play_id":"adda897a-ed39-407f-9576-ebfaa09d4226","local_time":"20180302234225","is_prod":false,"is_daily":false,"is_ascension_mode":true,"campfire_upgraded":3,"timestamp":1520030545,"path_taken":["M","?","?","?","?","R","E","R","T","M","?","?","M","E","R","BOSS","M","M","?","?","?","R","$","R","T","R","M","M","E"],"build_version":"2018-03-01-PROD1","purchased_purges":2,"victory":false,"master_deck":["Defend_R","Defend_R","Defend_R","Defend_R","Bash","Headbutt+1","Body Slam+1","Impervious","Pommel Strike","Battle Trance","Inflame","Double Tap+1","Inflame+1","Pommel Strike","Bite+1","Bite","Bite","Bite+1","Bite","Necronomicurse","Writhe","Dropkick","Armaments"],"max_hp_per_floor":[77,77,77,77,77,77,77,77,77,77,77,77,77,77,77,77,77,77,77,53,53,53,53,53,53,53,53,53,53],"relics":["Burning Blood","Dodecahedron","Bronze Scales","Shovel","Champion Belt","Toolbox","Velvet Choker","Necronomicon","Unceasing Top","Paper Frog","Whetstone","Du-Vu Doll","Ice Cream"],"card_choices":[{"not_picked":["Second Wind","Rupture"],"picked":"Headbutt"},{"not_picked":["Anger","Clash"],"picked":"Body Slam"},{"not_picked":["Sword Boomerang","Cleave"],"picked":"Impervious"},{"not_picked":["Clash","Body Slam"],"picked":"Pommel Strike"},{"not_picked":["Body Slam","Clothesline"],"picked":"Battle Trance"},{"not_picked":["Anger","Reaper"],"picked":"Inflame"},{"not_picked":["Brutality","Dark Embrace"],"picked":"Double Tap"},{"not_picked":["Rupture","True Grit"],"picked":"Inflame"},{"not_picked":["Body Slam","Second Wind"],"picked":"Pommel Strike"},{"not_picked":["Sentinel","Shockwave"],"picked":"Dropkick"},{"not_picked":["Blood for Blood","Flex"],"picked":"Armaments"}],"player_experience":289137,"potions_floor_usage":[7,16,30,30],"damage_taken":[{"damage":6,"enemies":"Cultist","floor":1,"turns":3},{"damage":0,"enemies":"Small Slimes","floor":5,"turns":3},{"damage":17,"enemies":"3 Sentries","floor":7,"turns":9},{"damage":5,"enemies":"2 Louse","floor":10,"turns":4},{"damage":21,"enemies":"Lots of Slimes","floor":13,"turns":5},{"damage":29,"enemies":"Lagavulin","floor":14,"turns":5},{"damage":39,"enemies":"The Guardian","floor":16,"turns":11},{"damage":5,"enemies":"3 Byrds","floor":18,"turns":3},{"damage":2,"enemies":"Chosen","floor":19,"turns":3},{"damage":23,"enemies":"Slaver and Parasite","floor":28,"turns":3},{"damage":9,"enemies":"Snake Plant","floor":29,"turns":2},{"damage":40,"enemies":"Slavers","floor":30,"turns":2}],"event_choices":[{"event_name":"World of Goop","player_choice":"Gather Gold","floor":3,"damage_taken":0},{"event_name":"Shining Light","player_choice":"Ignored","floor":4,"damage_taken":0},{"event_name":"Big Fish","player_choice":"Box","floor":11,"damage_taken":0},{"event_name":"Vampires","player_choice":"Became a vampire","floor":20,"damage_taken":0},{"event_name":"Cursed Tome","player_choice":"Obtained Book","floor":21,"damage_taken":0},{"event_name":"The Mausoleum","player_choice":"Yes","floor":22,"damage_taken":0}],"boss_relics":[{"not_picked":["Sozu","Cursed Key"],"picked":"Velvet Choker"}],"potions_floor_spawned":[1,14,19,28],"seed_played":"2985092351415389577","killed_by":"Slavers","ascension_level":11,"is_trial":false}