{"path_per_floor":["M","$","?","M","?","E","R","M","T","?","M","$","R","M","R","B",null,"M","M","?","?","?"],"character_chosen":"IRONCLAD","items_purchased":["Flame Barrier"],"gold_per_floor":[109,34,34,46,121,154,154,171,171,171,190,20,20,34,34,135,135,60,60,60,60,60],"floor_reached":23,"campfire_rested":2,"playtime":836,"current_hp_per_floor":[72,69,69,63,52,10,30,30,30,24,18,18,38,43,43,15,56,60,56,56,56,56],"items_purged":["Parasite","Strike_R"],"gold":60,"score":293,"play_id":"0743b76e-5656-4520-8776-99c52a6ba137","local_time":"20180304223335","is_prod":false,"is_daily":false,"is_ascension_mode":true,"campfire_upgraded":1,"timestamp":1520199215,"path_taken":["M","?","?","M","?","E","R","M","T","?","?","$","R","M","R","BOSS","M","M","?","?","?","E"],"build_version":"2018-03-01-PROD1","purchased_purges":2,"victory":false,"master_deck":["Strike_R","Strike_R","Defend_R","Defend_R","Defend_R","Defend_R","Bash","Impervious","Juggernaut","Dual Wield","Feel No Pain","Warcry","Warcry","Seeing Red","Flame Barrier","Iron Wave+1","Fiend Fire","Uppercut","Shockwave+1"],"max_hp_per_floor":[72,69,69,69,69,69,69,69,69,69,69,69,69,69,69,69,69,69,69,69,69,69],"relics":["Burning Blood","Happy Flower","Torii","Ectoplasm"],"card_choices":[{"not_picked":["Clothesline","Intimidate"],"picked":"Dual Wield"},{"not_picked":["Heavy Blade","Havoc"],"picked":"Feel No Pain"},{"not_picked":["Perfected Strike","Twin Strike"],"picked":"Warcry"},{"not_picked":["Blood for Blood","Flex"],"picked":"Warcry"},{"not_picked":["True Grit","Brutality"],"picked":"Seeing Red"},{"not_picked":["Anger","Reckless Charge"],"picked":"Iron Wave"},{"not_picked":["Juggernaut","Exhume"],"picked":"Fiend Fire"},{"not_picked":["Cleave","Anger"],"picked":"Uppercut"},{"not_picked":["Wild Strike","Sword Boomerang"],"picked":"Shockwave"}],"player_experience":291602,"potions_floor_usage":[16,19,19],"damage_taken":[{"damage":4,"enemies":"Cultist","floor":1,"turns":6},{"damage":12,"enemies":"Jaw Worm","floor":4,"turns":6},{"damage":48,"enemies":"Lagavulin","floor":6,"turns":11},{"damage":6,"enemies":"2 Louse","floor":8,"turns":4},{"damage":12,"enemies":"Large Slime","floor":11,"turns":8},{"damage":1,"enemies":"Looter","floor":14,"turns":4},{"damage":34,"enemies":"Hexaghost","floor":16,"turns":14},{"damage":2,"enemies":"2 Thieves","floor":18,"turns":5},{"damage":10,"enemies":"Chosen","floor":19,"turns":5},{"damage":57,"enemies":"Slavers","floor":23,"turns":9}],"event_choices":[{"event_name":"Shining Light","player_choice":"Ignored","floor":3,"damage_taken":0},{"event_name":"World of Goop","player_choice":"Gather Gold","floor":5,"damage_taken":0},{"event_name":"Wheel of Change","player_choice":"Damage","floor":10,"damage_taken":0},{"event_name":"Addict","player_choice":"Ignored","floor":20,"damage_taken":0},{"event_name":"Beggar","player_choice":"Ignored","floor":21,"damage_taken":0},{"event_name":"Drug Dealer","player_choice":"Ignored","floor":22,"damage_taken":0}],"boss_relics":[{"not_picked":["Runic Cube","Eternal Feather"],"picked":"Ectoplasm"}],"potions_floor_spawned":[4,14,18],"seed_played":"-5719406059287692474","killed_by":"Slavers","ascension_level":11,"is_trial":false}