{"path_per_floor":["M","$","M","M","?","R","E","?","T","R","?","M","$","E","R","B",null,"M","?","$","?","$","R","E"],"character_chosen":"IRONCLAD","items_purchased":["Headbutt"],"gold_per_floor":[115,40,56,67,67,67,99,99,122,122,122,132,32,65,65,163,163,175,175,175,90,65,65,100],"floor_reached":25,"campfire_rested":0,"playtime":751,"current_hp_per_floor":[80,80,80,74,74,74,64,64,64,64,48,49,49,44,44,38,80,66,66,66,66,66,66,10],"items_purged":["Strike_R","Defend_R"],"gold":100,"score":270,"play_id":"850f6306-cfbf-4af3-970d-2af5d729ac00","local_time":"20180307223555","is_prod":false,"is_daily":false,"is_ascension_mode":true,"campfire_upgraded":4,"timestamp":1520487355,"path_taken":["M","$","?","M","?","R","E","?","T","R","?","M","?","E","R","BOSS","M","?","$","?","$","R","E","M"],"build_version":"2018-03-01-PROD1","purchased_purges":2,"victory":false,"master_deck":["Strike_R","Strike_R+1","Strike_R+1","Defend_R","Defend_R","Bash+1","Dropkick","Seeing Red+1","Pommel Strike+1","Cleave","Barricade+1","Shrug It Off","Headbutt","True Grit"],"max_hp_per_floor":[80,80,80,80,80,80,80,80,80,80,80,80,80,80,80,80,80,80,80,80,80,80,80,80],"relics":["Burning Blood","Orichalcum","Pen Nib","Art of War","Cursed Key","Blue Candle","Ginger"],"card_choices":[{"not_picked":["Thunderclap","Flex"],"picked":"Dropkick"},{"not_picked":["Wild Strike","Perfected Strike"],"picked":"Seeing Red"},{"not_picked":["Wild Strike","Immolate"],"picked":"Pommel Strike"},{"not_picked":["Sword Boomerang","Bloodletting"],"picked":"Cleave"},{"not_picked":["Fiend Fire","Limit Break"],"picked":"Barricade"},{"not_picked":["Headbutt","Warcry"],"picked":"True Grit"}],"player_experience":492559,"potions_floor_usage":[7,7,24],"damage_taken":[{"damage":6,"enemies":"Cultist","floor":1,"turns":3},{"damage":2,"enemies":"Jaw Worm","floor":3,"turns":3},{"damage":12,"enemies":"Small Slimes","floor":4,"turns":2},{"damage":16,"enemies":"Gremlin Nob","floor":7,"turns":3},{"damage":5,"enemies":"Gremlin Gang","floor":12,"turns":4},{"damage":11,"enemies":"3 Sentries","floor":14,"turns":6},{"damage":12,"enemies":"Slime Boss","floor":16,"turns":6},{"damage":20,"enemies":"Shell Parasite","floor":18,"turns":4},{"damage":62,"enemies":"Book of Stabbing","floor":24,"turns":6},{"damage":14,"enemies":"3 Byrds","floor":25,"turns":3}],"event_choices":[{"event_name":"Living Wall","player_choice":"Forget","floor":5,"damage_taken":0},{"event_name":"The Woman in Blue","player_choice":"Bought 0 Potions","floor":8,"damage_taken":0},{"event_name":"Shining Light","player_choice":"Entered Light","floor":11,"damage_taken":0},{"event_name":"The Library","player_choice":"Read","floor":19,"damage_taken":0},{"event_name":"Addict","player_choice":"Obtained Relic","floor":21,"damage_taken":0}],"boss_relics":[{"not_picked":["White Beast Statue","Orrery"],"picked":"Cursed Key"}],"potions_floor_spawned":[1,4,12],"seed_played":"-7430639229473506822","killed_by":"3 Byrds","ascension_level":4,"is_trial":false}