{"path_per_floor":["M","?","T","M","$","R","E","R","T","R","M","M","R","M","R","B",null,"M","M","?","$","M","R","E","M","T"],"character_chosen":"IRONCLAD","items_purchased":["Rampage","Singing Bowl"],"gold_per_floor":[115,290,340,350,45,45,76,76,99,99,109,123,123,138,138,241,241,256,269,269,169,186,186,216,235,307],"floor_reached":27,"campfire_rested":2,"playtime":823,"current_hp_per_floor":[63,63,63,55,55,55,30,51,51,51,59,63,63,69,69,47,67,55,59,45,45,23,47,28,29,29],"items_purged":["Doubt","Parasite"],"gold":307,"score":361,"play_id":"332ad5af-dfdd-4ff6-a303-0b9743b6389b","local_time":"20180304181530","is_prod":false,"is_daily":false,"is_ascension_mode":true,"campfire_upgraded":4,"timestamp":1520208930,"path_taken":["M","?","?","M","$","R","E","R","T","R","M","M","R","M","R","BOSS","M","M","?","?","M","R","E","M","T","M"],"build_version":"2018-03-01-PROD1","purchased_purges":2,"victory":false,"master_deck":["Strike_R+1","Strike_R","Strike_R","Strike_R","Strike_R","Defend_R","Defend_R","Defend_R","Defend_R","Bash","Uppercut+1","Shrug It Off","Rampage+1","Cleave+1","Shockwave+1","Evolve+1","Double Tap","Spot Weakness","Metallicize+1","Reaper"],"max_hp_per_floor":[72,72,72,72,72,72,72,72,72,72,74,74,74,74,74,74,74,74,76,81,78,80,80,80,80,80],"relics":["Burning Blood","Charon\u0027s Ashes","Bag of Preparation","Singing Bowl","Art of War","Whetstone","Velvet Choker","Matryoshka","Oddly Smooth Stone","Mummified Hand"],"card_choices":[{"not_picked":["Anger","True Grit"],"picked":"Uppercut"},{"not_picked":["Anger","Corruption"],"picked":"Shrug It Off"},{"not_picked":["Burning Pact","Armaments"],"picked":"Cleave"},{"not_picked":["Wild Strike","Infernal Blade"],"picked":"Shockwave"},{"not_picked":["Clothesline","Entrench"],"picked":"Evolve"},{"not_picked":["Limit Break","Dark Embrace"],"picked":"Double Tap"},{"not_picked":["Sever Soul","Heavy Blade"],"picked":"Spot Weakness"},{"not_picked":["Blood for Blood","Heavy Blade"],"picked":"Metallicize"},{"not_picked":["Thunderclap","Iron Wave"],"picked":"Reaper"}],"player_experience":323522,"potions_floor_usage":[19,24,24,27],"damage_taken":[{"damage":15.0,"enemies":"Small Slimes","floor":1.0,"turns":6.0},{"damage":14.0,"enemies":"Jaw Worm","floor":4.0,"turns":6.0},{"damage":31.0,"enemies":"Gremlin Nob","floor":7.0,"turns":5.0},{"damage":0.0,"enemies":"2 Louse","floor":11.0,"turns":2.0},{"damage":2.0,"enemies":"2 Fungi Beasts","floor":12.0,"turns":3.0},{"damage":0.0,"enemies":"Exordium Wildlife","floor":14.0,"turns":2.0},{"damage":28,"enemies":"The Guardian","floor":16,"turns":11},{"damage":18,"enemies":"Chosen","floor":18,"turns":4},{"damage":13,"enemies":"Shell Parasite","floor":19,"turns":5},{"damage":30,"enemies":"Snake Plant","floor":22,"turns":4},{"damage":37,"enemies":"Book of Stabbing","floor":24,"turns":5},{"damage":5,"enemies":"Centurion and Healer","floor":25,"turns":7},{"damage":33,"enemies":"Slaver and Parasite","floor":27,"turns":5}],"event_choices":[{"event_name":"Liars Game","player_choice":"agreed","floor":2.0,"damage_taken":0.0},{"event_name":"Forgotten Altar","player_choice":"Shed Blood","floor":20,"damage_taken":0}],"boss_relics":[{"not_picked":["Runic Pyramid","Runic Cube"],"picked":"Velvet Choker"}],"potions_floor_spawned":[4,12,14,19,22],"seed_played":"8927735471722138874","killed_by":"Slaver and Parasite","ascension_level":11,"is_trial":false}