{"path_per_floor":["M","M","M","$","?","R","$","R","T","E","M","R","M","?","R","B",null,"M","$","?","$","M","R","E","M","T","E","M","R","M","M","R","B",null,"M","$","?","M","?","R","E","T","T","R","M","?","R","E","R","B"],"character_chosen":"IRONCLAD","items_purchased":["Dropkick","Vajra"],"gold_per_floor":[17,32,47,13,13,13,13,13,13,44,59,59,78,78,78,173,173,191,116,116,16,33,33,68,84,84,113,123,123,136,156,156,254,254,270,126,126,140,140,140,166,166,191,191,210,510,510,538,538,538],"floor_reached":51,"campfire_rested":1,"playtime":1656,"current_hp_per_floor":[72,59,58,58,63,63,63,63,63,55,44,44,38,38,38,51,77,83,82,66,66,72,72,78,74,84,78,62,62,67,73,73,9,71,73,73,73,73,73,73,66,66,66,66,72,72,72,72,92,30],"items_purged":["Parasite","Strike_R"],"gold":538,"score":1127,"play_id":"c4c487c8-6c52-4793-9b3c-a22d3a1f1431","local_time":"20180311135742","is_prod":false,"is_daily":false,"is_ascension_mode":true,"campfire_upgraded":10,"timestamp":1520798262,"path_taken":["M","?","M","?","?","R","?","R","T","E","M","R","M","?","R","BOSS","M","$","?","$","M","R","E","M","T","E","M","R","M","?","R","BOSS","M","$","?","?","?","R","E","?","T","R","M","?","R","E","R","BOSS"],"build_version":"2018-03-09","purchased_purges":2,"victory":true,"master_deck":["Strike_R","Strike_R","Defend_R","Defend_R","Defend_R","Bash+1","Disarm+1","Inflame+1","Battle Trance+1","Iron Wave+1","Dropkick","Double Tap+1","Whirlwind+1","Iron Wave+1","Inflame+1","Inflame+1","Shrug It Off+1","Offering+1","Parasite","Decay"],"max_hp_per_floor":[80,80,80,80,85,85,85,85,85,85,85,85,85,85,85,85,85,85,82,82,82,82,82,82,82,92,92,92,92,92,92,92,92,92,92,92,92,92,92,92,92,92,92,92,92,92,92,92,92,92],"relics":["Burning Blood","Du-Vu Doll","Ornamental Fan","Sozu","Enchiridion","Lantern","Pear","Happy Flower","Cursed Key","Vajra","Matryoshka","Blue Candle","Bag of Preparation","Regal Pillow","Bag of Marbles","Juzu Bracelet"],"card_choices":[{"not_picked":["Twin Strike","Sever Soul"],"picked":"Battle Trance"},{"not_picked":["Disarm","Sword Boomerang"],"picked":"Iron Wave"},{"not_picked":["Juggernaut","Brutality"],"picked":"Double Tap"},{"not_picked":["Power Through","Burning Pact"],"picked":"Whirlwind"},{"not_picked":["Rupture","Havoc"],"picked":"Iron Wave"},{"not_picked":["Pummel","Iron Wave"],"picked":"Inflame"},{"not_picked":["Flex","Searing Blow"],"picked":"Inflame"},{"not_picked":["Armaments","Evolve"],"picked":"Shrug It Off"},{"not_picked":["Juggernaut","Brutality"],"picked":"Offering"}],"player_experience":524610,"potions_floor_usage":[16,27],"damage_taken":[{"damage":6,"enemies":"Cultist","floor":1,"turns":3},{"damage":19,"enemies":"Jaw Worm","floor":2,"turns":4},{"damage":7,"enemies":"Small Slimes","floor":3,"turns":4},{"damage":14,"enemies":"Gremlin Nob","floor":10,"turns":4},{"damage":17,"enemies":"Exordium Wildlife","floor":11,"turns":4},{"damage":12,"enemies":"3 Louse","floor":13,"turns":4},{"damage":8,"enemies":"Hexaghost","floor":16,"turns":9},{"damage":0,"enemies":"Shell Parasite","floor":18,"turns":4},{"damage":0,"enemies":"3 Byrds","floor":22,"turns":3},{"damage":0,"enemies":"Gremlin Leader","floor":24,"turns":5},{"damage":10,"enemies":"Snecko","floor":25,"turns":3},{"damage":12,"enemies":"Book of Stabbing","floor":27,"turns":4},{"damage":22,"enemies":"3 Cultists","floor":28,"turns":4},{"damage":1,"enemies":"Snake Plant","floor":30,"turns":2},{"damage":0,"enemies":"Snecko","floor":31,"turns":4},{"damage":70,"enemies":"Automaton","floor":33,"turns":8},{"damage":4,"enemies":"3 Darklings","floor":35,"turns":1},{"damage":6,"enemies":"Orb Walker","floor":38,"turns":2},{"damage":13,"enemies":"Giant Head","floor":41,"turns":3},{"damage":0,"enemies":"3 Darklings","floor":45,"turns":1},{"damage":6,"enemies":"Nemesis","floor":48,"turns":1},{"damage":68,"enemies":"Donu and Deca","floor":50,"turns":6}],"event_choices":[{"event_name":"Big Fish","player_choice":"Donut","floor":5,"damage_taken":0},{"event_name":"Liars Game","player_choice":"disagreed","floor":14,"damage_taken":0},{"event_name":"Cursed Tome","player_choice":"Obtained Book","floor":20,"damage_taken":0},{"event_name":"Tomb of Lord Red Mask","player_choice":"Ignored","floor":37,"damage_taken":0},{"event_name":"Wheel of Change","player_choice":"Gold","floor":46,"damage_taken":0}],"boss_relics":[{"not_picked":["Calling Bell","Pandora\u0027s Box"],"picked":"Sozu"},{"not_picked":["Eternal Feather","Black Star"],"picked":"Cursed Key"}],"potions_floor_spawned":[1,11,25,27,28,33,41,48],"seed_played":"9035051231913718490","ascension_level":10,"is_trial":false}