{"path_per_floor":["M","$","?","M","?","R","M","M","T","R","?","?","M","$","R","B",null,"M","?","$","M","M","R"],"character_chosen":"IRONCLAD","items_purchased":["Finesse","Iron Wave","Master of Strategy","Metallicize"],"gold_per_floor":[363,141,141,164,164,164,178,193,193,193,293,293,307,2,2,121,121,107,87,12,33,52,52],"floor_reached":24,"campfire_rested":1,"playtime":872,"current_hp_per_floor":[65,65,65,55,48,48,51,48,62,62,62,62,58,58,58,17,67,55,55,55,63,32,58],"items_purged":["Parasite","Strike_R"],"gold":52,"score":279,"play_id":"bd0b25dc-b098-482d-9986-e411350a041f","local_time":"20180303121142","is_prod":false,"is_daily":false,"is_ascension_mode":true,"campfire_upgraded":3,"timestamp":1520100702,"path_taken":["M","$","?","M","?","R","M","M","T","R","?","?","?","$","R","BOSS","M","?","$","M","M","R","E"],"build_version":"2018-03-01-PROD1","purchased_purges":2,"victory":false,"master_deck":["Strike_R","Strike_R","Strike_R","Defend_R","Defend_R","Defend_R","Defend_R","Bash","Body Slam+1","Finesse","Iron Wave+1","Disarm","Impervious","Burning Pact","Master of Strategy+1","Feed","Body Slam","Metallicize"],"max_hp_per_floor":[72,69,69,69,69,69,69,69,83,83,83,83,83,83,83,83,83,83,83,83,86,89,89],"relics":["Burning Blood","Golden Idol","Mango","Sozu"],"card_choices":[{"not_picked":["Entrench","Metallicize"],"picked":"Body Slam"},{"not_picked":["Carnage","Sever Soul"],"picked":"Disarm"},{"not_picked":["Shrug It Off","Second Wind"],"picked":"Impervious"},{"not_picked":["Infernal Blade","Pommel Strike"],"picked":"Burning Pact"},{"not_picked":["Demon Form","Dark Embrace"],"picked":"Feed"},{"not_picked":["Thunderclap","Battle Trance"],"picked":"Body Slam"}],"player_experience":307929,"potions_floor_usage":[],"damage_taken":[{"damage":13,"enemies":"Jaw Worm","floor":1,"turns":4},{"damage":16,"enemies":"Small Slimes","floor":4,"turns":4},{"damage":3,"enemies":"Cultist","floor":7,"turns":4},{"damage":9,"enemies":"3 Louse","floor":8,"turns":4},{"damage":10,"enemies":"2 Fungi Beasts","floor":13,"turns":3},{"damage":47,"enemies":"The Guardian","floor":16,"turns":16},{"damage":18,"enemies":"2 Thieves","floor":18,"turns":4},{"damage":1,"enemies":"Shell Parasite","floor":21,"turns":7},{"damage":40,"enemies":"Sentry and Sphere","floor":22,"turns":10},{"damage":59,"enemies":"Book of Stabbing","floor":24,"turns":9}],"event_choices":[{"event_name":"Golden Idol","player_choice":"Take Wound","floor":3,"damage_taken":0},{"event_name":"Golden Wing","player_choice":"Card Removal","floor":5,"damage_taken":0},{"event_name":"Golden Shrine","player_choice":"Pray","floor":11,"damage_taken":0},{"event_name":"Bonfire Elementals","player_choice":"BASIC","floor":12,"damage_taken":0},{"event_name":"The Woman in Blue","player_choice":"Bought 1 Potion","floor":19,"damage_taken":0}],"boss_relics":[{"not_picked":["Orrery","Calling Bell"],"picked":"Sozu"}],"potions_floor_spawned":[8,16,18,21],"seed_played":"4613991899651596535","killed_by":"Book of Stabbing","ascension_level":10,"is_trial":false}