{"path_per_floor":["M","?","$","M","M","R","?","R","T","R","M","R","M","M","R","B",null,"M","M","M","$","M","R","E","R","T","M","R","$","M","T","R","B",null,"M","$","M","M","?","R","M","R","T","R","?","M","R","E","R","B"],"character_chosen":"IRONCLAD","items_purchased":["Dropkick"],"gold_per_floor":[119,119,51,63,77,77,77,77,77,77,91,91,108,118,118,192,192,192,177,177,102,102,102,102,102,102,102,102,2,2,2,2,2,2,2,2,2,2,2,2,2,2,2,2,2,2,2,2,2,2],"floor_reached":51,"campfire_rested":2,"playtime":2305,"current_hp_per_floor":[57,57,57,53,49,49,34,56,56,56,56,56,56,46,46,29,61,57,52,48,48,40,40,28,28,28,24,24,24,20,20,20,16,58,54,54,50,46,42,42,38,59,59,59,72,68,68,68,68,68],"items_purged":["Battle Trance","Flex"],"gold":2,"score":1306,"play_id":"3ba39a9b-1e5e-4f4d-aa4c-c28b46d19eef","local_time":"20180317020923","is_prod":false,"is_daily":false,"is_ascension_mode":true,"campfire_upgraded":5,"timestamp":1521274163,"path_taken":["M","?","$","M","?","R","?","R","T","R","M","R","M","M","R","BOSS","M","?","M","?","M","R","E","R","T","M","R","$","?","?","R","BOSS","M","$","M","M","?","R","M","R","T","R","?","M","R","E","R","BOSS"],"build_version":"2018-03-15v2","purchased_purges":2,"victory":true,"master_deck":["Disarm+1","Warcry+1","Fire Breathing+1","Shrug It Off+1","Dropkick+1","Dropkick+1","Offering","Thunderclap","Dropkick+1"],"max_hp_per_floor":[75,75,75,75,75,75,75,75,75,72,72,72,72,72,72,72,72,72,72,72,72,72,72,72,72,72,72,72,72,72,72,72,72,72,72,72,72,72,72,72,72,72,72,72,72,72,72,72,72,72],"relics":["Pandora\u0027s Box","Peace Pipe","Ectoplasm","Mummified Hand","War Paint","Thread and Needle","Lizard Tail","Torii","Bag of Preparation","Happy Flower"],"card_choices":[{"not_picked":["Perfected Strike","Clash"],"picked":"Cleave"},{"not_picked":["Intimidate","Cleave"],"picked":"Sword Boomerang"},{"not_picked":["Limit Break","Reaper"],"picked":"Offering"},{"not_picked":["Shrug It Off","Carnage"],"picked":"Thunderclap"},{"not_picked":["Carnage","Heavy Blade"],"picked":"Dropkick"}],"player_experience":551674,"potions_floor_usage":[],"damage_taken":[{"damage":11.0,"enemies":"2 Louse","floor":1.0,"turns":3.0},{"damage":4.0,"enemies":"Cultist","floor":4.0,"turns":3.0},{"damage":4.0,"enemies":"Jaw Worm","floor":5.0,"turns":2.0},{"damage":0.0,"enemies":"Lots of Slimes","floor":11.0,"turns":1.0},{"damage":0.0,"enemies":"Large Slime","floor":13.0,"turns":2.0},{"damage":10.0,"enemies":"Exordium Wildlife","floor":14.0,"turns":2.0},{"damage":17.0,"enemies":"Slime Boss","floor":16.0,"turns":7.0},{"damage":4.0,"enemies":"Chosen","floor":18.0,"turns":2.0},{"damage":5.0,"enemies":"2 Thieves","floor":19.0,"turns":2.0},{"damage":4.0,"enemies":"3 Cultists","floor":20.0,"turns":3.0},{"damage":8.0,"enemies":"Snake Plant","floor":22.0,"turns":3.0},{"damage":12.0,"enemies":"Book of Stabbing","floor":24.0,"turns":2.0},{"damage":4,"enemies":"Snecko","floor":27,"turns":1},{"damage":4,"enemies":"Chosen and Byrds","floor":30,"turns":1},{"damage":4,"enemies":"Collector","floor":33,"turns":1},{"damage":4,"enemies":"3 Shapes","floor":35,"turns":1},{"damage":4,"enemies":"Orb Walker","floor":37,"turns":1},{"damage":4,"enemies":"Sphere and 2 Shapes","floor":38,"turns":2},{"damage":4,"enemies":"Mysterious Sphere","floor":39,"turns":1},{"damage":4,"enemies":"Maw","floor":41,"turns":1},{"damage":4,"enemies":"3 Darklings","floor":46,"turns":1},{"damage":0,"enemies":"Giant Head","floor":48,"turns":1},{"damage":0,"enemies":"Awakened One","floor":50,"turns":2}],"event_choices":[{"event_name":"Upgrade Shrine","player_choice":"Upgraded","floor":2.0,"damage_taken":0.0},{"event_name":"Shining Light","player_choice":"Entered Light","floor":7.0,"damage_taken":0.0},{"event_name":"Mysterious Sphere","player_choice":"Fight","floor":39,"damage_taken":0},{"event_name":"Winding Halls","player_choice":"Writhe","floor":45,"damage_taken":0}],"boss_relics":[{"not_picked":["Tiny House","Runic Dome"],"picked":"Lizard Tail"}],"potions_floor_spawned":[4,5,11,24,27,33,35,37,41,46],"seed_played":"-2127478458100856833","ascension_level":14,"is_trial":false}