{"path_per_floor":["M","?","?","M","M","R","E","R","T","?","R","M","R","T","R","B",null,"M","?","?","?"],"character_chosen":"IRONCLAD","items_purchased":[],"gold_per_floor":[117,117,117,129,140,140,171,171,222,222,222,238,238,263,263,358,358,372,272,272,272,272],"floor_reached":22,"campfire_rested":0,"playtime":549,"current_hp_per_floor":[76,76,76,76,64,64,55,55,55,60,60,56,56,56,56,19,69,36,36,36,36,0],"items_purged":[],"gold":272,"score":279,"play_id":"edc3087b-2aa3-4b52-b401-c4288c51c9b6","local_time":"20180324114237","is_prod":false,"is_daily":false,"is_ascension_mode":true,"campfire_upgraded":5,"timestamp":1521906157,"path_taken":["M","?","?","M","?","R","E","R","T","?","R","M","R","?","R","BOSS","M","?","?","?","?"],"build_version":"2018-03-22v2","purchased_purges":0,"victory":false,"master_deck":["Strike_R","Strike_R","Strike_R","Strike_R","Strike_R","Defend_R","Defend_R","Defend_R","Defend_R","Bash+1","AscendersBane","Flex+1","Uppercut+1","Burning Pact+1","Headbutt+1","Limit Break","Heavy Blade+1","J.A.X."],"max_hp_per_floor":[80,80,80,80,80,80,80,80,80,85,85,85,85,85,85,85,85,85,85,85,85,85],"relics":["Burning Blood","Orichalcum","Oddly Smooth Stone","Vajra","Mark of Pain"],"card_choices":[{"not_picked":["Inflame","Sword Boomerang"],"picked":"Flex","floor":4},{"not_picked":["Clash","Bludgeon"],"picked":"Uppercut","floor":5},{"not_picked":["Hemokinesis","Twin Strike"],"picked":"Burning Pact","floor":7},{"not_picked":["Wild Strike","Bloodletting"],"picked":"Headbutt","floor":12},{"not_picked":["Offering","Dark Embrace"],"picked":"Limit Break","floor":16},{"not_picked":["Blood for Blood","Headbutt"],"picked":"Heavy Blade","floor":18}],"player_experience":409000,"potions_floor_usage":[16,22,22],"damage_taken":[{"damage":2,"enemies":"2 Louse","floor":1,"turns":4},{"damage":6,"enemies":"Cultist","floor":4,"turns":4},{"damage":18,"enemies":"Jaw Worm","floor":5,"turns":4},{"damage":15,"enemies":"Gremlin Nob","floor":7,"turns":4},{"damage":10,"enemies":"3 Louse","floor":12,"turns":6},{"damage":43,"enemies":"The Guardian","floor":16,"turns":11},{"damage":39,"enemies":"Spheric Guardian","floor":18,"turns":6},{"damage":55,"enemies":"3 Byrds","floor":22,"turns":4}],"event_choices":[{"event_name":"Accursed Blacksmith","player_choice":"Ignore","floor":2,"damage_taken":0},{"event_name":"Liars Game","player_choice":"disagreed","floor":3,"damage_taken":0},{"event_name":"Big Fish","player_choice":"Donut","floor":10,"damage_taken":0},{"event_name":"Drug Dealer","player_choice":"Got JAXXED","floor":19,"damage_taken":0},{"event_name":"N\u0027loth","player_choice":"Ignored","floor":20,"damage_taken":0},{"event_name":"The Lab","player_choice":"Got Potions","floor":21,"damage_taken":0}],"boss_relics":[{"not_picked":["Pandora\u0027s Box","Cursed Key"],"picked":"Mark of Pain"}],"potions_floor_spawned":[4,12],"seed_played":"-2841858904979021158","killed_by":"3 Byrds","ascension_level":11,"is_trial":false}