{"path_per_floor":["M","M","M","M","M","R","E","R","T","?","T","R","?","M","R","B",null,"M","M"],"character_chosen":"IRONCLAD","items_purchased":[],"gold_per_floor":[113,130,150,163,175,175,205,205,505,505,505,505,505,524,524,619,619,633,649],"floor_reached":20,"campfire_rested":1,"playtime":1031,"current_hp_per_floor":[66,66,65,47,46,46,30,30,30,30,30,30,30,36,62,7,67,33,10],"items_purged":[],"gold":649,"score":282,"play_id":"0a80b002-f19f-448b-ae42-87f0510cdd83","local_time":"20180318115011","is_prod":false,"is_daily":false,"is_ascension_mode":true,"campfire_upgraded":3,"timestamp":1521391811,"path_taken":["M","M","M","M","M","R","E","R","T","?","?","R","?","?","R","BOSS","M","M","M"],"build_version":"2018-03-15v3","purchased_purges":0,"victory":false,"master_deck":["Strike_R","Strike_R","Strike_R","Strike_R","Strike_R","Defend_R","Defend_R","Defend_R","Defend_R","Bash","Dual Wield","Shockwave+1","Cleave+1","Uppercut+1","Flex","True Grit","Bludgeon","Seeing Red","Shrug It Off"],"max_hp_per_floor":[80,80,80,80,80,80,90,90,90,87,87,87,87,87,87,87,87,87,87],"relics":["Burning Blood","Pear","Old Coin","Sundial","Philosopher\u0027s Stone"],"card_choices":[{"not_picked":["Combust","Sentinel"],"picked":"Dual Wield"},{"not_picked":["Reckless Charge","Impervious"],"picked":"Shockwave"},{"not_picked":["Rupture","Flex"],"picked":"Cleave"},{"not_picked":["Cleave","Corruption"],"picked":"Uppercut"},{"not_picked":["Iron Wave","Wild Strike"],"picked":"Flex"},{"not_picked":["Uppercut","Entrench"],"picked":"True Grit"},{"not_picked":["Limit Break","Reaper"],"picked":"Bludgeon"},{"not_picked":["Feel No Pain","Body Slam"],"picked":"Seeing Red"},{"not_picked":["Headbutt","Warcry"],"picked":"Shrug It Off"}],"player_experience":370579,"potions_floor_usage":[7,16,16],"damage_taken":[{"damage":12,"enemies":"Small Slimes","floor":1,"turns":4},{"damage":6,"enemies":"Cultist","floor":2,"turns":4},{"damage":7,"enemies":"Jaw Worm","floor":3,"turns":5},{"damage":24,"enemies":"Exordium Wildlife","floor":4,"turns":6},{"damage":7,"enemies":"2 Fungi Beasts","floor":5,"turns":4},{"damage":32,"enemies":"Lagavulin","floor":7,"turns":7},{"damage":0,"enemies":"Lots of Slimes","floor":14,"turns":1},{"damage":61,"enemies":"Slime Boss","floor":16,"turns":10},{"damage":40,"enemies":"2 Thieves","floor":18,"turns":4},{"damage":29,"enemies":"Spheric Guardian","floor":19,"turns":4},{"damage":8,"enemies":"3 Cultists","floor":20,"turns":3}],"event_choices":[{"event_name":"Fountain of Cleansing","player_choice":"Removed Curse","floor":10,"damage_taken":0},{"event_name":"The Lab","player_choice":"Got Potions","floor":13,"damage_taken":0}],"boss_relics":[{"not_picked":["Lizard Tail","Snecko Eye"],"picked":"Philosopher\u0027s Stone"}],"potions_floor_spawned":[1,4,5,18],"seed_played":"2862949436519398453","killed_by":"3 Cultists","ascension_level":12,"is_trial":false}