{"path_per_floor":["M","$","M","?","$","E","$","R","T","E","R","M","R","M","R","B",null,"M","?","M","?","$","E","M","E","T","E","M","E","?","E","R","B",null,"M","$","?","M","?","R","M","M","T","?","E","R","E","M","R","B"],"character_chosen":"IRONCLAD","items_purchased":["Armaments","Vajra","Calipers","Shrug It Off"],"gold_per_floor":[114,39,50,50,50,81,59,59,84,116,116,128,128,141,141,220,220,232,232,242,242,86,112,126,152,175,207,219,254,254,281,281,356,356,367,25,0,15,15,15,35,49,49,49,83,83,111,130,130,130],"floor_reached":51,"campfire_rested":1,"playtime":2374,"current_hp_per_floor":[73,72,70,70,70,35,35,35,35,15,36,35,35,41,41,36,63,69,69,72,72,72,79,73,79,79,92,92,92,65,71,71,73,91,97,97,97,97,97,97,97,97,97,97,97,97,100,103,103,76],"items_purged":["Parasite"],"gold":130,"score":1712,"play_id":"90e18297-7550-4a82-857f-fb87a16adccc","local_time":"20180317113127","is_prod":false,"is_daily":false,"is_ascension_mode":true,"campfire_upgraded":7,"timestamp":1521307887,"path_taken":["M","$","?","?","$","E","?","R","T","E","R","M","R","M","R","BOSS","M","?","M","?","$","E","M","E","T","E","M","E","?","E","R","BOSS","M","$","?","M","?","R","?","?","T","?","E","R","E","M","R","BOSS"],"build_version":"2018-03-15v2","purchased_purges":1,"victory":true,"master_deck":["Strike_R","Strike_R","Strike_R","Strike_R","Defend_R","Defend_R","Defend_R","Defend_R","Bash+1","Corruption+1","Seeing Red+1","Whirlwind+1","Armaments+1","Pummel","Warcry","Flex","Flame Barrier","Impervious","Spot Weakness","Dropkick","Shrug It Off","Spot Weakness+1","Warcry+1","Feel No Pain+1","Sentinel","Flame Barrier+1","Shrug It Off","Shrug It Off+1","Intimidate+1"],"max_hp_per_floor":[75,72,72,72,72,72,72,72,72,72,72,72,72,72,72,72,72,72,72,72,72,72,79,79,79,79,92,92,92,97,97,97,97,97,97,97,97,97,97,97,97,97,97,97,97,97,100,103,103,103],"relics":["Burning Blood","Happy Flower","Dream Catcher","Lantern","Dead Branch","Snecko Eye","Vajra","Strawberry","Bronze Scales","Bag of Preparation","Pear","Art of War","Orichalcum","Cursed Key","Calipers","Red Mask","Spirit Poop","Bottled Lightning","Ice Cream"],"card_choices":[{"not_picked":["Feed","Combust"],"picked":"Corruption"},{"not_picked":["Headbutt","Clash"],"picked":"Seeing Red"},{"not_picked":["Brutality","Thunderclap"],"picked":"Whirlwind"},{"not_picked":["Whirlwind","Rupture"],"picked":"Pummel"},{"not_picked":["Cleave","Clothesline"],"picked":"Warcry"},{"not_picked":["Anger","Havoc"],"picked":"Flex"},{"not_picked":["Havoc","Clash"],"picked":"Flame Barrier"},{"not_picked":["Berserk","Double Tap"],"picked":"Impervious"},{"not_picked":["Clothesline","Anger"],"picked":"Spot Weakness"},{"not_picked":["Wild Strike","Thunderclap"],"picked":"Dropkick"},{"not_picked":["Carnage","Havoc"],"picked":"Shrug It Off"},{"not_picked":["Combust","Iron Wave"],"picked":"Spot Weakness"},{"not_picked":["Corruption","Armaments"],"picked":"Warcry"},{"not_picked":["True Grit","Cleave"],"picked":"Feel No Pain"},{"not_picked":["Shockwave","Rupture"],"picked":"Sentinel"},{"not_picked":["Reckless Charge","Infernal Blade"],"picked":"Flame Barrier"},{"not_picked":["Armaments","True Grit"],"picked":"Shrug It Off"},{"not_picked":["Flame Barrier","Ghostly Armor"],"picked":"Intimidate"}],"player_experience":557655,"potions_floor_usage":[6,10],"damage_taken":[{"damage":1,"enemies":"Cultist","floor":1,"turns":3},{"damage":8,"enemies":"2 Louse","floor":3,"turns":3},{"damage":41,"enemies":"Lagavulin","floor":6,"turns":6},{"damage":26,"enemies":"Gremlin Nob","floor":10,"turns":5},{"damage":7,"enemies":"Jaw Worm","floor":12,"turns":2},{"damage":0,"enemies":"Gremlin Gang","floor":14,"turns":1},{"damage":11,"enemies":"Slime Boss","floor":16,"turns":4},{"damage":0,"enemies":"Chosen","floor":18,"turns":1},{"damage":0,"enemies":"2 Thieves","floor":20,"turns":2},{"damage":6,"enemies":"Book of Stabbing","floor":23,"turns":3},{"damage":12,"enemies":"Centurion and Healer","floor":24,"turns":3},{"damage":0,"enemies":"Gremlin Leader","floor":25,"turns":2},{"damage":1,"enemies":"Book of Stabbing","floor":27,"turns":3},{"damage":3,"enemies":"Snecko","floor":28,"turns":3},{"damage":0,"enemies":"Slavers","floor":29,"turns":1},{"damage":0,"enemies":"Gremlin Leader","floor":31,"turns":4},{"damage":4,"enemies":"Collector","floor":33,"turns":2},{"damage":0,"enemies":"Orb Walker","floor":35,"turns":1},{"damage":0,"enemies":"3 Shapes","floor":38,"turns":2},{"damage":0,"enemies":"3 Darklings","floor":41,"turns":1},{"damage":0,"enemies":"Sphere and 2 Shapes","floor":42,"turns":4},{"damage":0,"enemies":"Nemesis","floor":45,"turns":3},{"damage":0,"enemies":"2 Orb Walkers","floor":47,"turns":2},{"damage":0,"enemies":"4 Shapes","floor":48,"turns":2},{"damage":33,"enemies":"Time Eater","floor":50,"turns":9}],"event_choices":[{"event_name":"The Cleric","player_choice":"Leave","floor":4,"damage_taken":0},{"event_name":"Vampires","player_choice":"Ignored","floor":19,"damage_taken":0},{"event_name":"Back to Basics","player_choice":"Elegance","floor":21,"damage_taken":0},{"event_name":"Forgotten Altar","player_choice":"Shed Blood","floor":30,"damage_taken":0},{"event_name":"Tomb of Lord Red Mask","player_choice":"Paid","floor":37,"damage_taken":0},{"event_name":"Winding Halls","player_choice":"Writhe","floor":39,"damage_taken":0},{"event_name":"Bonfire Elementals","player_choice":"CURSE","floor":44,"damage_taken":0}],"boss_relics":[{"not_picked":["Eternal Feather","Mark of Pain"],"picked":"Snecko Eye"},{"not_picked":["Black Star","Black Blood"],"picked":"Cursed Key"}],"potions_floor_spawned":[1,3,6,12,18,23,29,31,35,41,42,47],"seed_played":"186222940841330050","ascension_level":15,"is_trial":false}