{"path_per_floor":["M","?","M","M","?","R","?","R","T","R","T","M","$","E","R","B",null,"M","M","?","$","M"],"character_chosen":"IRONCLAD","items_purchased":[],"gold_per_floor":[118,118,137,150,150,150,150,150,150,150,150,171,96,134,134,227,227,245,265,265,165,178],"floor_reached":23,"campfire_rested":1,"playtime":586,"current_hp_per_floor":[39,39,27,29,29,29,22,22,22,41,41,39,39,34,34,14,52,38,44,44,44,20],"items_purged":["Strike_R","Strike_R"],"gold":178,"score":331,"play_id":"d3296d4d-06d9-452c-afcb-c61e95ea8412","local_time":"20180317103021","is_prod":false,"is_daily":false,"is_ascension_mode":true,"campfire_upgraded":3,"timestamp":1521304221,"path_taken":["M","?","?","M","?","R","?","R","T","R","?","M","$","E","R","BOSS","M","M","?","$","M","E"],"build_version":"2018-03-15v2","purchased_purges":2,"victory":false,"master_deck":["Strike_R+1","Defend_R","Defend_R","Defend_R","Bash","Carnage","Second Wind","Body Slam+1","Rampage+1","Shrug It Off","Double Tap+1","Warcry"],"max_hp_per_floor":[75,68,68,68,65,65,65,65,65,65,65,65,65,65,65,65,65,65,65,65,65,65],"relics":["Burning Blood","Golden Idol","Whetstone","Calipers","Dodecahedron","Sozu"],"card_choices":[{"not_picked":["Impervious","Intimidate"],"picked":"Body Slam"},{"not_picked":["Thunderclap","Cleave"],"picked":"Rampage"},{"not_picked":["Anger","Carnage"],"picked":"Shrug It Off"},{"not_picked":["Sever Soul","Whirlwind"],"picked":"Double Tap"},{"not_picked":["Body Slam","Sword Boomerang"],"picked":"Warcry"}],"player_experience":556021,"potions_floor_usage":[23],"damage_taken":[{"damage":1.0,"enemies":"Cultist","floor":1.0,"turns":3.0},{"damage":18.0,"enemies":"Small Slimes","floor":3.0,"turns":4.0},{"damage":4.0,"enemies":"2 Louse","floor":4.0,"turns":2.0},{"damage":8.0,"enemies":"Red Slaver","floor":12.0,"turns":4.0},{"damage":11.0,"enemies":"3 Sentries","floor":14.0,"turns":6.0},{"damage":38.0,"enemies":"Hexaghost","floor":16.0,"turns":8.0},{"damage":29.0,"enemies":"Shell Parasite","floor":18.0,"turns":4.0},{"damage":0.0,"enemies":"Chosen","floor":19.0,"turns":3.0},{"damage":30.0,"enemies":"Snake Plant","floor":22.0,"turns":4.0},{"damage":30,"enemies":"Book of Stabbing","floor":23,"turns":3}],"event_choices":[{"event_name":"Golden Idol","player_choice":"Lose Max HP","floor":2.0,"damage_taken":0.0},{"event_name":"Wheel of Change","player_choice":"Card Removal","floor":5.0,"damage_taken":0.0},{"event_name":"Golden Wing","player_choice":"Card Removal","floor":7.0,"damage_taken":0.0},{"event_name":"Vampires","player_choice":"Ignored","floor":20.0,"damage_taken":0.0}],"boss_relics":[],"potions_floor_spawned":[1,12,14,16,19],"seed_played":"-7430110312058679735","killed_by":"Book of Stabbing","ascension_level":15,"is_trial":false}