{"path_per_floor":["M","$","?","M","M","R","E","R","T","M","R","M","E","$","R","B",null,"M","?","T","M","?","M","R","E","T","?","R","M","M","E","R","B",null,"M","M","?","?","M","R","M","R","T","E","R","T","M","M","R","B"],"character_chosen":"IRONCLAD","items_purchased":[],"gold_per_floor":[109,34,34,49,66,66,98,98,98,110,110,124,152,52,52,156,156,166,166,166,182,107,122,122,150,175,175,175,189,207,236,236,340,340,350,368,368,368,379,379,398,398,424,450,450,450,460,479,479,479],"floor_reached":51,"campfire_rested":3,"playtime":1609,"current_hp_per_floor":[72,72,72,68,72,72,51,51,51,53,53,51,47,47,47,50,72,66,50,50,41,41,37,37,16,16,16,52,50,43,32,32,21,72,65,71,71,71,72,72,72,72,72,10,46,60,38,40,80,8],"items_purged":["Strike_R","Strike_R"],"gold":479,"score":727,"play_id":"0eafd58d-8c20-44f2-953b-dbddbd9d74ea","local_time":"20180317215640","is_prod":false,"is_daily":false,"is_ascension_mode":false,"campfire_upgraded":6,"timestamp":1521345400,"path_taken":["M","$","?","M","M","R","E","R","T","?","R","M","E","$","R","BOSS","M","?","?","?","?","M","R","E","T","?","R","M","M","E","R","BOSS","M","M","?","?","M","R","M","R","T","E","R","?","M","M","R","BOSS"],"build_version":"2018-03-15v3","purchased_purges":2,"victory":true,"master_deck":["Strike_R","Defend_R","Defend_R","Bash+1","Body Slam+1","Seeing Red+1","Thunderclap","Rampage+1","Limit Break","Headbutt+1","Necronomicurse","Shrug It Off+1","Bludgeon+1","Writhe","Evolve","Headbutt"],"max_hp_per_floor":[72,72,72,72,72,72,72,72,72,72,72,72,72,72,72,72,72,72,72,72,72,72,72,72,72,72,72,72,72,72,72,72,72,72,72,72,72,72,72,72,72,72,72,72,72,86,86,86,86,86],"relics":["Burning Blood","Lantern","Orichalcum","Bag of Marbles","Mark of Pain","Necronomicon","Charon\u0027s Ashes","Dream Catcher","Regal Pillow","Girya","Unceasing Top","Sozu","Vajra","Paper Frog","Mango"],"card_choices":[{"not_picked":["Sever Soul","Dual Wield"],"picked":"Body Slam"},{"not_picked":["Rage","Power Through"],"picked":"Seeing Red"},{"not_picked":["Headbutt","Rupture"],"picked":"Battle Trance"},{"not_picked":["Fire Breathing","Pummel"],"picked":"Thunderclap"},{"not_picked":["Entrench","Seeing Red"],"picked":"Rampage"},{"not_picked":["Dual Wield","Corruption"],"picked":"Limit Break"},{"not_picked":["Warcry","Perfected Strike"],"picked":"Headbutt"},{"not_picked":["Twin Strike","Anger"],"picked":"Shrug It Off"},{"not_picked":["Armaments","Metallicize"],"picked":"Bludgeon"},{"not_picked":["Armaments","Perfected Strike"],"picked":"Evolve"},{"not_picked":["Twin Strike","Sword Boomerang"],"picked":"Headbutt"}],"player_experience":560029,"potions_floor_usage":[44,44,50],"damage_taken":[{"damage":0.0,"enemies":"Small Slimes","floor":1.0,"turns":3.0},{"damage":10.0,"enemies":"Cultist","floor":4.0,"turns":4.0},{"damage":0.0,"enemies":"2 Louse","floor":5.0,"turns":3.0},{"damage":27.0,"enemies":"Gremlin Nob","floor":7.0,"turns":4.0},{"damage":4.0,"enemies":"Exordium Thugs","floor":10.0,"turns":4.0},{"damage":8.0,"enemies":"Exordium Wildlife","floor":12.0,"turns":3.0},{"damage":10.0,"enemies":"3 Sentries","floor":13.0,"turns":6.0},{"damage":3.0,"enemies":"Slime Boss","floor":16.0,"turns":6.0},{"damage":12.0,"enemies":"3 Byrds","floor":18.0,"turns":5.0},{"damage":15.0,"enemies":"2 Thieves","floor":21.0,"turns":2.0},{"damage":10.0,"enemies":"3 Cultists","floor":23.0,"turns":4.0},{"damage":39.0,"enemies":"Book of Stabbing","floor":25.0,"turns":5.0},{"damage":8.0,"enemies":"Centurion and Healer","floor":29.0,"turns":3.0},{"damage":13.0,"enemies":"Snake Plant","floor":30.0,"turns":3.0},{"damage":17.0,"enemies":"Gremlin Leader","floor":31.0,"turns":3.0},{"damage":17.0,"enemies":"Automaton","floor":33.0,"turns":6.0},{"damage":13.0,"enemies":"3 Darklings","floor":35.0,"turns":4.0},{"damage":0.0,"enemies":"3 Shapes","floor":36.0,"turns":2.0},{"damage":4.0,"enemies":"Sphere and 2 Shapes","floor":39.0,"turns":2.0},{"damage":5.0,"enemies":"4 Shapes","floor":41.0,"turns":5.0},{"damage":68,"enemies":"Nemesis","floor":44,"turns":5},{"damage":28,"enemies":"3 Darklings","floor":47,"turns":4},{"damage":4,"enemies":"Sphere and 2 Shapes","floor":48,"turns":2},{"damage":78,"enemies":"Awakened One","floor":50,"turns":6}],"event_choices":[{"event_name":"Purifier","player_choice":"One Purge","floor":3.0,"damage_taken":0.0},{"event_name":"Cursed Tome","player_choice":"Obtained Book","floor":19.0,"damage_taken":0.0},{"event_name":"Beggar","player_choice":"Gave Gold","floor":22.0,"damage_taken":0.0},{"event_name":"The Mausoleum","player_choice":"Yes","floor":27.0,"damage_taken":0.0},{"event_name":"The Woman in Blue","player_choice":"Bought 0 Potions","floor":37.0,"damage_taken":0.0}],"boss_relics":[],"potions_floor_spawned":[1,10,12,16,21,29,30,31,33,35,41,47,48],"seed_played":"-8898048335561734966","ascension_level":0,"is_trial":false}