{"path_per_floor":["M","M","?","M","M","R","M","R","T","R","M","M","R","E","R","B",null,"M","?","M","$","M","R","$","R","T","?","M","R","E","M","R"],"character_chosen":"IRONCLAD","items_purchased":["Bandage Up","Flash of Steel"],"gold_per_floor":[11,30,30,47,62,62,77,77,100,100,110,121,121,149,149,224,224,244,244,263,99,118,118,16,16,42,42,57,57,83,96,96],"floor_reached":33,"campfire_rested":5,"playtime":1556,"current_hp_per_floor":[65,65,65,64,37,37,11,32,32,32,24,28,50,32,54,23,64,51,51,33,33,31,56,56,56,56,56,57,57,15,10,37],"items_purged":["Strike_R"],"gold":96,"score":457,"play_id":"e32f70fb-a89c-4056-8541-430b4659cccf","local_time":"20180317003910","is_prod":false,"is_daily":false,"is_ascension_mode":true,"campfire_upgraded":4,"timestamp":1521268750,"path_taken":["M","M","?","M","M","R","M","R","T","R","M","M","R","E","R","BOSS","M","?","M","$","M","R","$","R","T","?","?","R","E","M","R","BOSS"],"build_version":"2018-03-15v2","purchased_purges":1,"victory":false,"master_deck":["Strike_R","Strike_R","Strike_R+1","Defend_R","Defend_R","Defend_R","Bash+1","Rampage+1","Shrug It Off+1","Corruption+1","Battle Trance+1","Bandage Up+1","Flash of Steel"],"max_hp_per_floor":[72,72,72,72,72,72,72,72,72,72,74,76,76,76,76,78,78,80,80,82,82,84,84,84,84,84,84,86,86,88,90,90],"relics":["Burning Blood","Singing Bowl","Shuriken","Runic Dome","Whetstone","Smiling Mask"],"card_choices":[{"not_picked":["Blood for Blood","Rage"],"picked":"Rampage"},{"not_picked":["Uppercut","Warcry"],"picked":"Shrug It Off"},{"not_picked":["Clash","Bloodletting"],"picked":"Corruption"},{"not_picked":["Perfected Strike","Dropkick"],"picked":"Battle Trance"}],"player_experience":547642,"potions_floor_usage":[22,30,30],"damage_taken":[{"damage":9.0,"enemies":"2 Louse","floor":1.0,"turns":3.0},{"damage":6.0,"enemies":"Cultist","floor":2.0,"turns":3.0},{"damage":7.0,"enemies":"Jaw Worm","floor":4.0,"turns":3.0},{"damage":33.0,"enemies":"Exordium Thugs","floor":5.0,"turns":5.0},{"damage":32.0,"enemies":"Gremlin Gang","floor":7.0,"turns":5.0},{"damage":16.0,"enemies":"Lots of Slimes","floor":11.0,"turns":5.0},{"damage":4.0,"enemies":"Looter","floor":12.0,"turns":3.0},{"damage":24.0,"enemies":"3 Sentries","floor":14.0,"turns":9.0},{"damage":39.0,"enemies":"Hexaghost","floor":16.0,"turns":7.0},{"damage":21.0,"enemies":"Shell Parasite","floor":18.0,"turns":4.0},{"damage":26.0,"enemies":"3 Byrds","floor":20.0,"turns":5.0},{"damage":14,"enemies":"Cultist and Chosen","floor":22,"turns":5},{"damage":13,"enemies":"Centurion and Healer","floor":28,"turns":4},{"damage":56,"enemies":"Slavers","floor":30,"turns":5},{"damage":19,"enemies":"Snake Plant","floor":31,"turns":3},{"damage":91,"enemies":"Automaton","floor":33,"turns":6}],"event_choices":[{"event_name":"Purifier","player_choice":"One Purge","floor":3.0,"damage_taken":0.0},{"event_name":"Upgrade Shrine","player_choice":"Upgraded","floor":19.0,"damage_taken":0.0},{"event_name":"Beggar","player_choice":"Ignored","floor":27,"damage_taken":0}],"boss_relics":[],"potions_floor_spawned":[1,2,4,11,14,16,18,20,28],"seed_played":"6763028820816735873","killed_by":"Automaton","ascension_level":14,"is_trial":false}