{"path_per_floor":["M","$","?","M","M","E","R","M","T","?","M","R","M","$","R","B",null,"M","?","?","M","M","E","M","E","T","R","M","M","R","M","R","B",null,"M","M","M","$","M","R","M","E","T","E","?","E","?","$","R","B"],"character_chosen":"IRONCLAD","items_purchased":["Pear","Pommel Strike","Dropkick","Sentinel"],"gold_per_floor":[114,39,114,132,147,179,179,195,195,195,206,206,219,119,119,218,218,230,230,145,163,174,233,248,279,279,279,299,318,318,337,337,435,435,453,465,480,84,97,97,116,141,188,219,219,254,254,14,14,14],"floor_reached":51,"campfire_rested":2,"playtime":2124,"current_hp_per_floor":[76,76,65,71,76,55,55,60,60,60,65,65,64,64,64,37,80,78,78,78,80,72,67,63,52,52,52,49,40,40,39,63,43,80,80,80,56,66,69,69,58,62,62,48,48,18,41,41,68,13],"items_purged":["Regret","Regret","Strike_R","Strike_R"],"gold":14,"score":806,"play_id":"ebfb3c7c-e10b-423c-b0cf-6c457f67957f","local_time":"20180318165954","is_prod":false,"is_daily":false,"is_ascension_mode":false,"campfire_upgraded":6,"timestamp":1521413994,"path_taken":["M","$","?","M","M","E","R","M","T","?","M","R","M","$","R","BOSS","M","?","?","M","M","E","M","E","T","R","?","M","R","M","R","BOSS","M","M","M","$","M","R","M","E","T","E","?","E","?","$","R","BOSS"],"build_version":"2018-03-15v3","purchased_purges":4,"victory":true,"master_deck":["Strike_R+1","Strike_R","Defend_R","Defend_R","Bash","Seeing Red+1","Bludgeon+1","Thunderclap","Cleave+1","Evolve+1","Warcry+1","Double Tap+1","Power Through","Second Wind+1","Brutality","Shrug It Off+1","Pommel Strike+1","Shrug It Off+1","Dropkick","Sentinel"],"max_hp_per_floor":[80,80,80,80,80,80,80,80,80,80,80,80,80,80,80,80,80,80,80,80,80,80,80,80,80,80,80,80,80,80,80,80,80,80,80,80,80,90,90,90,90,90,90,90,90,90,90,90,90,90],"relics":["Burning Blood","Art of War","Ginger","Orichalcum","Mark of Pain","Blood Vial","Tiny Chest","Ornamental Fan","Pen Nib","Velvet Choker","Pear","Blue Candle","Whetstone","The Courier","Omamori"],"card_choices":[{"not_picked":["Fire Breathing","Body Slam"],"picked":"Thunderclap"},{"not_picked":["Armaments","Rupture"],"picked":"Cleave"},{"not_picked":["Heavy Blade","Intimidate"],"picked":"Evolve"},{"not_picked":["Sword Boomerang","Rupture"],"picked":"Warcry"},{"not_picked":["Dark Embrace","Impervious"],"picked":"Double Tap"},{"not_picked":["Bloodletting","Armaments"],"picked":"Power Through"},{"not_picked":["True Grit","Cleave"],"picked":"Second Wind"},{"not_picked":["Feed","Bludgeon"],"picked":"Brutality"},{"not_picked":["Cleave","Headbutt"],"picked":"Shrug It Off"},{"not_picked":["Infernal Blade","Perfected Strike"],"picked":"Shrug It Off"}],"player_experience":568178,"potions_floor_usage":[50,50,50],"damage_taken":[{"damage":10.0,"enemies":"Small Slimes","floor":1.0,"turns":2.0},{"damage":0.0,"enemies":"2 Louse","floor":4.0,"turns":3.0},{"damage":1.0,"enemies":"Jaw Worm","floor":5.0,"turns":3.0},{"damage":27.0,"enemies":"3 Sentries","floor":6.0,"turns":5.0},{"damage":1.0,"enemies":"Exordium Wildlife","floor":8.0,"turns":3.0},{"damage":1.0,"enemies":"Blue Slaver","floor":11.0,"turns":2.0},{"damage":7.0,"enemies":"Lots of Slimes","floor":13.0,"turns":2.0},{"damage":33.0,"enemies":"Slime Boss","floor":16.0,"turns":5.0},{"damage":8.0,"enemies":"2 Thieves","floor":18.0,"turns":3.0},{"damage":0.0,"enemies":"3 Byrds","floor":21.0,"turns":4.0},{"damage":14.0,"enemies":"3 Cultists","floor":22.0,"turns":4.0},{"damage":13.0,"enemies":"Slavers","floor":23.0,"turns":4.0},{"damage":12.0,"enemies":"Slaver and Parasite","floor":24.0,"turns":4.0},{"damage":19.0,"enemies":"Book of Stabbing","floor":25.0,"turns":4.0},{"damage":11.0,"enemies":"Snecko","floor":28.0,"turns":5.0},{"damage":17.0,"enemies":"Snake Plant","floor":29.0,"turns":3.0},{"damage":9.0,"enemies":"Cultist and Chosen","floor":31.0,"turns":4.0},{"damage":28.0,"enemies":"Collector","floor":33.0,"turns":4.0},{"damage":1.0,"enemies":"Orb Walker","floor":35.0,"turns":3.0},{"damage":5.0,"enemies":"3 Shapes","floor":36.0,"turns":4.0},{"damage":30.0,"enemies":"Maw","floor":37.0,"turns":6.0},{"damage":5.0,"enemies":"Sphere and 2 Shapes","floor":39.0,"turns":7.0},{"damage":19.0,"enemies":"3 Darklings","floor":41.0,"turns":4.0},{"damage":4.0,"enemies":"Giant Head","floor":42.0,"turns":6.0},{"damage":22.0,"enemies":"2 Orb Walkers","floor":44.0,"turns":4.0},{"damage":38.0,"enemies":"Nemesis","floor":46.0,"turns":5.0},{"damage":63,"enemies":"Time Eater","floor":50,"turns":9}],"event_choices":[{"event_name":"World of Goop","player_choice":"Gather Gold","floor":3.0,"damage_taken":0.0},{"event_name":"Big Fish","player_choice":"Box","floor":10.0,"damage_taken":0.0},{"event_name":"Drug Dealer","player_choice":"Ignored","floor":19.0,"damage_taken":0.0},{"event_name":"Addict","player_choice":"Obtained Relic","floor":20.0,"damage_taken":0.0},{"event_name":"Winding Halls","player_choice":"Writhe","floor":47.0,"damage_taken":0.0}],"boss_relics":[],"potions_floor_spawned":[5,6,16,18,22,31,33,36,39,41,42],"seed_played":"-7065447932415656147","ascension_level":0,"is_trial":false}