{"path_per_floor":["M","?","M","M","M","R","M","E","T","M","R","?","R","$","R","B",null,"M","$","?","?","?","M","R","M","T","R","M","M","?"],"character_chosen":"IRONCLAD","items_purchased":["Flex","Block Potion","Clash"],"gold_per_floor":[12,12,24,43,60,60,78,112,112,127,127,149,149,70,70,144,144,163,62,62,62,62,74,74,92,92,92,107,121,121,121],"floor_reached":31,"campfire_rested":2,"playtime":882,"current_hp_per_floor":[71,71,75,80,74,74,61,36,36,42,42,47,47,47,71,44,71,46,46,46,30,30,28,52,34,34,34,14,7,7,0],"items_purged":["Strike_R"],"gold":121,"score":391,"play_id":"bc2ecf94-ba19-481e-844a-4f1219dc7481","local_time":"20180324092741","is_prod":false,"is_daily":false,"is_ascension_mode":true,"campfire_upgraded":4,"timestamp":1521901661,"path_taken":["M","?","M","M","M","R","M","E","T","M","R","?","R","$","R","BOSS","M","$","?","?","?","?","R","M","T","R","M","M","?","M"],"build_version":"2018-03-22v2","purchased_purges":2,"victory":false,"master_deck":["Strike_R+1","Strike_R","Strike_R","Strike_R","Defend_R","Defend_R","Defend_R","Defend_R","Bash+1","AscendersBane","Cleave+1","Impervious","Disarm+1","Battle Trance","Rage+1","Flex","Double Tap","Anger","Whirlwind","Whirlwind","Inflame","Clash","Clash","Metallicize","Demon Form+1","Sword Boomerang"],"max_hp_per_floor":[80,80,80,80,80,80,80,80,80,80,80,80,80,80,80,80,80,80,80,80,80,80,80,80,80,80,80,80,80,80,80],"relics":["Burning Blood","Red Skull","Whetstone","Unceasing Top","Odd Mushroom","Orrery","Nilry\u0027s Codex","Bottled Tornado"],"card_choices":[{"not_picked":["Body Slam","Bloodletting"],"picked":"Cleave","floor":1},{"not_picked":["Body Slam","Wild Strike"],"picked":"Impervious","floor":3},{"not_picked":["Dropkick","Havoc"],"picked":"Disarm","floor":7},{"not_picked":["Disarm","Clash"],"picked":"Battle Trance","floor":8},{"not_picked":["Ghostly Armor","Havoc"],"picked":"Rage","floor":12},{"not_picked":["Bludgeon","Barricade"],"picked":"Double Tap","floor":16},{"not_picked":["Wild Strike","Thunderclap"],"picked":"Anger","floor":17},{"not_picked":["Shrug It Off","Hemokinesis"],"picked":"Whirlwind","floor":17},{"not_picked":["Wild Strike","Havoc"],"picked":"Whirlwind","floor":17},{"not_picked":["Anger","Entrench"],"picked":"Inflame","floor":17},{"not_picked":["Sever Soul","Pommel Strike"],"picked":"Clash","floor":18},{"not_picked":["Shockwave","Dropkick"],"picked":"Metallicize","floor":23},{"not_picked":["Clash","Reckless Charge"],"picked":"Demon Form","floor":25},{"not_picked":["Bloodletting","Anger"],"picked":"Sword Boomerang","floor":28}],"player_experience":389082,"potions_floor_usage":[8,16,29,31],"damage_taken":[{"damage":7,"enemies":"Jaw Worm","floor":1,"turns":3},{"damage":2,"enemies":"2 Louse","floor":3,"turns":2},{"damage":0,"enemies":"Small Slimes","floor":4,"turns":4},{"damage":12,"enemies":"Looter","floor":5,"turns":3},{"damage":19,"enemies":"Blue Slaver","floor":7,"turns":5},{"damage":31,"enemies":"Lagavulin","floor":8,"turns":8},{"damage":0,"enemies":"3 Louse","floor":10,"turns":2},{"damage":1,"enemies":"The Mushroom Lair","floor":12,"turns":4},{"damage":33,"enemies":"Hexaghost","floor":16,"turns":11},{"damage":31,"enemies":"2 Thieves","floor":18,"turns":4},{"damage":8,"enemies":"Shell Parasite","floor":23,"turns":5},{"damage":24,"enemies":"Centurion and Healer","floor":25,"turns":8},{"damage":26,"enemies":"3 Cultists","floor":28,"turns":4},{"damage":13,"enemies":"Snecko","floor":29,"turns":3},{"damage":11,"enemies":"Cultist and Chosen","floor":31,"turns":5}],"event_choices":[{"event_name":"The Cleric","player_choice":"Leave","floor":2,"damage_taken":0},{"event_name":"Mushrooms","player_choice":"Fought Mushrooms","floor":12,"damage_taken":0},{"event_name":"Addict","player_choice":"Ignored","floor":20,"damage_taken":0},{"event_name":"Cursed Tome","player_choice":"Obtained Book","floor":21,"damage_taken":0},{"event_name":"Vampires","player_choice":"Ignored","floor":22,"damage_taken":0},{"event_name":"Drug Dealer","player_choice":"Ignored","floor":30,"damage_taken":0}],"boss_relics":[{"not_picked":["Tiny House","White Beast Statue"],"picked":"Orrery"}],"potions_floor_spawned":[5,7,10,16,23,25,29],"seed_played":"-3451680284641066218","killed_by":"Cultist and Chosen","ascension_level":13,"is_trial":false}