{"path_per_floor":["M","$","?","?","M","R","M","R","T","M","E","M","$","M","R","B",null,"M","?","?","M","M","R","$","R","T","R","M","R","M","E","R","B",null,"M","M","M","$","M","E","R","E","T","$","M","R","E","M","R","B"],"character_chosen":"IRONCLAD","items_purchased":["Impervious","Deep Breath","Bag of Preparation"],"gold_per_floor":[118,43,43,218,234,234,248,248,275,292,325,337,66,82,82,183,183,183,183,183,183,183,183,29,29,29,29,29,29,29,29,29,29,29,29,29,29,29,29,29,29,29,29,29,29,29,29,29,29,29],"floor_reached":51,"campfire_rested":0,"playtime":2352,"current_hp_per_floor":[72,72,58,58,61,61,66,66,66,66,46,52,52,51,51,34,72,72,59,59,61,55,55,55,55,55,55,51,51,59,61,61,56,86,86,86,86,86,86,60,60,65,65,65,67,67,89,92,92,92],"items_purged":["Defend_R","Doubt"],"gold":29,"score":821,"play_id":"62f3fe45-d59f-430b-bdeb-dc5a73f2d8f1","local_time":"20180317233032","is_prod":false,"is_daily":false,"is_ascension_mode":true,"campfire_upgraded":11,"timestamp":1521351032,"path_taken":["M","$","?","?","M","R","M","R","T","M","E","M","$","M","R","BOSS","M","?","?","M","?","R","$","R","T","R","?","R","M","E","R","BOSS","M","M","M","$","M","E","R","E","T","$","?","R","E","M","R","BOSS"],"build_version":"2018-03-15v3","purchased_purges":2,"victory":true,"master_deck":["Strike_R","Strike_R","Strike_R","Strike_R+1","Strike_R","Defend_R","Defend_R","Defend_R+1","Bash+1","Whirlwind+1","Thunderclap","Disarm+1","Shockwave","True Grit+1","Warcry","Impervious","Deep Breath+1","Burning Pact+1","Offering+1","Flex+1","Carnage+1","Corruption+1","Feed","Feel No Pain+1","Flex+1","Spot Weakness+1","Sentinel+1","Havoc+1","Clumsy","Double Tap+1","Flex"],"max_hp_per_floor":[72,72,72,72,72,72,72,72,72,72,72,72,72,72,72,72,72,72,77,77,77,80,80,80,80,80,80,80,80,86,86,86,86,86,86,86,86,86,86,86,86,89,89,89,89,89,89,92,92,92],"relics":["Burning Blood","Dead Branch","Lantern","Prayer Wheel","Ectoplasm","Bag of Preparation","Sundial","Tiny Chest","Cursed Key","Molten Egg 2","Vajra","Pen Nib","Dream Catcher"],"card_choices":[{"not_picked":["Headbutt","Inflame"],"picked":"Whirlwind"},{"not_picked":["Heavy Blade","Sword Boomerang"],"picked":"Thunderclap"},{"not_picked":["Shrug It Off","Clash"],"picked":"Disarm"},{"not_picked":["Brutality","Clash"],"picked":"Shockwave"},{"not_picked":["Sever Soul","Cleave"],"picked":"True Grit"},{"not_picked":["Infernal Blade","Shrug It Off"],"picked":"Warcry"},{"not_picked":["Perfected Strike","Hemokinesis"],"picked":"Burning Pact"},{"not_picked":["Limit Break","Demon Form"],"picked":"Offering"},{"not_picked":["Second Wind","Sword Boomerang"],"picked":"Flex"},{"not_picked":["Anger","Flex"],"picked":"Carnage"},{"not_picked":["Searing Blow","True Grit"],"picked":"Corruption"},{"not_picked":["Reaper","Brutality"],"picked":"Feed"},{"not_picked":["Twin Strike","Armaments"],"picked":"Feel No Pain"},{"not_picked":["Perfected Strike","Body Slam"],"picked":"Flex"},{"not_picked":["Iron Wave","Pommel Strike"],"picked":"Spot Weakness"},{"not_picked":["Headbutt","Metallicize"],"picked":"Sentinel"},{"not_picked":["Wild Strike","Entrench"],"picked":"Havoc"},{"not_picked":["Warcry","Fire Breathing"],"picked":"Double Tap"},{"not_picked":["Hemokinesis","Reckless Charge"],"picked":"Flex"}],"player_experience":561638,"potions_floor_usage":[21,50,50],"damage_taken":[{"damage":0,"enemies":"2 Louse","floor":1,"turns":4},{"damage":3,"enemies":"Jaw Worm","floor":5,"turns":4},{"damage":1,"enemies":"Cultist","floor":7,"turns":3},{"damage":6,"enemies":"Blue Slaver","floor":10,"turns":3},{"damage":30,"enemies":"Gremlin Nob","floor":11,"turns":5},{"damage":0,"enemies":"3 Louse","floor":12,"turns":2},{"damage":7,"enemies":"2 Fungi Beasts","floor":14,"turns":3},{"damage":23,"enemies":"Hexaghost","floor":16,"turns":15},{"damage":4,"enemies":"3 Byrds","floor":18,"turns":3},{"damage":4,"enemies":"2 Thieves","floor":21,"turns":1},{"damage":15,"enemies":"3 Cultists","floor":22,"turns":3},{"damage":10,"enemies":"Snake Plant","floor":28,"turns":2},{"damage":4,"enemies":"Sentry and Sphere","floor":30,"turns":5},{"damage":4,"enemies":"Book of Stabbing","floor":31,"turns":3},{"damage":11,"enemies":"Collector","floor":33,"turns":3},{"damage":5,"enemies":"Orb Walker","floor":35,"turns":2},{"damage":0,"enemies":"3 Darklings","floor":36,"turns":1},{"damage":0,"enemies":"Maw","floor":37,"turns":6},{"damage":10,"enemies":"Sphere and 2 Shapes","floor":39,"turns":3},{"damage":32,"enemies":"2 Orb Walkers","floor":40,"turns":4},{"damage":4,"enemies":"Nemesis","floor":42,"turns":3},{"damage":4,"enemies":"3 Darklings","floor":45,"turns":1},{"damage":4,"enemies":"Giant Head","floor":47,"turns":2},{"damage":0,"enemies":"4 Shapes","floor":48,"turns":1},{"damage":4,"enemies":"Donu and Deca","floor":50,"turns":4}],"event_choices":[{"event_name":"Shining Light","player_choice":"Entered Light","floor":3,"damage_taken":0},{"event_name":"Liars Game","player_choice":"agreed","floor":4,"damage_taken":0},{"event_name":"Forgotten Altar","player_choice":"Shed Blood","floor":19,"damage_taken":0},{"event_name":"Vampires","player_choice":"Ignored","floor":20,"damage_taken":0}],"boss_relics":[{"not_picked":["Black Star","Mark of Pain"],"picked":"Ectoplasm"},{"not_picked":["Orrery","Eternal Feather"],"picked":"Cursed Key"}],"potions_floor_spawned":[1,5,10,16,21,30,33,35,40,42,47],"seed_played":"-8425861620688279104","ascension_level":1,"is_trial":false}