{"path_per_floor":["M","?","M","M","M","M","M","R","T","R","M","E","R","$","R","B",null,"M","M","$","?","?","R","M","M","T","M"],"character_chosen":"IRONCLAD","items_purchased":["Apotheosis"],"gold_per_floor":[147,147,163,176,192,209,223,223,223,223,235,264,264,58,58,129,129,147,162,87,87,87,87,101,114,137,152,152],"floor_reached":28,"campfire_rested":2,"playtime":761,"current_hp_per_floor":[75,80,70,55,44,32,24,24,24,24,18,3,30,30,57,28,75,77,65,65,47,47,47,35,21,21,22,13],"items_purged":["Strike_R"],"gold":152,"score":395,"play_id":"af653553-88c2-418e-8b3a-26475281cb6d","local_time":"20180324145258","is_prod":false,"is_daily":false,"is_ascension_mode":true,"campfire_upgraded":3,"timestamp":1521921178,"path_taken":["M","?","M","M","M","M","M","R","T","R","M","E","R","?","R","BOSS","M","M","$","?","?","R","M","M","T","M","?"],"build_version":"2018-03-22v2","purchased_purges":1,"victory":false,"master_deck":["Strike_R","Strike_R","Strike_R","Strike_R+1","Defend_R","Defend_R","Defend_R","Defend_R","Bash","AscendersBane","Searing Blow+4","Pommel Strike","Shrug It Off","True Grit","Disarm","Power Through","Demon Form","Apotheosis","Impervious","Battle Trance","Uppercut+1","Metallicize"],"max_hp_per_floor":[85,90,90,90,90,90,90,90,90,90,90,90,90,90,90,90,90,90,90,90,95,95,95,95,95,95,95,95],"relics":["Tiny House","Bag of Marbles","Blood Vial","Sozu","Singing Bowl"],"card_choices":[{"not_picked":["Wild Strike","Twin Strike"],"picked":"Searing Blow","floor":0.0},{"not_picked":["Heavy Blade","Rampage"],"picked":"Pommel Strike","floor":1.0},{"not_picked":["Cleave","Thunderclap"],"picked":"Shrug It Off","floor":3.0},{"not_picked":["Combust","Iron Wave"],"picked":"True Grit","floor":6.0},{"not_picked":["Cleave","True Grit"],"picked":"Disarm","floor":7.0},{"not_picked":["Warcry","Body Slam"],"picked":"Power Through","floor":11.0},{"not_picked":["Intimidate","Second Wind"],"picked":"Demon Form","floor":12.0},{"not_picked":["Juggernaut","Brutality"],"picked":"Impervious","floor":16.0},{"not_picked":["Searing Blow","Pummel"],"picked":"Battle Trance","floor":18.0},{"not_picked":["Hemokinesis","Anger"],"picked":"Uppercut","floor":24.0},{"not_picked":["Bludgeon","Warcry"],"picked":"Metallicize","floor":27.0}],"player_experience":391377,"potions_floor_usage":[],"damage_taken":[{"damage":2.0,"enemies":"2 Louse","floor":1.0,"turns":3.0},{"damage":10.0,"enemies":"Small Slimes","floor":3.0,"turns":4.0},{"damage":15.0,"enemies":"Jaw Worm","floor":4.0,"turns":4.0},{"damage":11.0,"enemies":"Blue Slaver","floor":5.0,"turns":4.0},{"damage":12.0,"enemies":"3 Louse","floor":6.0,"turns":4.0},{"damage":8.0,"enemies":"Lots of Slimes","floor":7.0,"turns":2.0},{"damage":6.0,"enemies":"Exordium Thugs","floor":11.0,"turns":5.0},{"damage":15.0,"enemies":"Gremlin Nob","floor":12.0,"turns":4.0},{"damage":31.0,"enemies":"Hexaghost","floor":16.0,"turns":12.0},{"damage":0.0,"enemies":"Spheric Guardian","floor":18.0,"turns":4.0},{"damage":14.0,"enemies":"2 Thieves","floor":19.0,"turns":5.0},{"damage":14.0,"enemies":"Snecko","floor":24.0,"turns":7.0},{"damage":16.0,"enemies":"3 Cultists","floor":25.0,"turns":6.0},{"damage":1.0,"enemies":"Centurion and Healer","floor":27.0,"turns":6.0},{"damage":11,"enemies":"Slaver and Parasite","floor":28,"turns":3}],"event_choices":[{"event_name":"Big Fish","player_choice":"Donut","floor":2.0,"damage_taken":0.0},{"event_name":"Forgotten Altar","player_choice":"Shed Blood","floor":21.0,"damage_taken":0.0},{"event_name":"Upgrade Shrine","player_choice":"Upgraded","floor":22.0,"damage_taken":0.0}],"boss_relics":[],"potions_floor_spawned":[1,3,5,12,19,27],"seed_played":"7934014083928112004","killed_by":"Slaver and Parasite","ascension_level":13,"is_trial":false}