{"path_per_floor":["M","?","M","M","M","R","?","?","T","M","$","R","M","?","R","B",null,"M","M","M","?","$","R","E","M","T","M","M"],"character_chosen":"IRONCLAD","items_purchased":["Metallicize","Shrug It Off"],"gold_per_floor":[115,115,125,138,154,154,183,133,156,169,71,71,84,84,84,163,163,103,103,103,103,28,28,28,28,28,28,28,28],"floor_reached":29,"campfire_rested":1,"playtime":982,"current_hp_per_floor":[78,78,80,80,67,67,53,53,53,56,56,56,48,48,72,45,74,77,83,69,69,69,69,56,41,41,24,10,7],"items_purged":["Regret"],"gold":28,"score":423,"play_id":"fd4bd8d0-b8bc-4cc2-9eda-819ffe85d261","local_time":"20180324095208","is_prod":false,"is_daily":false,"is_ascension_mode":true,"campfire_upgraded":3,"timestamp":1521903128,"path_taken":["M","?","M","M","M","R","?","?","T","M","$","R","?","?","R","BOSS","M","M","M","?","$","R","E","?","T","M","M","M"],"build_version":"2018-03-22v2","purchased_purges":1,"victory":false,"master_deck":["Strike_R","Strike_R","Strike_R","Defend_R","Defend_R","Defend_R","Defend_R","Bash","AscendersBane","Inflame","Pommel Strike+1","Body Slam+1","Berserk","Metallicize","Shrug It Off","Dual Wield+1","Feed","Impervious","Seeing Red","Body Slam+1","Disarm"],"max_hp_per_floor":[80,80,80,80,80,80,80,80,80,80,80,80,80,80,80,83,83,86,86,89,89,89,89,92,92,92,92,95,95],"relics":["Burning Blood","NeowsBlessing","Odd Mushroom","Orichalcum","Ectoplasm","Lantern","Bag of Marbles"],"card_choices":[{"not_picked":["Seeing Red","True Grit"],"picked":"Inflame","floor":1.0},{"not_picked":["Blood for Blood","Rupture"],"picked":"Pommel Strike","floor":5.0},{"not_picked":["Warcry","Anger"],"picked":"Body Slam","floor":7.0},{"not_picked":["Thunderclap","Twin Strike"],"picked":"Berserk","floor":10.0},{"not_picked":["Perfected Strike","Thunderclap"],"picked":"Dual Wield","floor":13.0},{"not_picked":["Brutality","Dark Embrace"],"picked":"Impervious","floor":16.0},{"not_picked":["Corruption","Cleave"],"picked":"Seeing Red","floor":18.0},{"not_picked":["Evolve","True Grit"],"picked":"Body Slam","floor":19.0},{"not_picked":["Warcry","Searing Blow"],"picked":"Disarm","floor":28}],"player_experience":390395,"potions_floor_usage":[28,29],"damage_taken":[{"damage":0.0,"enemies":"Cultist","floor":1.0,"turns":1.0},{"damage":0.0,"enemies":"2 Louse","floor":3.0,"turns":1.0},{"damage":0.0,"enemies":"Small Slimes","floor":4.0,"turns":1.0},{"damage":19.0,"enemies":"Blue Slaver","floor":5.0,"turns":4.0},{"damage":20.0,"enemies":"The Mushroom Lair","floor":7.0,"turns":5.0},{"damage":3.0,"enemies":"Red Slaver","floor":10.0,"turns":3.0},{"damage":14.0,"enemies":"3 Louse","floor":13.0,"turns":5.0},{"damage":36.0,"enemies":"Slime Boss","floor":16.0,"turns":14.0},{"damage":6.0,"enemies":"2 Thieves","floor":18.0,"turns":4.0},{"damage":0.0,"enemies":"Chosen","floor":19.0,"turns":3.0},{"damage":23.0,"enemies":"Centurion and Healer","floor":20.0,"turns":6.0},{"damage":22.0,"enemies":"Book of Stabbing","floor":24.0,"turns":5.0},{"damage":21,"enemies":"Sentry and Sphere","floor":25,"turns":7},{"damage":23,"enemies":"Snake Plant","floor":27,"turns":5},{"damage":23,"enemies":"Slaver and Parasite","floor":28,"turns":5},{"damage":9,"enemies":"Cultist and Chosen","floor":29,"turns":6}],"event_choices":[{"event_name":"The Lab","player_choice":"Got Potions","floor":2.0,"damage_taken":0.0},{"event_name":"Mushrooms","player_choice":"Fought Mushrooms","floor":7.0,"damage_taken":0.0},{"event_name":"The Cleric","player_choice":"Card Removal","floor":8.0,"damage_taken":0.0},{"event_name":"Living Wall","player_choice":"Change","floor":14.0,"damage_taken":0.0},{"event_name":"Golden Shrine","player_choice":"Desecrate","floor":21.0,"damage_taken":0.0}],"boss_relics":[],"potions_floor_spawned":[1,4,10,13,16,19,20,27,28,29],"seed_played":"4299819050544503481","killed_by":"Cultist and Chosen","ascension_level":13,"is_trial":false}