{"path_per_floor":["M","$","?","?","?","R","E","R","T","R","M","E","M","?","R","B",null,"M","?","M","M","$","R","E","R","T","E","T","$","R","E","R","B",null,"M","M","$","M","$","R","E","R","T","R","?","E","R","M","R","B"],"character_chosen":"IRONCLAD","items_purchased":["Toxic Egg 2","Flex","Master of Strategy","Metallicize"],"gold_per_floor":[118,43,43,43,43,43,107,107,107,107,128,162,183,183,183,304,304,323,323,338,351,10,10,51,51,51,94,94,94,94,132,132,261,261,274,298,274,292,46,46,87,87,114,114,114,152,152,176,176,176],"floor_reached":51,"campfire_rested":4,"playtime":1696,"current_hp_per_floor":[78,77,77,58,58,58,68,68,68,68,78,38,47,38,65,43,84,74,74,77,77,77,77,44,44,44,58,58,58,58,40,73,49,100,101,99,99,84,84,84,70,70,70,70,70,36,73,77,115,63],"items_purged":["Parasite","Strike_R"],"gold":176,"score":1284,"play_id":"b08f8011-357c-4d72-9516-3305cc5bc7cf","local_time":"20180318131043","is_prod":false,"is_daily":false,"is_ascension_mode":true,"campfire_upgraded":9,"timestamp":1521396643,"path_taken":["M","?","?","?","?","R","E","R","T","R","M","E","?","?","R","BOSS","M","?","M","M","$","R","E","R","T","E","?","$","R","E","R","BOSS","M","M","$","M","$","R","E","R","T","R","?","E","R","M","R","BOSS"],"build_version":"2018-03-15v3","purchased_purges":3,"victory":true,"master_deck":["Strike_R","Strike_R","Strike_R","Defend_R+1","Defend_R+1","Defend_R","Defend_R+1","Bash+1","Feed+1","Disarm+1","Uppercut+1","Dropkick+1","Demon Form+1","Dropkick+1","Sword Boomerang+1","Shockwave+1","Offering+1","Shrug It Off+1","Exhume+1","Cleave","Flex+1","Master of Strategy+1","Metallicize+1","Flex+1","Clumsy","Limit Break+1"],"max_hp_per_floor":[80,77,77,77,77,77,81,81,81,81,85,89,93,93,93,97,97,97,97,101,101,101,101,105,105,105,109,109,109,109,113,113,117,117,121,125,125,125,125,125,125,125,125,125,125,125,125,129,129,129],"relics":["Burning Blood","NeowsBlessing","Golden Idol","Tiny Chest","Red Skull","Vajra","Velvet Choker","Toxic Egg 2","Orichalcum","Calipers","Du-Vu Doll","Ornamental Fan","Blood Vial","Cursed Key","Prayer Wheel","Ancient Tea Set","Whetstone"],"card_choices":[{"not_picked":["Power Through","Havoc"],"picked":"Feed"},{"not_picked":["Havoc","Uppercut"],"picked":"Disarm"},{"not_picked":["Sword Boomerang","Havoc"],"picked":"Uppercut"},{"not_picked":["Evolve","Clothesline"],"picked":"Dropkick"},{"not_picked":["Immolate","Impervious"],"picked":"Demon Form"},{"not_picked":["Clash","Warcry"],"picked":"Dropkick"},{"not_picked":["Clothesline","Berserk"],"picked":"Sword Boomerang"},{"not_picked":["Iron Wave","True Grit"],"picked":"Shockwave"},{"not_picked":["Corruption","Uppercut"],"picked":"Offering"},{"not_picked":["Perfected Strike","Clash"],"picked":"Shrug It Off"},{"not_picked":["Barricade","Feed"],"picked":"Exhume"},{"not_picked":["Headbutt","Second Wind"],"picked":"Cleave"},{"not_picked":["Iron Wave","Warcry"],"picked":"Flex"},{"not_picked":["Shockwave","Evolve"],"picked":"Limit Break"}],"player_experience":374691,"potions_floor_usage":[16,16,24,27,27,35,35,46,50],"damage_taken":[{"damage":0,"enemies":"Cultist","floor":1,"turns":1},{"damage":0,"enemies":"Gremlin Nob","floor":7,"turns":1},{"damage":0,"enemies":"Jaw Worm","floor":11,"turns":1},{"damage":50,"enemies":"Lagavulin","floor":12,"turns":8},{"damage":1,"enemies":"2 Louse","floor":13,"turns":2},{"damage":44,"enemies":"Hexaghost","floor":16,"turns":14},{"damage":16,"enemies":"Spheric Guardian","floor":18,"turns":4},{"damage":7,"enemies":"Shell Parasite","floor":20,"turns":5},{"damage":6,"enemies":"Snake Plant","floor":21,"turns":4},{"damage":43,"enemies":"Slavers","floor":24,"turns":6},{"damage":8,"enemies":"Gremlin Leader","floor":27,"turns":5},{"damage":28,"enemies":"Slavers","floor":31,"turns":4},{"damage":36,"enemies":"Collector","floor":33,"turns":5},{"damage":11,"enemies":"3 Shapes","floor":35,"turns":3},{"damage":14,"enemies":"Orb Walker","floor":36,"turns":3},{"damage":23,"enemies":"Maw","floor":38,"turns":5},{"damage":22,"enemies":"Giant Head","floor":41,"turns":7},{"damage":42,"enemies":"Nemesis","floor":46,"turns":9},{"damage":8,"enemies":"4 Shapes","floor":48,"turns":3},{"damage":60,"enemies":"Time Eater","floor":50,"turns":7}],"event_choices":[{"event_name":"Bonfire Elementals","player_choice":"BASIC","floor":3,"damage_taken":0},{"event_name":"Golden Idol","player_choice":"Take Damage","floor":4,"damage_taken":0},{"event_name":"Accursed Blacksmith","player_choice":"Forge","floor":5,"damage_taken":0},{"event_name":"Wheel of Change","player_choice":"Damage","floor":14,"damage_taken":0},{"event_name":"The Lab","player_choice":"Got Potions","floor":19,"damage_taken":0},{"event_name":"Match and Keep!","player_choice":"0 cards matched","floor":45,"damage_taken":0}],"boss_relics":[{"not_picked":["White Beast Statue","Eternal Feather"],"picked":"Velvet Choker"},{"not_picked":["Mark of Pain","Sozu"],"picked":"Cursed Key"}],"potions_floor_spawned":[1,11,13,16,21,24,31,36,41],"seed_played":"-3513830732558749534","ascension_level":12,"is_trial":false}