{"path_per_floor":["M","?","?","$","M","E","R","M","T","M","R","M","$","M","R","B",null,"M","M","?","M","M","$","R","M","T","T","$","E","R","M","R","B",null,"M","M","?","M","T","R","E","R","T","M","R","?","$","?","R"],"character_chosen":"IRONCLAD","items_purchased":["Inflame","Body Slam","Inflame","Finesse","Apotheosis","Ghostly Armor"],"gold_per_floor":[109,109,109,10,23,88,88,104,127,142,142,160,44,57,57,135,135,147,165,165,176,193,105,105,123,149,172,72,101,101,113,113,185,185,205,223,223,242,294,294,327,327,352,370,370,370,9,9,9,9],"floor_reached":50,"campfire_rested":6,"playtime":1740,"current_hp_per_floor":[64,64,69,69,65,38,38,42,42,38,78,73,73,69,69,40,74,57,59,59,34,48,48,85,62,62,62,62,40,40,41,81,21,69,71,59,59,31,31,71,20,61,61,65,65,54,54,54,89,0],"items_purged":["Strike_R","Regret","Decay"],"gold":9,"score":878,"play_id":"d96d541a-e52d-4916-b6c5-68d10fad7158","local_time":"20180323220945","is_prod":false,"is_daily":false,"is_ascension_mode":true,"campfire_upgraded":4,"timestamp":1521860985,"path_taken":["M","?","?","?","M","E","R","?","T","M","R","M","$","?","R","BOSS","M","M","?","M","M","$","R","M","T","?","?","E","R","M","R","BOSS","M","?","?","M","?","R","E","R","T","M","R","?","$","?","R","BOSS"],"build_version":"2018-03-22v2","purchased_purges":4,"victory":false,"master_deck":["Strike_R","Strike_R","Strike_R","Strike_R","Defend_R","Defend_R","Defend_R","Bash","AscendersBane","Metallicize","Inflame","Body Slam+1","Iron Wave","Shrug It Off","Limit Break+1","Inflame","Battle Trance","Offering","Body Slam+1","Warcry+1","Finesse+1","Ghostly Armor+1","Burning Pact","Demon Form","Heavy Blade+1","Flame Barrier","Decay","Pommel Strike+1","Flame Barrier","Clumsy","Barricade+1","Madness","Madness","Apotheosis","Ghostly Armor","Body Slam+1"],"max_hp_per_floor":[80,80,85,85,85,85,85,85,85,85,85,85,85,85,85,85,85,85,85,85,85,85,85,85,85,85,85,85,85,85,85,85,85,85,85,85,85,85,85,85,87,87,87,89,89,89,89,89,89,89],"relics":["Burning Blood","Tiny Chest","Regal Pillow","Cursed Key","Art of War","Prayer Wheel","Mercury Hourglass","Sozu","Singing Bowl","Dream Catcher","Bronze Scales"],"card_choices":[{"not_picked":["Carnage","Havoc"],"picked":"Metallicize","floor":1},{"not_picked":["Carnage","Havoc"],"picked":"Iron Wave","floor":6},{"not_picked":["Rupture","Rampage"],"picked":"Shrug It Off","floor":10},{"not_picked":["Intimidate","Iron Wave"],"picked":"Limit Break","floor":12},{"not_picked":["Clothesline","Sword Boomerang"],"picked":"Battle Trance","floor":14},{"not_picked":["Fiend Fire","Exhume"],"picked":"Offering","floor":16},{"not_picked":["Shrug It Off","Dropkick"],"picked":"Body Slam","floor":18},{"not_picked":["Disarm","Wild Strike"],"picked":"Warcry","floor":21},{"not_picked":["Bludgeon","Infernal Blade"],"picked":"Ghostly Armor","floor":29},{"not_picked":["Sword Boomerang","Thunderclap"],"picked":"Burning Pact","floor":31},{"not_picked":["Dark Embrace","Double Tap"],"picked":"Demon Form","floor":33},{"not_picked":["Armaments","True Grit"],"picked":"Heavy Blade","floor":35},{"not_picked":["Flex","True Grit"],"picked":"Flame Barrier","floor":38},{"not_picked":["Cleave","Feel No Pain"],"picked":"Pommel Strike","floor":39},{"not_picked":["Armaments","Clash"],"picked":"Flame Barrier","floor":42},{"not_picked":["Clash","Thunderclap"],"picked":"Barricade","floor":43},{"not_picked":["Havoc","Shrug It Off"],"picked":"Body Slam","floor":49}],"player_experience":385869,"potions_floor_usage":[6,16,21,22,22,33,50],"damage_taken":[{"damage":14,"enemies":"2 Louse","floor":1,"turns":3},{"damage":10,"enemies":"Jaw Worm","floor":5,"turns":5},{"damage":33,"enemies":"Gremlin Nob","floor":6,"turns":5},{"damage":2,"enemies":"Cultist","floor":8,"turns":4},{"damage":10,"enemies":"3 Louse","floor":10,"turns":4},{"damage":11,"enemies":"Looter","floor":12,"turns":3},{"damage":10,"enemies":"Blue Slaver","floor":14,"turns":4},{"damage":35,"enemies":"Slime Boss","floor":16,"turns":12},{"damage":23,"enemies":"Shell Parasite","floor":18,"turns":5},{"damage":4,"enemies":"Spheric Guardian","floor":19,"turns":3},{"damage":31,"enemies":"Snecko","floor":21,"turns":7},{"damage":4,"enemies":"Cultist and Chosen","floor":22,"turns":5},{"damage":29,"enemies":"Snake Plant","floor":25,"turns":4},{"damage":28,"enemies":"Gremlin Leader","floor":29,"turns":7},{"damage":5,"enemies":"Centurion and Healer","floor":31,"turns":6},{"damage":66,"enemies":"Automaton","floor":33,"turns":9},{"damage":4,"enemies":"3 Shapes","floor":35,"turns":4},{"damage":18,"enemies":"Orb Walker","floor":36,"turns":4},{"damage":34,"enemies":"Sphere and 2 Shapes","floor":38,"turns":5},{"damage":59,"enemies":"Nemesis","floor":41,"turns":9},{"damage":4,"enemies":"4 Shapes","floor":44,"turns":6},{"damage":100,"enemies":"Awakened One","floor":50,"turns":5}],"event_choices":[{"event_name":"Liars Game","player_choice":"disagreed","floor":2,"damage_taken":0},{"event_name":"Big Fish","player_choice":"Donut","floor":3,"damage_taken":0},{"event_name":"Cursed Tome","player_choice":"Ignored","floor":20,"damage_taken":0},{"event_name":"Tomb of Lord Red Mask","player_choice":"Ignored","floor":37,"damage_taken":0},{"event_name":"Winding Halls","player_choice":"Embrace Madness","floor":46,"damage_taken":0}],"boss_relics":[{"not_picked":["Snecko Eye","Black Star"],"picked":"Cursed Key"},{"not_picked":["Astrolabe","Mark of Pain"],"picked":"Sozu"}],"potions_floor_spawned":[1,5,6,10,14,19,25,29,33,35,41],"seed_played":"-1446572879060701248","killed_by":"Awakened One","ascension_level":13,"is_trial":false}