{"path_per_floor":["M","M","?","T","$","E","R","M","T","E","R","M","E","$","R","B",null,"M","?","?","M","M","R","E","R","T","M","$","?","M","M","R","B",null,"M","?","?","?","$","R","?","E","T","M","M","M","E","$","R"],"character_chosen":"IRONCLAD","items_purchased":["Feel No Pain","Seeing Red","Block Potion"],"gold_per_floor":[115,125,125,125,50,79,79,97,97,126,126,144,172,103,103,181,181,192,117,117,132,152,152,186,186,186,196,15,15,28,48,48,119,119,138,138,138,138,13,13,13,46,70,88,100,114,141,93,93,93],"floor_reached":50,"campfire_rested":2,"playtime":2260,"current_hp_per_floor":[78,80,80,80,80,80,80,83,83,63,63,72,61,61,61,53,83,61,61,61,66,69,69,58,58,58,57,57,41,26,27,57,11,78,65,55,55,55,55,85,85,91,91,100,98,98,102,102,102,0],"items_purged":["Strike_R","Parasite","Strike_R"],"gold":93,"score":1103,"play_id":"e77735c8-95c5-449c-8026-936ed6ca486e","local_time":"20180405190649","is_prod":false,"is_daily":false,"is_ascension_mode":true,"campfire_upgraded":6,"timestamp":1522948009,"path_taken":["M","M","?","?","$","E","R","M","T","E","R","M","E","$","R","BOSS","M","?","?","M","M","R","E","R","T","?","$","?","M","M","R","BOSS","M","?","?","?","?","R","?","E","T","M","?","M","E","?","R","BOSS"],"build_version":"2018-03-29v2","purchased_purges":3,"victory":false,"master_deck":["Strike_R+1","Defend_R","Defend_R","Defend_R","Bash+1","AscendersBane","Uppercut+1","Feed","Flame Barrier","Flex","Armaments+1","Dropkick","Demon Form+1","Feel No Pain","Offering+1","Clash+1","Heavy Blade","Dropkick","Exhume+1","Seeing Red","Feel No Pain","Warcry","Limit Break","Bandage Up","Master of Strategy+1","Flash of Steel","Parasite","Rupture+1","Seeing Red+1"],"max_hp_per_floor":[80,80,80,80,80,80,80,83,83,86,86,90,90,90,90,93,93,96,96,96,96,99,99,99,99,99,103,100,100,100,100,100,100,100,100,100,100,100,100,100,100,100,100,103,106,106,110,110,110,110],"relics":["Burning Blood","NeowsBlessing","Question Card","Torii","Whetstone","Pen Nib","Dream Catcher","Cursed Key","Bag of Preparation","Ice Cream","Nilry\u0027s Codex","Mark of Pain","Calipers","Vajra","Bag of Marbles"],"card_choices":[{"not_picked":["Armaments","Spot Weakness"],"picked":"Uppercut","floor":1},{"not_picked":["Armaments","Clothesline"],"picked":"Feed","floor":2},{"not_picked":["Entrench","Thunderclap","Feed"],"picked":"Flame Barrier","floor":6},{"not_picked":["Heavy Blade","Shrug It Off","Wild Strike"],"picked":"Flex","floor":8},{"not_picked":["Entrench","Immolate","Heavy Blade"],"picked":"Armaments","floor":10},{"not_picked":["Clothesline","Fire Breathing","Headbutt"],"picked":"Dropkick","floor":12},{"not_picked":["Power Through","Searing Blow","Seeing Red"],"picked":"Demon Form","floor":13},{"not_picked":["Juggernaut","Brutality","Feed"],"picked":"Offering","floor":16},{"not_picked":["Havoc","Wild Strike","Heavy Blade"],"picked":"Clash","floor":18},{"not_picked":["Bloodletting","Clothesline","Clash"],"picked":"Heavy Blade","floor":21},{"not_picked":["Power Through","Feed","Pommel Strike"],"picked":"Dropkick","floor":22},{"not_picked":["Clash","Heavy Blade","Evolve"],"picked":"Exhume","floor":24},{"not_picked":["Thunderclap","Warcry","Ghostly Armor"],"picked":"Feel No Pain","floor":30},{"not_picked":["Body Slam","Heavy Blade","Clash"],"picked":"Warcry","floor":31},{"not_picked":["Barricade","Feed","Exhume"],"picked":"Limit Break","floor":33},{"not_picked":["Blind","Flash of Steel","Purity"],"picked":"Bandage Up","floor":36},{"not_picked":["Dark Shackles","Sadistic Nature","Jack Of All Trades"],"picked":"Master of Strategy","floor":36},{"not_picked":["Purity","Blind","Dark Shackles"],"picked":"Flash of Steel","floor":36},{"not_picked":["Feel No Pain","Burning Pact","Ghostly Armor"],"picked":"Rupture","floor":44},{"not_picked":["Warcry","Limit Break","Spot Weakness"],"picked":"Seeing Red","floor":47}],"player_experience":325762,"potions_floor_usage":[13,22,24,27,33,35,42,45,47,50,50,50],"damage_taken":[{"damage":0,"enemies":"Jaw Worm","floor":1,"turns":1},{"damage":0,"enemies":"2 Louse","floor":2,"turns":1},{"damage":0,"enemies":"Lagavulin","floor":6,"turns":1},{"damage":2,"enemies":"Small Slimes","floor":8,"turns":4},{"damage":29,"enemies":"3 Sentries","floor":10,"turns":10},{"damage":1,"enemies":"Blue Slaver","floor":12,"turns":4},{"damage":17,"enemies":"Gremlin Nob","floor":13,"turns":4},{"damage":17,"enemies":"Slime Boss","floor":16,"turns":9},{"damage":31,"enemies":"2 Thieves","floor":18,"turns":4},{"damage":1,"enemies":"3 Byrds","floor":21,"turns":3},{"damage":6,"enemies":"Centurion and Healer","floor":22,"turns":10},{"damage":17,"enemies":"Book of Stabbing","floor":24,"turns":5},{"damage":11,"enemies":"Snecko","floor":27,"turns":4},{"damage":21,"enemies":"Snake Plant","floor":30,"turns":2},{"damage":5,"enemies":"Centurion and Healer","floor":31,"turns":4},{"damage":52,"enemies":"Automaton","floor":33,"turns":7},{"damage":19,"enemies":"3 Darklings","floor":35,"turns":6},{"damage":4,"enemies":"Nemesis","floor":42,"turns":5},{"damage":4,"enemies":"3 Shapes","floor":44,"turns":5},{"damage":23,"enemies":"Maw","floor":45,"turns":6},{"damage":14,"enemies":"3 Darklings","floor":46,"turns":6},{"damage":12,"enemies":"Giant Head","floor":47,"turns":2},{"damage":113,"enemies":"Awakened One","floor":50,"turns":8}],"event_choices":[{"event_name":"Living Wall","player_choice":"Forget","floor":3,"damage_taken":0},{"event_name":"Beggar","player_choice":"Gave Gold","floor":19,"damage_taken":0},{"event_name":"Back to Basics","player_choice":"Elegance","floor":20,"damage_taken":0},{"event_name":"Cursed Tome","player_choice":"Obtained Book","floor":29,"damage_taken":0},{"event_name":"SensoryStone","player_choice":"Memory 3","floor":36,"damage_taken":0},{"event_name":"Mysterious Sphere","player_choice":"Ignore","floor":37,"damage_taken":0},{"event_name":"SecretPortal","player_choice":"Rejected Portal.","floor":38,"damage_taken":0},{"event_name":"The Lab","player_choice":"Got Potions","floor":41,"damage_taken":0}],"boss_relics":[{"not_picked":["Calling Bell","Black Blood"],"picked":"Cursed Key"},{"not_picked":["Runic Pyramid","Pandora\u0027s Box"],"picked":"Mark of Pain"}],"potions_floor_spawned":[8,10,12,16,21,22,31,33,45,46],"seed_played":"3723235806034561261","killed_by":"Awakened One","ascension_level":13,"is_trial":false}