{"path_per_floor":["M","M","$","?","M","R","E","R","T","E","R","E","$","M","R","B",null,"M","?","$","?","?","E","M","R","T","E","M","$","R","M","R"],"character_chosen":"IRONCLAD","items_purchased":["Vajra","Shrug It Off","Lantern","Seeing Red"],"gold_per_floor":[210,222,39,39,51,51,84,84,84,118,118,153,78,89,89,165,195,211,211,59,59,59,91,65,65,65,97,110,38,38,54,54,54],"floor_reached":33,"campfire_rested":4,"playtime":1449,"current_hp_per_floor":[69,61,61,43,48,72,61,61,71,60,60,20,20,12,39,11,75,67,51,51,51,51,15,10,38,38,27,13,13,41,41,41,0],"items_purged":["Strike_R"],"gold":54,"score":522,"play_id":"85b29fb2-eb9f-4d9a-b0de-9dce4e6b28ae","local_time":"20180401202638","is_prod":false,"is_daily":false,"is_ascension_mode":true,"campfire_upgraded":3,"timestamp":1522607198,"path_taken":["M","?","$","?","M","R","E","R","T","E","R","E","?","M","R","BOSS","M","?","?","?","?","E","?","R","T","E","M","$","R","?","R","BOSS"],"build_version":"2018-03-29v2","purchased_purges":1,"victory":false,"master_deck":["Strike_R+1","Strike_R+1","Strike_R+1","Strike_R+1","Defend_R+1","Defend_R+1","Defend_R+1","Defend_R+1","Bash","AscendersBane","Dual Wield+1","Headbutt","Shrug It Off+1","Spot Weakness","Armaments+1","Demon Form","Impervious","Intimidate","Necronomicurse","Feel No Pain","Cleave+1","Dropkick+1","True Grit","Seeing Red"],"max_hp_per_floor":[80,80,80,80,80,80,80,80,90,90,90,90,90,90,90,90,95,95,95,95,95,95,95,95,95,95,95,95,95,95,95,95,95],"relics":["Burning Blood","Vajra","Charon\u0027s Ashes","Centennial Puzzle","Pear","Bottled Lightning","Bottled Flame","Tiny House","Necronomicon","Lantern","Bird Faced Urn","Shovel","Torii"],"card_choices":[{"not_picked":["Heavy Blade","Wild Strike"],"picked":"Dual Wield","floor":1},{"not_picked":["Corruption","Pommel Strike"],"picked":"Headbutt","floor":2},{"not_picked":["Burning Pact","Headbutt"],"picked":"Spot Weakness","floor":7},{"not_picked":["Flex","Cleave"],"picked":"Armaments","floor":12},{"not_picked":["Cleave","Armaments"],"picked":"Demon Form","floor":14},{"not_picked":["Barricade","Fiend Fire"],"picked":"Impervious","floor":16},{"not_picked":["Headbutt","Twin Strike"],"picked":"Intimidate","floor":18},{"not_picked":["Havoc","Combust"],"picked":"Feel No Pain","floor":23},{"not_picked":["Clothesline","Exhume"],"picked":"Cleave","floor":24},{"not_picked":["Sword Boomerang","Twin Strike"],"picked":"Dropkick","floor":27},{"not_picked":["Anger","Power Through"],"picked":"True Grit","floor":28}],"player_experience":314879,"potions_floor_usage":[14,14,16,18,27,33],"damage_taken":[{"damage":9,"enemies":"Cultist","floor":1,"turns":5},{"damage":14,"enemies":"Jaw Worm","floor":2,"turns":4},{"damage":1,"enemies":"Small Slimes","floor":5,"turns":3},{"damage":17,"enemies":"3 Sentries","floor":7,"turns":7},{"damage":17,"enemies":"Gremlin Nob","floor":10,"turns":4},{"damage":46,"enemies":"Lagavulin","floor":12,"turns":7},{"damage":14,"enemies":"Exordium Thugs","floor":14,"turns":5},{"damage":34,"enemies":"Slime Boss","floor":16,"turns":10},{"damage":14,"enemies":"Spheric Guardian","floor":18,"turns":8},{"damage":42,"enemies":"Slavers","floor":23,"turns":11},{"damage":11,"enemies":"2 Thieves","floor":24,"turns":5},{"damage":19,"enemies":"Gremlin Leader","floor":27,"turns":7},{"damage":22,"enemies":"Snake Plant","floor":28,"turns":5},{"damage":10,"enemies":"Centurion and Healer","floor":31,"turns":7},{"damage":59,"enemies":"Champ","floor":33,"turns":14}],"event_choices":[{"event_name":"Scrap Ooze","player_choice":"success","floor":4,"damage_taken":18},{"event_name":"Cursed Tome","player_choice":"Obtained Book","floor":19,"damage_taken":0},{"event_name":"Addict","player_choice":"Ignored","floor":21,"damage_taken":0},{"event_name":"Back to Basics","player_choice":"Simplicity","floor":22,"damage_taken":0}],"boss_relics":[{"not_picked":["Philosopher\u0027s Stone","Runic Dome"],"picked":"Tiny House"}],"potions_floor_spawned":[7,10,14,24,31],"seed_played":"3146420486661863404","killed_by":"Champ","ascension_level":13,"is_trial":false}