{"path_per_floor":["M","?","$","T","M","R","M","R","T","M","?","E","R","M","R","B",null],"character_chosen":"IRONCLAD","items_purchased":["Lantern","Metallicize"],"gold_per_floor":[209,209,31,56,66,66,83,83,83,94,94,120,120,133,133,212,212,212],"floor_reached":18,"campfire_rested":0,"playtime":452,"current_hp_per_floor":[60,60,60,60,66,66,72,72,72,75,75,71,71,75,75,59,71,1],"items_purged":[],"gold":212,"score":272,"play_id":"d345c21c-3faa-4e5a-b3b8-f9a5e7a4e3d5","local_time":"20180402084940","is_prod":false,"is_daily":false,"is_ascension_mode":true,"campfire_upgraded":2,"timestamp":1522676980,"path_taken":["M","?","$","?","M","R","M","R","T","?","?","E","R","M","R","BOSS","M"],"build_version":"2018-03-29v2","purchased_purges":0,"victory":false,"master_deck":["Strike_R","Strike_R","Strike_R","Defend_R","Defend_R","Defend_R","Defend_R","Bash+1","AscendersBane","Carnage","Metallicize","Disarm","True Grit+1","Dropkick","Shrug It Off","Spot Weakness","Juggernaut"],"max_hp_per_floor":[75,75,75,75,75,75,75,75,75,75,75,75,75,75,75,75,75,75],"relics":["Burning Blood","Lantern","Orichalcum","Mummified Hand","Girya","Philosopher\u0027s Stone"],"card_choices":[{"not_picked":["Clothesline","Burning Pact"],"picked":"Carnage","floor":1},{"not_picked":["Rage","Pommel Strike"],"picked":"Disarm","floor":5},{"not_picked":["Fire Breathing","Twin Strike"],"picked":"True Grit","floor":7},{"not_picked":["Havoc","Reckless Charge"],"picked":"Dropkick","floor":10},{"not_picked":["Twin Strike","Evolve"],"picked":"Shrug It Off","floor":12},{"not_picked":["Disarm","Headbutt"],"picked":"Spot Weakness","floor":14},{"not_picked":["Fiend Fire","Reaper"],"picked":"Juggernaut","floor":16}],"player_experience":402787,"potions_floor_usage":[18],"damage_taken":[{"damage":14,"enemies":"Jaw Worm","floor":1,"turns":3},{"damage":0,"enemies":"Cultist","floor":5,"turns":3},{"damage":0,"enemies":"Small Slimes","floor":7,"turns":3},{"damage":0,"enemies":"Exordium Thugs","floor":10,"turns":4},{"damage":10,"enemies":"Gremlin Nob","floor":12,"turns":4},{"damage":1,"enemies":"Red Slaver","floor":14,"turns":3},{"damage":22,"enemies":"Hexaghost","floor":16,"turns":9},{"damage":70,"enemies":"3 Byrds","floor":18,"turns":3}],"event_choices":[{"event_name":"Bonfire Elementals","player_choice":"BASIC","floor":2,"damage_taken":0},{"event_name":"Wheel of Change","player_choice":"Card Removal","floor":11,"damage_taken":0}],"boss_relics":[{"not_picked":["Black Star","Tiny House"],"picked":"Philosopher\u0027s Stone"}],"potions_floor_spawned":[1,7,10,16],"seed_played":"-5844451372712597786","killed_by":"3 Byrds","ascension_level":14,"is_trial":false}