{"path_per_floor":["M","M","M","M","?","R","M","R","T","R","T","E","R","M","R","B",null,"M","M","?","T","$"],"character_chosen":"IRONCLAD","items_purchased":["Battle Trance"],"gold_per_floor":[13,33,43,61,61,61,77,77,77,77,77,106,106,118,118,194,194,212,231,231,231,155,155],"floor_reached":23,"campfire_rested":0,"playtime":832,"current_hp_per_floor":[67,64,69,66,71,71,71,71,71,71,71,51,51,46,46,27,67,64,74,74,74,74,0],"items_purged":[],"gold":155,"score":325,"play_id":"35502cab-be0c-4c7c-8acb-3a851a055170","local_time":"20180402182240","is_prod":false,"is_daily":false,"is_ascension_mode":true,"campfire_upgraded":4,"timestamp":1522711360,"path_taken":["M","M","M","M","?","R","M","R","T","R","?","E","R","?","R","BOSS","M","?","?","?","$","E"],"build_version":"2018-03-29v2","purchased_purges":0,"victory":false,"master_deck":["Strike_R","Strike_R","Strike_R","Strike_R","Defend_R","Defend_R+1","Defend_R","Defend_R+1","Bash+1","AscendersBane","Pommel Strike+1","Clash","Shockwave+1","Impervious","Thunderclap","Barricade+1","Impervious","True Grit","Iron Wave","Battle Trance"],"max_hp_per_floor":[75,75,75,75,80,80,80,80,80,80,80,80,80,80,80,80,80,80,80,80,80,80,80],"relics":["Black Blood","Ginger","War Paint","Peace Pipe","Shovel","Charon\u0027s Ashes","Thread and Needle"],"card_choices":[{"not_picked":["Pummel","Blood for Blood"],"picked":"Pommel Strike","floor":1},{"not_picked":["Shrug It Off","Bloodletting"],"picked":"Clash","floor":2},{"not_picked":["Infernal Blade","Heavy Blade"],"picked":"Shockwave","floor":3},{"not_picked":["Blood for Blood","Heavy Blade"],"picked":"Impervious","floor":4},{"not_picked":["Armaments","Wild Strike"],"picked":"Thunderclap","floor":7},{"not_picked":["Sentinel","Ghostly Armor"],"picked":"Barricade","floor":12},{"not_picked":["Demon Form","Dark Embrace"],"picked":"Impervious","floor":16},{"not_picked":["Havoc","Hemokinesis"],"picked":"True Grit","floor":18},{"not_picked":["Warcry","Pommel Strike"],"picked":"Iron Wave","floor":19}],"player_experience":410455,"potions_floor_usage":[16,16,18,23],"damage_taken":[{"damage":7,"enemies":"2 Louse","floor":1,"turns":4},{"damage":9,"enemies":"Jaw Worm","floor":2,"turns":4},{"damage":1,"enemies":"Cultist","floor":3,"turns":4},{"damage":9,"enemies":"Blue Slaver","floor":4,"turns":5},{"damage":6,"enemies":"Gremlin Gang","floor":7,"turns":5},{"damage":26,"enemies":"Gremlin Nob","floor":12,"turns":4},{"damage":11,"enemies":"2 Fungi Beasts","floor":14,"turns":5},{"damage":25,"enemies":"Slime Boss","floor":16,"turns":14},{"damage":13,"enemies":"Shell Parasite","floor":18,"turns":8},{"damage":0,"enemies":"Chosen","floor":19,"turns":6},{"damage":82,"enemies":"Gremlin Leader","floor":23,"turns":13}],"event_choices":[{"event_name":"Big Fish","player_choice":"Donut","floor":5,"damage_taken":0},{"event_name":"Bonfire Elementals","player_choice":"BASIC","floor":20,"damage_taken":0}],"boss_relics":[{"not_picked":["Runic Pyramid","Calling Bell"],"picked":"Black Blood"}],"potions_floor_spawned":[1,4,12,16,18],"seed_played":"2356547436080154840","killed_by":"Gremlin Leader","ascension_level":14,"is_trial":false}