{"path_per_floor":["M","?","M","M","M","R","$","R","T","R","M","?","R","M","R","B",null,"M","?","M","?","?","R","M","R","T","R","M","?","M","$","R","B",null,"M","M","$","M","?","R","E","R","T","?","M","R","M","M","R","B"],"character_chosen":"IRONCLAD","items_purchased":["Dead Branch","Warcry","Vajra","Battle Trance"],"gold_per_floor":[365,440,455,467,477,477,62,62,89,89,109,109,109,126,126,231,231,245,245,255,155,155,155,167,167,193,193,213,213,232,5,5,105,105,120,139,39,57,57,57,83,83,108,108,126,126,142,154,154,154],"floor_reached":51,"campfire_rested":3,"playtime":1904,"current_hp_per_floor":[72,61,66,66,50,50,50,50,50,50,48,48,48,47,47,48,79,79,79,79,79,79,79,70,70,70,70,55,55,58,58,58,40,79,79,72,72,74,74,74,23,46,46,46,28,51,57,56,79,37],"items_purged":["Defend_R","Strike_R"],"gold":154,"score":694,"play_id":"37e22b2d-942d-4d23-82b6-8f47d4fc50f7","local_time":"20180325134123","is_prod":false,"is_daily":false,"is_ascension_mode":false,"campfire_upgraded":10,"timestamp":1522006883,"path_taken":["M","?","M","M","?","R","$","R","T","R","M","?","R","M","R","BOSS","M","?","M","?","?","R","M","R","T","R","M","?","M","$","R","BOSS","M","M","$","M","?","R","E","R","T","?","M","R","M","M","R","BOSS"],"build_version":"2018-03-22v2","purchased_purges":2,"victory":true,"master_deck":["Strike_R","Strike_R","Strike_R","Defend_R+1","Defend_R","Defend_R+1","Bash+1","Inflame+1","Flex+1","Heavy Blade+1","Flame Barrier+1","Warcry","Fiend Fire+1","Burning Pact","J.A.X.+1","Disarm+1","Warcry","Pommel Strike+1","Battle Trance","Limit Break+1","Shrug It Off+1","Whirlwind+1","Limit Break"],"max_hp_per_floor":[72,72,72,72,72,72,72,72,72,72,72,79,79,79,79,79,79,79,79,79,79,79,79,79,79,79,79,79,79,79,79,79,79,79,79,79,79,79,79,79,79,79,79,79,79,79,79,79,79,79],"relics":["Burning Blood","Dead Branch","Prayer Wheel","Strawberry","Mark of Pain","Juzu Bracelet","Vajra","Velvet Choker","Dodecahedron","War Paint"],"card_choices":[{"not_picked":["Combust","Sentinel"],"picked":"Inflame","floor":1.0},{"not_picked":["Twin Strike","Iron Wave"],"picked":"Flex","floor":3.0},{"not_picked":["Twin Strike","Warcry"],"picked":"Heavy Blade","floor":4.0},{"not_picked":["Hemokinesis","Flex"],"picked":"Flame Barrier","floor":5.0},{"not_picked":["Dark Embrace","Impervious"],"picked":"Fiend Fire","floor":16.0},{"not_picked":["Wild Strike","Dropkick"],"picked":"Burning Pact","floor":20.0},{"not_picked":["Shrug It Off","Anger"],"picked":"Disarm","floor":24.0},{"not_picked":["Perfected Strike","Armaments"],"picked":"Warcry","floor":26.0},{"not_picked":["Clash","Twin Strike"],"picked":"Pommel Strike","floor":28.0},{"not_picked":["Dark Embrace","Impervious"],"picked":"Limit Break","floor":33.0},{"not_picked":["Perfected Strike","Inflame"],"picked":"Shrug It Off","floor":35.0},{"not_picked":["Havoc","Pommel Strike"],"picked":"Whirlwind","floor":41.0},{"not_picked":["Body Slam","Anger"],"picked":"Limit Break","floor":45}],"player_experience":577111,"potions_floor_usage":[50,50],"damage_taken":[{"damage":5.0,"enemies":"Small Slimes","floor":1.0,"turns":3.0},{"damage":1.0,"enemies":"Cultist","floor":3.0,"turns":3.0},{"damage":6.0,"enemies":"2 Louse","floor":4.0,"turns":2.0},{"damage":22.0,"enemies":"Exordium Wildlife","floor":5.0,"turns":4.0},{"damage":8.0,"enemies":"Gremlin Gang","floor":11.0,"turns":3.0},{"damage":7.0,"enemies":"3 Louse","floor":14.0,"turns":4.0},{"damage":20.0,"enemies":"Hexaghost","floor":16.0,"turns":7.0},{"damage":0.0,"enemies":"Spheric Guardian","floor":18.0,"turns":2.0},{"damage":0.0,"enemies":"Chosen","floor":20.0,"turns":4.0},{"damage":15.0,"enemies":"Centurion and Healer","floor":24.0,"turns":3.0},{"damage":21.0,"enemies":"Slaver and Parasite","floor":28.0,"turns":3.0},{"damage":3.0,"enemies":"Snecko","floor":30.0,"turns":3.0},{"damage":24.0,"enemies":"Champ","floor":33.0,"turns":6.0},{"damage":0.0,"enemies":"Orb Walker","floor":35.0,"turns":2.0},{"damage":13.0,"enemies":"3 Shapes","floor":36.0,"turns":3.0},{"damage":4.0,"enemies":"Sphere and 2 Shapes","floor":38.0,"turns":5.0},{"damage":57.0,"enemies":"2 Orb Walkers","floor":41.0,"turns":4.0},{"damage":24,"enemies":"4 Shapes","floor":45,"turns":4},{"damage":0,"enemies":"3 Darklings","floor":47,"turns":2},{"damage":7,"enemies":"Maw","floor":48,"turns":4},{"damage":48,"enemies":"Awakened One","floor":50,"turns":7}],"event_choices":[{"event_name":"World of Goop","player_choice":"Gather Gold","floor":2.0,"damage_taken":0.0},{"event_name":"Scrap Ooze","player_choice":"success","floor":12.0,"damage_taken":7.0},{"event_name":"Back to Basics","player_choice":"Elegance","floor":19.0,"damage_taken":0.0},{"event_name":"Drug Dealer","player_choice":"Got JAXXED","floor":21.0,"damage_taken":0.0},{"event_name":"The Woman in Blue","player_choice":"Bought 0 Potions","floor":22.0,"damage_taken":0.0},{"event_name":"Vampires","player_choice":"Ignored","floor":29.0,"damage_taken":0.0},{"event_name":"The Lab","player_choice":"Got Potions","floor":39.0,"damage_taken":0.0},{"event_name":"Upgrade Shrine","player_choice":"Upgraded","floor":44,"damage_taken":0}],"boss_relics":[],"potions_floor_spawned":[1,3,5,20,28,30,36,41,45,47],"seed_played":"4993922338972820115","ascension_level":0,"is_trial":false}