{"path_per_floor":["M","?","M","$","?","R","?","R","T","R","?","R","M","E","R","B",null,"M","?","M","$","M","R","M","R","T","R","$","M","T","M","R","B",null,"M","M","$","M","?","E","R","E","T","E","M","R","?","M","R","B"],"character_chosen":"IRONCLAD","items_purchased":["Inflame","True Grit","Bag of Preparation","Heavy Blade","Master of Strategy","Master of Strategy","Feel No Pain"],"gold_per_floor":[362,362,373,218,218,218,218,218,218,218,293,293,305,330,330,430,430,449,449,468,142,161,161,174,174,227,227,43,53,79,99,99,203,203,219,237,3,17,17,44,44,77,77,108,122,122,0,14,14,14],"floor_reached":51,"campfire_rested":0,"playtime":2297,"current_hp_per_floor":[79,79,80,80,73,73,66,66,73,73,62,62,68,55,55,31,87,87,87,87,87,85,85,84,84,84,84,84,83,83,85,85,90,90,89,93,93,86,76,75,75,73,87,76,78,78,78,107,107,105],"items_purged":["Defend_R","Strike_R"],"gold":14,"score":958,"play_id":"d2058609-d33e-45a8-9b5d-dca07cbd3291","local_time":"20180331164903","is_prod":false,"is_daily":false,"is_ascension_mode":false,"campfire_upgraded":12,"timestamp":1522536543,"path_taken":["M","?","M","$","?","R","?","R","T","R","?","R","?","E","R","BOSS","M","?","M","$","M","R","M","R","T","R","?","M","?","M","R","BOSS","M","M","$","M","?","E","R","E","T","E","M","R","?","M","R","BOSS"],"build_version":"2018-03-29v2","purchased_purges":2,"victory":true,"master_deck":["Strike_R+1","Strike_R","Strike_R","Strike_R","Defend_R","Defend_R","Bash+1","Shrug It Off+1","Inflame+1","Sword Boomerang","Double Tap+1","Offering+1","Flex+1","True Grit+1","Heavy Blade+1","Corruption+1","Rupture+1","Master of Strategy","True Grit+1","Flex","Dark Embrace+1","Second Wind","Master of Strategy","Feel No Pain","Mind Blast","Jack Of All Trades+1","Finesse","Flex+1","Shrug It Off+1","Feed"],"max_hp_per_floor":[80,80,80,80,80,80,80,80,87,87,87,87,87,87,87,87,87,87,87,87,87,87,87,90,90,90,90,90,90,90,90,90,90,90,90,93,93,93,93,93,93,93,107,107,107,107,107,107,107,107],"relics":["Burning Blood","Dream Catcher","Strawberry","Toolbox","Black Star","Dead Branch","Bag of Preparation","Oddly Smooth Stone","Anchor","Runic Cube","Shuriken","Question Card","Mercury Hourglass","Kunai","Mango","Prayer Wheel","Happy Flower","Red Mask"],"card_choices":[{"not_picked":["Iron Wave","Warcry"],"picked":"Shrug It Off","floor":1.0},{"not_picked":["Sentinel","Evolve"],"picked":"Sword Boomerang","floor":13.0},{"not_picked":["Dropkick","Perfected Strike"],"picked":"Double Tap","floor":14.0},{"not_picked":["Berserk","Juggernaut"],"picked":"Offering","floor":16},{"not_picked":["Body Slam","Dual Wield"],"picked":"Flex","floor":20},{"not_picked":["Pommel Strike","Heavy Blade"],"picked":"Corruption","floor":22},{"not_picked":["Sword Boomerang","Iron Wave"],"picked":"Rupture","floor":24},{"not_picked":["Immolate","Perfected Strike"],"picked":"True Grit","floor":29},{"not_picked":["Hemokinesis","Twin Strike"],"picked":"Flex","floor":31},{"not_picked":["Immolate","Berserk"],"picked":"Dark Embrace","floor":33},{"not_picked":["Pommel Strike","Body Slam"],"picked":"Second Wind","floor":35},{"not_picked":["Blind","Panache"],"picked":"Mind Blast","floor":39},{"not_picked":["Dramatic Entrance","Dark Shackles"],"picked":"Jack Of All Trades","floor":39},{"not_picked":["Mind Blast","Swift Strike"],"picked":"Finesse","floor":39},{"not_picked":["Body Slam","Wild Strike"],"picked":"Flex","floor":40},{"not_picked":["Headbutt","Hemokinesis","Havoc"],"picked":"Shrug It Off","floor":44},{"not_picked":["Power Through","Cleave","Wild Strike"],"picked":"Feed","floor":48}],"player_experience":604684,"potions_floor_usage":[16,38,50],"damage_taken":[{"damage":7.0,"enemies":"Cultist","floor":1.0,"turns":4.0},{"damage":2.0,"enemies":"2 Louse","floor":3.0,"turns":3.0},{"damage":0.0,"enemies":"Small Slimes","floor":13.0,"turns":2.0},{"damage":19.0,"enemies":"3 Sentries","floor":14.0,"turns":6.0},{"damage":30,"enemies":"Hexaghost","floor":16,"turns":8},{"damage":4,"enemies":"Spheric Guardian","floor":18,"turns":3},{"damage":5,"enemies":"3 Byrds","floor":20,"turns":4},{"damage":8,"enemies":"Snake Plant","floor":22,"turns":3},{"damage":12,"enemies":"Centurion and Healer","floor":24,"turns":4},{"damage":7,"enemies":"Cultist and Chosen","floor":29,"turns":3},{"damage":4,"enemies":"Snecko","floor":31,"turns":1},{"damage":4,"enemies":"Collector","floor":33,"turns":5},{"damage":7,"enemies":"3 Shapes","floor":35,"turns":4},{"damage":8,"enemies":"Orb Walker","floor":36,"turns":1},{"damage":13,"enemies":"Maw","floor":38,"turns":8},{"damage":7,"enemies":"2 Orb Walkers","floor":40,"turns":4},{"damage":8,"enemies":"Nemesis","floor":42,"turns":3},{"damage":17,"enemies":"Giant Head","floor":44,"turns":5},{"damage":4,"enemies":"Sphere and 2 Shapes","floor":45,"turns":3},{"damage":0,"enemies":"4 Shapes","floor":48,"turns":1},{"damage":8,"enemies":"Donu and Deca","floor":50,"turns":3}],"event_choices":[{"event_name":"Living Wall","player_choice":"Forget","floor":2.0,"damage_taken":0.0},{"event_name":"Scrap Ooze","player_choice":"success","floor":5.0,"damage_taken":7.0},{"event_name":"Golden Wing","player_choice":"Card Removal","floor":7.0,"damage_taken":0.0},{"event_name":"World of Goop","player_choice":"Gather Gold","floor":11.0,"damage_taken":0.0},{"event_name":"The Mausoleum","player_choice":"Yes","floor":19,"damage_taken":0},{"event_name":"SensoryStone","player_choice":"Memory 3","floor":39,"damage_taken":0},{"event_name":"Tomb of Lord Red Mask","player_choice":"Paid","floor":47,"damage_taken":0}],"boss_relics":[{"not_picked":["White Beast Statue","Calling Bell"],"picked":"Black Star"},{"not_picked":["Runic Pyramid","Velvet Choker"],"picked":"Runic Cube"}],"potions_floor_spawned":[14,16,29,31,33,40,42,45,48],"seed_played":"-2430731405901044382","ascension_level":0,"is_trial":false}