{"path_per_floor":["M","?","M","T","?","R","?","R","T","M","M","M","M","M","R","B",null,"M","?","M","$","M","M","R","M","T","M","?","R","?","M","R"],"character_chosen":"IRONCLAD","items_purchased":["Kunai"],"gold_per_floor":[117,67,78,102,102,102,102,102,102,121,141,162,177,200,200,326,326,347,347,361,122,142,158,158,179,179,199,249,249,249,263,263,263],"floor_reached":33,"campfire_rested":2,"playtime":924,"current_hp_per_floor":[61,61,66,66,46,46,46,46,46,42,28,25,31,31,31,15,64,59,59,48,48,36,31,55,61,61,56,56,56,56,28,52,0],"items_purged":[],"gold":263,"score":403,"play_id":"247a5b69-aad1-4d12-852c-ae3d5786b353","local_time":"20180404000527","is_prod":false,"is_daily":false,"is_ascension_mode":true,"campfire_upgraded":4,"timestamp":1522814727,"path_taken":["M","?","M","?","?","R","?","R","T","M","M","M","M","?","R","BOSS","M","?","M","$","M","M","R","M","T","?","?","R","?","M","R","BOSS"],"build_version":"2018-03-29v2","purchased_purges":0,"victory":false,"master_deck":["Strike_R","Strike_R","Strike_R","Strike_R","Strike_R","Defend_R","Defend_R","Defend_R","Defend_R","Bash","AscendersBane","Perfected Strike+1","Metallicize+1","Uppercut+1","Whirlwind","Pommel Strike","Demon Form","Perfected Strike","Perfected Strike","Perfected Strike","Seeing Red","Perfected Strike","Twin Strike+1","Offering+1","Writhe","Armaments"],"max_hp_per_floor":[80,80,80,80,80,80,80,80,80,80,80,80,80,80,80,80,80,80,80,80,80,80,80,80,80,80,80,80,80,80,80,80,80],"relics":["Burning Blood","Unceasing Top","Happy Flower","Golden Idol","Ginger","Orrery","Kunai","Dead Branch","Frozen Egg 2"],"card_choices":[{"not_picked":["Dual Wield","Anger"],"picked":"Perfected Strike","floor":1},{"not_picked":["Thunderclap","Sword Boomerang"],"picked":"Metallicize","floor":3},{"not_picked":["Shockwave","Anger"],"picked":"Uppercut","floor":10},{"not_picked":["Clash","Warcry"],"picked":"Infernal Blade","floor":11},{"not_picked":["Pummel","Fiend Fire"],"picked":"Whirlwind","floor":12},{"not_picked":["Infernal Blade","Heavy Blade"],"picked":"Pommel Strike","floor":13},{"not_picked":["Feed","Double Tap"],"picked":"Demon Form","floor":16},{"not_picked":["Ghostly Armor","Havoc"],"picked":"Perfected Strike","floor":17},{"not_picked":["Iron Wave","Rupture"],"picked":"Perfected Strike","floor":17},{"not_picked":["Pommel Strike","Entrench"],"picked":"Perfected Strike","floor":17},{"not_picked":["Corruption","Sword Boomerang"],"picked":"Seeing Red","floor":17},{"not_picked":["Sword Boomerang","Armaments"],"picked":"Perfected Strike","floor":18},{"not_picked":["Pummel","Infernal Blade"],"picked":"Twin Strike","floor":23},{"not_picked":["Ghostly Armor","Burning Pact"],"picked":"Offering","floor":25},{"not_picked":["Body Slam","Searing Blow"],"picked":"Armaments","floor":31}],"player_experience":496440,"potions_floor_usage":[16,20,23,31,33],"damage_taken":[{"damage":17,"enemies":"Small Slimes","floor":1,"turns":5},{"damage":1,"enemies":"Jaw Worm","floor":3,"turns":4},{"damage":10,"enemies":"2 Louse","floor":10,"turns":3},{"damage":20,"enemies":"Exordium Wildlife","floor":11,"turns":4},{"damage":9,"enemies":"Blue Slaver","floor":12,"turns":4},{"damage":0,"enemies":"Large Slime","floor":13,"turns":5},{"damage":6,"enemies":"Exordium Wildlife","floor":14,"turns":2},{"damage":22,"enemies":"Hexaghost","floor":16,"turns":9},{"damage":11,"enemies":"Spheric Guardian","floor":18,"turns":3},{"damage":17,"enemies":"3 Byrds","floor":20,"turns":5},{"damage":18,"enemies":"3 Cultists","floor":22,"turns":5},{"damage":11,"enemies":"Snake Plant","floor":23,"turns":3},{"damage":0,"enemies":"Centurion and Healer","floor":25,"turns":5},{"damage":11,"enemies":"Snecko","floor":27,"turns":4},{"damage":34,"enemies":"Cultist and Chosen","floor":31,"turns":5},{"damage":62,"enemies":"Champ","floor":33,"turns":6}],"event_choices":[{"event_name":"The Cleric","player_choice":"Card Removal","floor":2,"damage_taken":0},{"event_name":"Golden Idol","player_choice":"Take Damage","floor":5,"damage_taken":0},{"event_name":"Liars Game","player_choice":"disagreed","floor":7,"damage_taken":0},{"event_name":"Back to Basics","player_choice":"Elegance","floor":19,"damage_taken":0},{"event_name":"The Joust","player_choice":"Bet on Murderer","floor":28,"damage_taken":0},{"event_name":"The Mausoleum","player_choice":"Yes","floor":30,"damage_taken":0}],"boss_relics":[{"not_picked":["Runic Pyramid","Runic Dome"],"picked":"Orrery"}],"potions_floor_spawned":[3,13,20,25,27],"seed_played":"-6594763628399566839","killed_by":"Champ","ascension_level":11,"is_trial":false}