{"path_per_floor":["M","$","?","?","M","R","?","M","T","M","R","?","R","E","R","B",null,"M","$","M","$","?","R","E","?","T","M","R","M","M"],"character_chosen":"IRONCLAD","items_purchased":["True Grit","Whirlwind","Secret Technique"],"gold_per_floor":[110,60,20,95,108,108,108,128,174,190,190,190,190,225,225,300,300,319,319,337,72,72,72,107,107,107,127,127,137,147,147],"floor_reached":31,"campfire_rested":1,"playtime":1330,"current_hp_per_floor":[61,61,61,50,49,49,42,42,42,42,42,42,64,63,63,33,65,51,51,51,51,51,51,37,62,62,42,42,40,33,0],"items_purged":[],"gold":147,"score":430,"play_id":"01961281-4254-4b1c-8218-c1f8fb5d0bf4","local_time":"20180404192254","is_prod":false,"is_daily":false,"is_ascension_mode":true,"campfire_upgraded":5,"timestamp":1522887774,"path_taken":["M","$","?","?","M","R","?","M","T","?","R","?","R","E","R","BOSS","M","$","M","$","?","R","E","?","T","M","R","M","?","M"],"build_version":"2018-03-29v2","purchased_purges":0,"victory":false,"master_deck":["Strike_R","Strike_R","Strike_R","Strike_R","Defend_R+1","Defend_R","Defend_R+1","Defend_R","Bash","AscendersBane","Ghostly Armor","True Grit+1","Fiend Fire+1","Havoc+1","Warcry+1","Dark Embrace+1","Evolve+1","Demon Form","Inflame","Intimidate+1","Whirlwind+1","Secret Technique+1","Wild Strike","Disarm+1","Clothesline+1"],"max_hp_per_floor":[75,75,75,75,75,75,75,75,75,75,75,75,75,75,75,75,75,75,75,75,75,75,75,75,75,75,75,75,75,75,75],"relics":["Mark of Pain","Toxic Egg 2","War Paint","Art of War","Lizard Tail","Meat on the Bone","Torii"],"card_choices":[{"not_picked":["Anger","Rupture"],"picked":"Ghostly Armor","floor":1},{"not_picked":["Power Through","Entrench"],"picked":"Fiend Fire","floor":5},{"not_picked":["Wild Strike","Thunderclap"],"picked":"Havoc","floor":8},{"not_picked":["Pummel","Infernal Blade"],"picked":"Warcry","floor":10},{"not_picked":["Brutality","Cleave"],"picked":"Evolve","floor":14},{"not_picked":["Fiend Fire","Bludgeon"],"picked":"Demon Form","floor":16},{"not_picked":["Burning Pact","Hemokinesis"],"picked":"Inflame","floor":18},{"not_picked":["Body Slam","Perfected Strike"],"picked":"Intimidate","floor":20},{"not_picked":["Bloodletting","Fire Breathing"],"picked":"Wild Strike","floor":24},{"not_picked":["Anger","Twin Strike"],"picked":"Disarm","floor":27},{"not_picked":["Dark Embrace","Flex"],"picked":"Clothesline","floor":29}],"player_experience":413508,"potions_floor_usage":[14,14,24,24,29,31],"damage_taken":[{"damage":7,"enemies":"Jaw Worm","floor":1,"turns":3},{"damage":1,"enemies":"Cultist","floor":5,"turns":4},{"damage":0,"enemies":"2 Louse","floor":8,"turns":3},{"damage":0,"enemies":"2 Fungi Beasts","floor":10,"turns":3},{"damage":1,"enemies":"3 Sentries","floor":14,"turns":8},{"damage":30,"enemies":"Hexaghost","floor":16,"turns":13},{"damage":14,"enemies":"Shell Parasite","floor":18,"turns":5},{"damage":0,"enemies":"Chosen","floor":20,"turns":2},{"damage":57,"enemies":"Slavers","floor":24,"turns":8},{"damage":20,"enemies":"Centurion and Healer","floor":27,"turns":6},{"damage":14,"enemies":"Sentry and Sphere","floor":29,"turns":5},{"damage":19,"enemies":"Cultist and Chosen","floor":30,"turns":7},{"damage":39,"enemies":"Slaver and Parasite","floor":31,"turns":4}],"event_choices":[{"event_name":"The Woman in Blue","player_choice":"Bought 3 Potions","floor":3,"damage_taken":0},{"event_name":"World of Goop","player_choice":"Gather Gold","floor":4,"damage_taken":0},{"event_name":"Scrap Ooze","player_choice":"success","floor":7,"damage_taken":7},{"event_name":"Transmorgrifier","player_choice":"Transform","floor":12,"damage_taken":0},{"event_name":"Ghosts","player_choice":"Ignored","floor":22,"damage_taken":0},{"event_name":"The Library","player_choice":"Heal","floor":25,"damage_taken":0}],"boss_relics":[{"not_picked":["Sozu","Runic Cube"],"picked":"Lizard Tail"}],"potions_floor_spawned":[8,10,14,16,27,30],"seed_played":"-7103060754070895642","killed_by":"Slaver and Parasite","ascension_level":14,"is_trial":false}