{"path_per_floor":["M","M","M","?","?","R","M","$","T","E","$","M","M","E","R","B",null,"M","?","$","M","?","R","$","R","T","E","M","M","?","?","R"],"character_chosen":"IRONCLAD","items_purchased":["Lee\u0027s Waffle","Shrug It Off","Bandage Up","Mercury Hourglass","Trip"],"gold_per_floor":[114,126,143,143,218,218,232,15,15,46,46,62,76,404,404,507,507,525,525,103,115,115,115,19,19,19,49,69,86,1,1,1,1],"floor_reached":33,"campfire_rested":3,"playtime":1341,"current_hp_per_floor":[76,69,69,62,51,51,39,87,101,64,64,60,56,58,88,6,101,83,83,83,54,54,70,70,70,70,55,31,14,14,14,35,0],"items_purged":["Rampage"],"gold":1,"score":356,"play_id":"1b5bee00-1b2b-40d6-886e-d1925302831b","local_time":"20180402213436","is_prod":false,"is_daily":false,"is_ascension_mode":true,"campfire_upgraded":2,"timestamp":1522719276,"path_taken":["M","M","?","?","?","R","M","$","T","E","?","M","M","E","R","BOSS","M","?","$","M","?","R","$","R","T","E","?","M","?","?","R","BOSS"],"build_version":"2018-03-29v2","purchased_purges":2,"victory":false,"master_deck":["Bash+1","Second Wind","Flex","Intimidate","Inflame","Shrug It Off","Whirlwind","Shrug It Off","Armaments","Demon Form+1","Pummel","True Grit","Wild Strike","Shrug It Off","Havoc","Wild Strike","Second Wind","Iron Wave+1","Bandage Up","Warcry+1","Bite","Bite","Bite","Bite","Trip","Headbutt","Seeing Red+1","Thunderclap","Fiend Fire"],"max_hp_per_floor":[80,80,80,80,80,80,80,87,101,101,101,101,101,101,101,101,101,101,101,101,101,70,70,70,70,70,70,70,70,70,70,70,70],"relics":["Runic Pyramid","Lee\u0027s Waffle","Mango","Prayer Wheel","Pandora\u0027s Box","Nloth\u0027s Gift","Mercury Hourglass","Kunai","Pen Nib","Blood Vial"],"card_choices":[{"not_picked":["Blood for Blood","Iron Wave"],"picked":"Second Wind","floor":1},{"not_picked":["Feel No Pain","Entrench"],"picked":"Flex","floor":2},{"not_picked":["Perfected Strike","Pommel Strike"],"picked":"Intimidate","floor":3},{"not_picked":["Wild Strike","Rupture"],"picked":"Inflame","floor":7},{"not_picked":["Sword Boomerang","Evolve"],"picked":"Whirlwind","floor":10},{"not_picked":["Wild Strike","Perfected Strike"],"picked":"Shrug It Off","floor":12},{"not_picked":["Wild Strike","Shrug It Off"],"picked":"Armaments","floor":13},{"not_picked":["Impervious","Dark Embrace"],"picked":"Demon Form","floor":16},{"not_picked":["Clash","Body Slam"],"picked":"Iron Wave","floor":18},{"not_picked":["Heavy Blade","Armaments"],"picked":"Warcry","floor":21},{"not_picked":["Body Slam","Sever Soul"],"picked":"Headbutt","floor":26},{"not_picked":["Immolate","Anger"],"picked":"Seeing Red","floor":27},{"not_picked":["Wild Strike","Iron Wave"],"picked":"Thunderclap","floor":28},{"not_picked":["Sentinel","Sword Boomerang"],"picked":"Fiend Fire","floor":29}],"player_experience":189743,"potions_floor_usage":[3,10,14,27,27,29,33],"damage_taken":[{"damage":4,"enemies":"Cultist","floor":1,"turns":5},{"damage":7,"enemies":"Jaw Worm","floor":2,"turns":3},{"damage":0,"enemies":"2 Louse","floor":3,"turns":3},{"damage":12,"enemies":"Blue Slaver","floor":7,"turns":3},{"damage":37,"enemies":"Gremlin Nob","floor":10,"turns":5},{"damage":4,"enemies":"Large Slime","floor":12,"turns":6},{"damage":4,"enemies":"Looter","floor":13,"turns":4},{"damage":13,"enemies":"3 Sentries","floor":14,"turns":6},{"damage":82,"enemies":"Hexaghost","floor":16,"turns":13},{"damage":18,"enemies":"3 Byrds","floor":18,"turns":4},{"damage":33,"enemies":"2 Thieves","floor":21,"turns":5},{"damage":19,"enemies":"Slavers","floor":27,"turns":4},{"damage":38,"enemies":"Slaver and Parasite","floor":28,"turns":7},{"damage":25,"enemies":"3 Cultists","floor":29,"turns":5},{"damage":43,"enemies":"Automaton","floor":33,"turns":4}],"event_choices":[{"event_name":"Golden Wing","player_choice":"Card Removal","floor":4,"damage_taken":0},{"event_name":"World of Goop","player_choice":"Gather Gold","floor":5,"damage_taken":0},{"event_name":"N\u0027loth","player_choice":"Traded a Old Coin","floor":19,"damage_taken":0},{"event_name":"Vampires","player_choice":"Became a vampire","floor":22,"damage_taken":0},{"event_name":"Addict","player_choice":"Obtained Relic","floor":30,"damage_taken":0},{"event_name":"Back to Basics","player_choice":"Elegance","floor":31,"damage_taken":0}],"boss_relics":[{"not_picked":["Astrolabe","Black Star"],"picked":"Pandora\u0027s Box"}],"potions_floor_spawned":[1,7,12,16,21,28,29],"seed_played":"-7030067463132804978","killed_by":"Automaton","ascension_level":4,"is_trial":false}