{"path_per_floor":["M","?","M","M","?","R","E","?","T","R","E","M","?","M","R","B",null,"M","?","M","?","$","R","M","R","T","R","?","R","?","M","R","B",null,"M","$","?","?","?","R","M","R","T","E","R","E","M","M","R","B"],"character_chosen":"IRONCLAD","items_purchased":["Dead Branch","Shockwave","Sever Soul"],"gold_per_floor":[18,18,31,44,44,44,75,436,436,436,469,486,486,500,500,601,601,619,619,630,555,57,57,73,73,126,126,126,126,126,141,141,242,242,260,160,160,160,160,160,180,180,180,212,212,246,266,281,281,281],"floor_reached":51,"campfire_rested":1,"playtime":1898,"current_hp_per_floor":[80,80,78,78,75,75,73,43,43,43,35,41,22,28,56,41,94,94,94,94,94,94,94,94,94,94,94,75,75,75,67,67,54,99,99,99,99,99,89,89,91,91,91,99,99,99,99,99,99,91],"items_purged":["Defend_R","Searing Blow"],"gold":281,"score":961,"play_id":"0697dca7-561b-4e72-ac71-489079b8609a","local_time":"20180330134809","is_prod":false,"is_daily":false,"is_ascension_mode":false,"campfire_upgraded":11,"timestamp":1522439289,"path_taken":["M","?","M","M","?","R","E","?","T","R","E","M","?","M","R","BOSS","M","?","?","?","$","R","M","R","T","R","?","R","?","?","R","BOSS","M","$","?","?","?","R","M","R","T","E","R","E","M","M","R","BOSS"],"build_version":"2018-03-29v2","purchased_purges":2,"victory":true,"master_deck":["Bash+1","Shrug It Off+1","Whirlwind+1","Flex+1","Disarm+1","Battle Trance+1","Double Tap+1","Flame Barrier+1","Shockwave+1","Sever Soul+1","Spot Weakness+1","Offering+1","Corruption+1","True Grit+1","Finesse+1","Thinking Ahead","Dark Shackles+1","Intimidate+1","Feel No Pain+1","Seeing Red+1"],"max_hp_per_floor":[80,80,80,80,80,80,80,80,80,80,94,94,94,94,94,94,94,94,94,94,94,94,94,94,94,94,94,99,99,99,99,99,99,99,99,99,99,99,99,99,99,99,99,99,99,99,99,99,99,99],"relics":["Burning Blood","Mercury Hourglass","Calipers","Old Coin","Vajra","Mango","Snecko Eye","Dead Branch","Bag of Marbles","Astrolabe","Bottled Flame","Gambling Chip","Whetstone"],"card_choices":[{"not_picked":["True Grit","Pommel Strike"],"picked":"Flex","floor":3},{"not_picked":["Inflame","Combust"],"picked":"Disarm","floor":11},{"not_picked":["Pummel","Havoc"],"picked":"Battle Trance","floor":14},{"not_picked":["Immolate","Juggernaut"],"picked":"Double Tap","floor":16},{"not_picked":["Warcry","Pummel"],"picked":"Flame Barrier","floor":18},{"not_picked":["Thunderclap","Sword Boomerang"],"picked":"Spot Weakness","floor":24},{"not_picked":["Exhume","Limit Break"],"picked":"Offering","floor":33},{"not_picked":["Trip","Master of Strategy"],"picked":"Finesse","floor":39},{"not_picked":["Mind Blast","Blind"],"picked":"Thinking Ahead","floor":39},{"not_picked":["Enlightenment","Transmutation"],"picked":"Dark Shackles","floor":39},{"not_picked":["Sword Boomerang","Twin Strike"],"picked":"Intimidate","floor":41},{"not_picked":["Dual Wield","Body Slam"],"picked":"Feel No Pain","floor":44},{"not_picked":["Corruption","Armaments"],"picked":"Seeing Red","floor":46}],"player_experience":594434,"potions_floor_usage":[50],"damage_taken":[{"damage":3,"enemies":"Jaw Worm","floor":1,"turns":3},{"damage":8,"enemies":"Small Slimes","floor":3,"turns":2},{"damage":6,"enemies":"2 Louse","floor":4,"turns":2},{"damage":8,"enemies":"3 Sentries","floor":7,"turns":2},{"damage":36,"enemies":"Lagavulin Event","floor":8,"turns":5},{"damage":28,"enemies":"Lagavulin","floor":11,"turns":4},{"damage":0,"enemies":"Large Slime","floor":12,"turns":3},{"damage":0,"enemies":"2 Fungi Beasts","floor":14,"turns":1},{"damage":21,"enemies":"The Guardian","floor":16,"turns":9},{"damage":0,"enemies":"3 Byrds","floor":18,"turns":2},{"damage":0,"enemies":"Shell Parasite","floor":20,"turns":4},{"damage":5,"enemies":"Snecko","floor":24,"turns":5},{"damage":15,"enemies":"Snake Plant","floor":31,"turns":4},{"damage":19,"enemies":"Collector","floor":33,"turns":6},{"damage":4,"enemies":"3 Shapes","floor":35,"turns":2},{"damage":4,"enemies":"Orb Walker","floor":41,"turns":1},{"damage":4,"enemies":"Giant Head","floor":44,"turns":2},{"damage":6,"enemies":"2 Orb Walkers","floor":46,"turns":3},{"damage":4,"enemies":"4 Shapes","floor":47,"turns":1},{"damage":0,"enemies":"3 Darklings","floor":48,"turns":1},{"damage":14,"enemies":"Donu and Deca","floor":50,"turns":1}],"event_choices":[{"event_name":"The Cleric","player_choice":"Leave","floor":2,"damage_taken":0},{"event_name":"Scrap Ooze","player_choice":"success","floor":5,"damage_taken":3},{"event_name":"Dead Adventurer","player_choice":"Searched \u00271\u0027 times","floor":8,"damage_taken":0},{"event_name":"Shining Light","player_choice":"Entered Light","floor":13,"damage_taken":0},{"event_name":"Back to Basics","player_choice":"Elegance","floor":19,"damage_taken":0},{"event_name":"Beggar","player_choice":"Gave Gold","floor":21,"damage_taken":0},{"event_name":"Forgotten Altar","player_choice":"Shed Blood","floor":28,"damage_taken":0},{"event_name":"Vampires","player_choice":"Ignored","floor":30,"damage_taken":0},{"event_name":"The Woman in Blue","player_choice":"Bought 0 Potions","floor":37,"damage_taken":0},{"event_name":"Purifier","player_choice":"One Purge","floor":38,"damage_taken":0},{"event_name":"SensoryStone","player_choice":"Memory 3","floor":39,"damage_taken":0}],"boss_relics":[{"not_picked":["Ectoplasm","Cursed Key"],"picked":"Snecko Eye"},{"not_picked":["Velvet Choker","Pandora\u0027s Box"],"picked":"Astrolabe"}],"potions_floor_spawned":[1,4,14,16,18,20,31,44,46,48],"seed_played":"6358116251339639136","ascension_level":0,"is_trial":false}