{"path_per_floor":["M","M","M","M","$","R","E","?","T","R","?","?","?","M","R","B",null,"M","M","?","?","M","R","M","R","T","M","E","$","M","?","R"],"character_chosen":"IRONCLAD","items_purchased":["Rage","Metallicize","Inflame","Dual Wield"],"gold_per_floor":[113,126,143,153,4,4,31,83,133,133,133,133,133,146,146,223,223,241,258,173,173,184,184,200,200,226,245,271,85,100,100,100,100],"floor_reached":33,"campfire_rested":1,"playtime":936,"current_hp_per_floor":[70,68,68,59,59,59,42,42,42,42,68,68,68,58,58,16,64,56,52,52,52,48,48,44,44,44,39,25,25,21,21,45,20],"items_purged":["Strike_R"],"gold":100,"score":441,"play_id":"20244d4d-c64a-4aa8-9ecf-e0e1d6e28a5a","local_time":"20180331140547","is_prod":false,"is_daily":false,"is_ascension_mode":true,"campfire_upgraded":5,"timestamp":1522523147,"path_taken":["M","M","M","M","$","R","E","?","T","R","?","?","?","M","R","BOSS","M","?","?","?","M","R","M","R","T","M","E","$","?","?","R","BOSS"],"build_version":"2018-03-29v2","purchased_purges":4,"victory":false,"master_deck":["Strike_R","Strike_R","Strike_R","Defend_R","Defend_R","Defend_R","Bash","AscendersBane","Shrug It Off","Shockwave","Uppercut+1","Offering+1","Rage+1","Metallicize","Pommel Strike+1","Impervious","Body Slam+1","Cleave","Pommel Strike","Inflame","Dual Wield"],"max_hp_per_floor":[80,80,80,80,80,80,80,80,80,80,80,80,80,80,80,80,80,80,80,80,80,80,80,80,80,80,80,80,80,80,80,80,80],"relics":["Runic Dome","Happy Flower","Omamori","Cursed Key","Unceasing Top","Bag of Marbles","Torii"],"card_choices":[{"not_picked":["Ghostly Armor","Anger"],"picked":"Shrug It Off","floor":1},{"not_picked":["Combust","Havoc"],"picked":"Shockwave","floor":2},{"not_picked":["True Grit","Shrug It Off"],"picked":"Uppercut","floor":3},{"not_picked":["True Grit","Armaments"],"picked":"Offering","floor":4},{"not_picked":["Fiend Fire","Berserk"],"picked":"Impervious","floor":16},{"not_picked":["Clothesline","Fire Breathing"],"picked":"Body Slam","floor":24},{"not_picked":["Intimidate","Clash"],"picked":"Cleave","floor":27},{"not_picked":["Second Wind","Clothesline"],"picked":"Pommel Strike","floor":28}],"player_experience":395430,"potions_floor_usage":[14,16,18,19,27],"damage_taken":[{"damage":2,"enemies":"2 Louse","floor":1,"turns":4},{"damage":2,"enemies":"Jaw Worm","floor":2,"turns":4},{"damage":0,"enemies":"Cultist","floor":3,"turns":3},{"damage":9,"enemies":"Large Slime","floor":4,"turns":5},{"damage":17,"enemies":"Lagavulin","floor":7,"turns":7},{"damage":10,"enemies":"3 Louse","floor":14,"turns":2},{"damage":42,"enemies":"Slime Boss","floor":16,"turns":8},{"damage":8,"enemies":"Chosen","floor":18,"turns":4},{"damage":4,"enemies":"2 Thieves","floor":19,"turns":3},{"damage":4,"enemies":"Snake Plant","floor":22,"turns":5},{"damage":4,"enemies":"3 Cultists","floor":24,"turns":6},{"damage":5,"enemies":"Slaver and Parasite","floor":27,"turns":3},{"damage":14,"enemies":"Gremlin Leader","floor":28,"turns":6},{"damage":4,"enemies":"Snake Plant","floor":30,"turns":3},{"damage":25,"enemies":"Champ","floor":33,"turns":5}],"event_choices":[{"event_name":"Golden Wing","player_choice":"Gained Gold","floor":8,"damage_taken":0},{"event_name":"Big Fish","player_choice":"Banana","floor":11,"damage_taken":0},{"event_name":"Purifier","player_choice":"One Purge","floor":12,"damage_taken":0},{"event_name":"Transmorgrifier","player_choice":"Transform","floor":13,"damage_taken":0},{"event_name":"Addict","player_choice":"Obtained Relic","floor":20,"damage_taken":0},{"event_name":"Vampires","player_choice":"Ignored","floor":21,"damage_taken":0},{"event_name":"Forgotten Altar","player_choice":"Smashed Altar","floor":31,"damage_taken":0}],"boss_relics":[{"not_picked":["Tiny House","Lizard Tail"],"picked":"Cursed Key"}],"potions_floor_spawned":[2,3,7,14,18,19,22,30],"seed_played":"-388373984790864776","killed_by":"Champ","ascension_level":13,"is_trial":false}