{"path_per_floor":["M","M","?","M","$","E","R","?","T","R","M","?","$","M","R","B",null,"M","M","$","M","?","R","M","E","T","?","$","?","R","M","R","B",null,"M","M","M","M","$","R","M","E","T","R","M","M","?"],"character_chosen":"IRONCLAD","items_purchased":["Pen Nib","Bottled Tornado","Shrug It Off","Intimidate"],"gold_per_floor":[119,137,137,147,3,30,30,30,30,30,46,121,121,138,138,217,217,233,252,0,20,20,20,34,61,61,61,7,7,7,23,23,96,96,108,119,133,143,73,73,83,115,415,415,431,443,443,443],"floor_reached":48,"campfire_rested":6,"playtime":1826,"current_hp_per_floor":[68,67,67,60,60,28,50,43,43,43,43,32,32,28,50,27,63,63,63,63,49,49,49,46,20,20,20,20,20,42,32,54,6,58,48,47,43,39,39,61,57,47,47,69,69,65,65,0],"items_purged":[],"gold":443,"score":874,"play_id":"52fc38f4-bbc8-408d-a9ef-a5ce8e83d45a","local_time":"20180405192158","is_prod":false,"is_daily":false,"is_ascension_mode":true,"campfire_upgraded":2,"timestamp":1522974118,"path_taken":["M","M","?","M","$","E","R","?","T","R","M","?","?","M","R","BOSS","M","M","$","M","?","R","M","E","T","?","$","?","R","M","R","BOSS","M","M","M","M","$","R","M","E","T","R","M","M","?","E"],"build_version":"2018-03-29v2","purchased_purges":2,"victory":false,"master_deck":["Strike_R","Strike_R","Defend_R","Defend_R","Defend_R","Bash+1","AscendersBane","Flex+1","Dual Wield+1","Second Wind+1","Inflame","Barricade+1","Shrug It Off","Pummel","Shockwave","Clash","Impervious","Spot Weakness+1","Clash+1","Impervious","Iron Wave","Battle Trance","Clumsy","Shrug It Off","Warcry+1","Offering","Pummel+1","Shrug It Off+1","Iron Wave+1","Intimidate","Pummel+1","Parasite","Shrug It Off","Entrench","Ghostly Armor"],"max_hp_per_floor":[75,75,75,75,75,75,75,75,75,75,75,75,75,75,75,75,75,75,75,75,75,75,75,75,75,75,75,75,75,75,75,75,75,75,75,75,75,75,75,75,75,75,75,75,75,75,75,75],"relics":["Astrolabe","Pen Nib","Letter Opener","Vajra","Cursed Key","Bottled Tornado","Ornamental Fan","Red Skull","Sozu","Whetstone","Old Coin"],"card_choices":[{"not_picked":["Rampage","Sentinel"],"picked":"Inflame","floor":1.0},{"not_picked":["Clothesline","Body Slam"],"picked":"Barricade","floor":2.0},{"not_picked":["Havoc","Wild Strike"],"picked":"Shrug It Off","floor":4.0},{"not_picked":["Heavy Blade","Armaments"],"picked":"Pummel","floor":6.0},{"not_picked":["Perfected Strike","Thunderclap"],"picked":"Shockwave","floor":11.0},{"not_picked":["Hemokinesis","Uppercut"],"picked":"Clash","floor":14.0},{"not_picked":["Barricade","Juggernaut"],"picked":"Impervious","floor":16.0},{"not_picked":["Heavy Blade","True Grit"],"picked":"Spot Weakness","floor":18.0},{"not_picked":["Blood for Blood","Rupture"],"picked":"Clash","floor":21.0},{"not_picked":["Thunderclap","Wild Strike"],"picked":"Iron Wave","floor":24.0},{"not_picked":["Twin Strike","Whirlwind"],"picked":"Battle Trance","floor":25.0},{"not_picked":["Dropkick","Flex"],"picked":"Warcry","floor":31.0},{"not_picked":["Exhume","Juggernaut"],"picked":"Offering","floor":33.0},{"not_picked":["Fire Breathing","Heavy Blade"],"picked":"Pummel","floor":35},{"not_picked":["Flex","Body Slam"],"picked":"Shrug It Off","floor":37},{"not_picked":["Warcry","Sword Boomerang"],"picked":"Iron Wave","floor":38},{"not_picked":["Twin Strike","Perfected Strike"],"picked":"Pummel","floor":41},{"not_picked":["Sword Boomerang","Perfected Strike"],"picked":"Shrug It Off","floor":45},{"not_picked":["Havoc","Perfected Strike"],"picked":"Entrench","floor":46}],"player_experience":415653,"potions_floor_usage":[],"damage_taken":[{"damage":0.0,"enemies":"Small Slimes","floor":1.0,"turns":3.0},{"damage":1.0,"enemies":"Cultist","floor":2.0,"turns":3.0},{"damage":7.0,"enemies":"2 Louse","floor":4.0,"turns":4.0},{"damage":32.0,"enemies":"Gremlin Nob","floor":6.0,"turns":6.0},{"damage":0.0,"enemies":"Large Slime","floor":11.0,"turns":5.0},{"damage":4.0,"enemies":"3 Louse","floor":14.0,"turns":3.0},{"damage":23.0,"enemies":"Hexaghost","floor":16.0,"turns":9.0},{"damage":0.0,"enemies":"Spheric Guardian","floor":18.0,"turns":4.0},{"damage":0.0,"enemies":"Shell Parasite","floor":19.0,"turns":5.0},{"damage":14.0,"enemies":"Sentry and Sphere","floor":21.0,"turns":6.0},{"damage":3.0,"enemies":"Snake Plant","floor":24.0,"turns":5.0},{"damage":26.0,"enemies":"Slavers","floor":25.0,"turns":7.0},{"damage":10.0,"enemies":"Centurion and Healer","floor":31.0,"turns":2.0},{"damage":48.0,"enemies":"Automaton","floor":33.0,"turns":11.0},{"damage":10,"enemies":"3 Shapes","floor":35,"turns":5},{"damage":1,"enemies":"Orb Walker","floor":36,"turns":4},{"damage":4,"enemies":"Sphere and 2 Shapes","floor":37,"turns":5},{"damage":4,"enemies":"Maw","floor":38,"turns":7},{"damage":4,"enemies":"4 Shapes","floor":41,"turns":6},{"damage":10,"enemies":"Nemesis","floor":42,"turns":5},{"damage":0,"enemies":"3 Darklings","floor":45,"turns":5},{"damage":4,"enemies":"Sphere and 2 Shapes","floor":46,"turns":4},{"damage":70,"enemies":"2 Orb Walkers","floor":48,"turns":4}],"event_choices":[{"event_name":"Wheel of Change","player_choice":"Curse","floor":3.0,"damage_taken":0.0},{"event_name":"Golden Wing","player_choice":"Card Removal","floor":8.0,"damage_taken":0.0},{"event_name":"World of Goop","player_choice":"Gather Gold","floor":12.0,"damage_taken":0.0},{"event_name":"Duplicator","player_choice":"One dupe","floor":22.0,"damage_taken":0.0},{"event_name":"Beggar","player_choice":"Ignored","floor":27.0,"damage_taken":0.0},{"event_name":"Cursed Tome","player_choice":"Ignored","floor":29.0,"damage_taken":0.0},{"event_name":"Transmorgrifier","player_choice":"Transform","floor":47,"damage_taken":0}],"boss_relics":[],"potions_floor_spawned":[1,2,4,25,31,33,37,42,46],"seed_played":"5605044074728129835","killed_by":"2 Orb Walkers","ascension_level":14,"is_trial":false}