{"path_per_floor":["M","?","M","M","M","E","R","M","T","?","?","R","M","M","R"],"character_chosen":"IRONCLAD","items_purchased":[],"gold_per_floor":[116,191,206,223,234,264,264,274,274,274,274,274,293,307,307,307],"floor_reached":16,"campfire_rested":1,"playtime":454,"current_hp_per_floor":[78,67,73,79,58,23,50,56,56,56,56,56,52,25,25,0],"items_purged":[],"gold":307,"score":161,"play_id":"facb53d5-2d06-42d8-95d5-1d6284b0700e","local_time":"20180403234950","is_prod":false,"is_daily":false,"is_ascension_mode":true,"campfire_upgraded":2,"timestamp":1522813790,"path_taken":["M","?","M","?","?","E","R","M","T","?","?","R","M","?","R","BOSS"],"build_version":"2018-03-29v2","purchased_purges":0,"victory":false,"master_deck":["Strike_R","Strike_R","Strike_R","Strike_R","Defend_R","Defend_R","Defend_R","Defend_R","Bash","AscendersBane","Pommel Strike","Disarm","Pommel Strike+1","Impervious","Whirlwind+1","Ghostly Armor"],"max_hp_per_floor":[80,80,80,80,80,90,90,90,90,90,90,90,90,90,90,90],"relics":["Burning Blood","NeowsBlessing","Pear","Magic Flower"],"card_choices":[{"not_picked":["Twin Strike","Sword Boomerang"],"picked":"Pommel Strike","floor":1},{"not_picked":["Headbutt","Armaments"],"picked":"Disarm","floor":4},{"not_picked":["Corruption","Combust"],"picked":"Pommel Strike","floor":5},{"not_picked":["Second Wind","Carnage"],"picked":"Impervious","floor":6},{"not_picked":["Uppercut","Armaments"],"picked":"Whirlwind","floor":8},{"not_picked":["Metallicize","Seeing Red"],"picked":"Ghostly Armor","floor":13}],"player_experience":495986,"potions_floor_usage":[5],"damage_taken":[{"damage":0,"enemies":"Cultist","floor":1,"turns":1},{"damage":0,"enemies":"Jaw Worm","floor":3,"turns":1},{"damage":0,"enemies":"2 Louse","floor":4,"turns":1},{"damage":27,"enemies":"Lots of Slimes","floor":5,"turns":4},{"damage":51,"enemies":"3 Sentries","floor":6,"turns":12},{"damage":0,"enemies":"2 Fungi Beasts","floor":8,"turns":4},{"damage":13,"enemies":"Red Slaver","floor":13,"turns":6},{"damage":36,"enemies":"Exordium Thugs","floor":14,"turns":5},{"damage":26,"enemies":"Slime Boss","floor":16,"turns":7}],"event_choices":[{"event_name":"World of Goop","player_choice":"Gather Gold","floor":2,"damage_taken":0},{"event_name":"Liars Game","player_choice":"disagreed","floor":10,"damage_taken":0},{"event_name":"Bonfire Elementals","player_choice":"BASIC","floor":11,"damage_taken":0}],"boss_relics":[],"potions_floor_spawned":[4,6,14],"seed_played":"1371342257247226946","killed_by":"Slime Boss","ascension_level":11,"is_trial":false}