{"path_per_floor":["M","?","M","?","$","E","M","E","T","?","?","?","M","M","R"],"character_chosen":"IRONCLAD","items_purchased":[],"gold_per_floor":[109,109,127,127,52,86,102,137,137,137,137,137,154,170,170,170],"floor_reached":16,"campfire_rested":0,"playtime":609,"current_hp_per_floor":[78,78,80,80,80,80,73,55,55,55,55,55,51,52,52,0],"items_purged":["Strike_R"],"gold":170,"score":223,"play_id":"33c82df5-fc2d-4ce0-b452-57bc28d21c5d","local_time":"20180403203056","is_prod":false,"is_daily":false,"is_ascension_mode":true,"campfire_upgraded":0,"timestamp":1522780256,"path_taken":["M","?","M","?","$","E","M","E","T","?","?","?","M","M","R","BOSS"],"build_version":"2018-03-29v2","purchased_purges":1,"victory":false,"master_deck":["Strike_R","Strike_R","Strike_R","Defend_R","Defend_R","Defend_R","Defend_R","Bash","AscendersBane","Battle Trance+1","Iron Wave","Metallicize","Shrug It Off"],"max_hp_per_floor":[80,80,80,80,80,80,80,80,80,80,80,80,80,80,80,80],"relics":["Burning Blood","NeowsBlessing","Juzu Bracelet","Bag of Preparation","Peace Pipe","Oddly Smooth Stone","Shuriken"],"card_choices":[{"not_picked":["Twin Strike","Headbutt"],"picked":"Battle Trance","floor":1},{"not_picked":["Cleave","Heavy Blade"],"picked":"Iron Wave","floor":7},{"not_picked":["Intimidate","Wild Strike"],"picked":"Metallicize","floor":8},{"not_picked":["Twin Strike","Heavy Blade"],"picked":"Shrug It Off","floor":13}],"player_experience":317624,"potions_floor_usage":[13,16],"damage_taken":[{"damage":0,"enemies":"Small Slimes","floor":1,"turns":1},{"damage":0,"enemies":"Cultist","floor":3,"turns":1},{"damage":0,"enemies":"Gremlin Nob","floor":6,"turns":1},{"damage":13,"enemies":"Jaw Worm","floor":7,"turns":4},{"damage":24,"enemies":"3 Sentries","floor":8,"turns":15},{"damage":10,"enemies":"Large Slime","floor":13,"turns":6},{"damage":5,"enemies":"Exordium Wildlife","floor":14,"turns":7},{"damage":67,"enemies":"Hexaghost","floor":16,"turns":11}],"event_choices":[{"event_name":"Upgrade Shrine","player_choice":"Upgraded","floor":2,"damage_taken":0},{"event_name":"Shining Light","player_choice":"Ignored","floor":4,"damage_taken":0},{"event_name":"Dead Adventurer","player_choice":"Searched \u00271\u0027 times","floor":10,"damage_taken":0},{"event_name":"Purifier","player_choice":"One Purge","floor":11,"damage_taken":0},{"event_name":"Accursed Blacksmith","player_choice":"Rummage","floor":12,"damage_taken":0}],"boss_relics":[],"potions_floor_spawned":[6,7,13],"seed_played":"3967101182419301165","killed_by":"Hexaghost","ascension_level":13,"is_trial":false}