{"path_per_floor":["M","M","?","?","M","R","M","E","T","R","E","$","M","?","R","B",null,"M","?","$","?","M","E","R","E","T","R","$","M","?","M","R"],"character_chosen":"IRONCLAD","items_purchased":["Unceasing Top"],"gold_per_floor":[113,125,125,200,220,220,235,268,292,292,323,21,38,67,67,139,139,139,139,64,14,14,14,14,14,14,14,14,14,14,14,14,14],"floor_reached":33,"campfire_rested":5,"playtime":1513,"current_hp_per_floor":[75,68,68,57,63,63,63,36,36,62,37,37,42,31,57,34,74,49,49,49,49,53,28,54,27,27,53,53,18,18,12,38,0],"items_purged":["Strike_R"],"gold":14,"score":483,"play_id":"6c57764a-d294-42cb-a91d-0d730681273b","local_time":"20180403211119","is_prod":false,"is_daily":false,"is_ascension_mode":true,"campfire_upgraded":1,"timestamp":1522782679,"path_taken":["M","M","?","?","M","R","M","E","T","R","E","$","M","?","R","BOSS","M","?","$","?","?","E","R","E","T","R","?","M","?","M","R","BOSS"],"build_version":"2018-03-29v2","purchased_purges":1,"victory":false,"master_deck":["Strike_R","Strike_R","Strike_R","Defend_R","Defend_R+1","Defend_R","Defend_R","Bash","AscendersBane","Havoc","Flex","Armaments+1","Warcry","Clash","Metallicize","True Grit","Intimidate+1","Double Tap","Anger+1","Body Slam","Flex+1","Intimidate+1","Fire Breathing","Infernal Blade"],"max_hp_per_floor":[80,80,80,80,80,80,80,87,87,87,87,87,87,87,87,87,87,87,87,87,87,87,87,87,87,87,87,87,87,87,87,87,87],"relics":["Burning Blood","Strawberry","Pen Nib","Dream Catcher","Unceasing Top","Odd Mushroom","Ectoplasm","War Paint","Calipers","Magic Flower"],"card_choices":[{"not_picked":["Dark Embrace","Wild Strike"],"picked":"Havoc","floor":1},{"not_picked":["Clothesline","Pummel"],"picked":"Flex","floor":2},{"not_picked":["Fire Breathing","Havoc"],"picked":"Armaments","floor":5},{"not_picked":["Second Wind","Shrug It Off"],"picked":"Warcry","floor":7},{"not_picked":["Entrench","Armaments"],"picked":"Clash","floor":8},{"not_picked":["Combust","Bloodletting"],"picked":"Metallicize","floor":11},{"not_picked":["Spot Weakness","Warcry"],"picked":"True Grit","floor":13},{"not_picked":["Uppercut","Hemokinesis"],"picked":"Intimidate","floor":15},{"not_picked":["Berserk","Impervious"],"picked":"Double Tap","floor":16},{"not_picked":["Shrug It Off","Entrench"],"picked":"Anger","floor":18},{"not_picked":["Perfected Strike","Thunderclap"],"picked":"Body Slam","floor":22},{"not_picked":["Clash","Reaper"],"picked":"Flex","floor":23},{"not_picked":["Wild Strike","Anger"],"picked":"Intimidate","floor":24},{"not_picked":["Sentinel","Headbutt"],"picked":"Fire Breathing","floor":27},{"not_picked":["Headbutt","Wild Strike"],"picked":"Infernal Blade","floor":31}],"player_experience":319106,"potions_floor_usage":[8,14,14,22,23,25,33],"damage_taken":[{"damage":3,"enemies":"2 Louse","floor":1,"turns":3},{"damage":13,"enemies":"Jaw Worm","floor":2,"turns":4},{"damage":0,"enemies":"Cultist","floor":5,"turns":4},{"damage":6,"enemies":"Looter","floor":7,"turns":3},{"damage":40,"enemies":"Lagavulin","floor":8,"turns":8},{"damage":31,"enemies":"Gremlin Nob","floor":11,"turns":4},{"damage":1,"enemies":"Exordium Wildlife","floor":13,"turns":3},{"damage":17,"enemies":"The Mushroom Lair","floor":14,"turns":5},{"damage":29,"enemies":"The Guardian","floor":16,"turns":14},{"damage":31,"enemies":"3 Byrds","floor":18,"turns":8},{"damage":2,"enemies":"Shell Parasite","floor":22,"turns":5},{"damage":31,"enemies":"Gremlin Leader","floor":23,"turns":8},{"damage":33,"enemies":"Book of Stabbing","floor":25,"turns":6},{"damage":44,"enemies":"Snecko","floor":29,"turns":9},{"damage":15,"enemies":"Snake Plant","floor":31,"turns":4},{"damage":41,"enemies":"Champ","floor":33,"turns":10}],"event_choices":[{"event_name":"Liars Game","player_choice":"disagreed","floor":3,"damage_taken":0},{"event_name":"World of Goop","player_choice":"Gather Gold","floor":4,"damage_taken":0},{"event_name":"Mushrooms","player_choice":"Fought Mushrooms","floor":14,"damage_taken":0},{"event_name":"Upgrade Shrine","player_choice":"Upgraded","floor":19,"damage_taken":0},{"event_name":"The Joust","player_choice":"Bet on Owner","floor":21,"damage_taken":0},{"event_name":"Back to Basics","player_choice":"Elegance","floor":30,"damage_taken":0}],"boss_relics":[{"not_picked":["Runic Cube","Runic Dome"],"picked":"Ectoplasm"}],"potions_floor_spawned":[1,8,11,13,16,18,22,29],"seed_played":"8399232961430654467","killed_by":"Champ","ascension_level":13,"is_trial":false}