{"path_per_floor":["M","?","?","?","M","R","E","R","T","?","R","?","$","M","R","B",null,"M","?","?","?","M","R","$","E","T","M","R","?","?","M","R","B",null,"M","?","$","M","?","R","M","R","T","E","M","E","$","?","R","B"],"character_chosen":"IRONCLAD","items_purchased":["Flex","Feed","Thunderclap","Limit Break","Flash of Steel","Ghostly Armor","Sundial"],"gold_per_floor":[111,111,61,61,85,85,126,126,149,187,187,262,17,37,37,158,158,173,173,173,173,187,187,37,72,72,89,89,89,89,109,109,209,209,224,224,59,79,379,379,392,392,392,422,442,472,104,150,150,150],"floor_reached":51,"campfire_rested":5,"playtime":1662,"current_hp_per_floor":[70,70,70,77,76,76,51,51,51,30,55,44,44,48,74,78,89,71,71,71,71,72,72,72,54,54,51,96,96,80,60,100,77,94,93,93,93,88,93,93,80,80,80,87,86,60,60,57,107,80],"items_purged":["Combust"],"gold":150,"score":1215,"play_id":"343001fd-a568-4ef1-a247-34f83207770b","local_time":"20180404220727","is_prod":false,"is_daily":false,"is_ascension_mode":true,"campfire_upgraded":5,"timestamp":1522894047,"path_taken":["M","?","?","?","?","R","E","R","T","?","R","?","$","M","R","BOSS","M","?","?","?","?","R","?","E","T","?","R","?","?","?","R","BOSS","M","?","$","M","?","R","M","R","T","E","M","E","$","?","R","BOSS"],"build_version":"2018-03-29v2","purchased_purges":1,"victory":true,"master_deck":["Bash+1","Battle Trance+1","Pummel+1","Twin Strike+1","Flex","Feed+1","Thunderclap+1","Demon Form+1","Shrug It Off","Wild Strike+1","Pommel Strike+1","Heavy Blade+1","Havoc","Thunderclap+1","Shockwave","Flex+1","Limit Break+1","Battle Trance","Shrug It Off","Shrug It Off","Impervious","Armaments+1","Flash of Steel+1","Ghostly Armor","Shrug It Off+1","Parasite","Fire Breathing+1","Twin Strike+1","Heavy Blade+1","Inflame+1"],"max_hp_per_floor":[80,74,74,84,84,84,84,84,84,84,84,84,84,88,88,92,92,96,96,96,96,96,96,96,96,96,100,100,100,100,100,100,100,100,100,100,100,100,100,100,104,104,104,115,119,119,119,119,119,119],"relics":["Velvet Choker","Bloody Idol","Pear","Molten Egg 2","Vajra","Odd Mushroom","Pandora\u0027s Box","Regal Pillow","Shuriken","Du-Vu Doll","Enchiridion","Cursed Key","Ancient Tea Set","Strawberry","Toolbox","Sundial","Dead Branch"],"card_choices":[{"not_picked":["Body Slam","Iron Wave"],"picked":"Battle Trance","floor":5},{"not_picked":["Heavy Blade","Dropkick"],"picked":"Pummel","floor":7},{"not_picked":["Entrench","Clothesline"],"picked":"Twin Strike","floor":10},{"not_picked":["Offering","Juggernaut"],"picked":"Demon Form","floor":16},{"not_picked":["Feel No Pain","Searing Blow"],"picked":"Shockwave","floor":18},{"not_picked":["Anger","Warcry"],"picked":"Flex","floor":22},{"not_picked":["Metallicize","Carnage"],"picked":"Battle Trance","floor":25},{"not_picked":["Carnage","Havoc"],"picked":"Shrug It Off","floor":27},{"not_picked":["Twin Strike","Anger"],"picked":"Shrug It Off","floor":31},{"not_picked":["Brutality","Fiend Fire"],"picked":"Impervious","floor":33},{"not_picked":["Twin Strike","Reckless Charge"],"picked":"Armaments","floor":35},{"not_picked":["Thunderclap","Havoc"],"picked":"Shrug It Off","floor":41},{"not_picked":["Armaments","Flame Barrier"],"picked":"Fire Breathing","floor":44},{"not_picked":["Shrug It Off","Armaments"],"picked":"Twin Strike","floor":45},{"not_picked":["Cleave","Anger"],"picked":"Heavy Blade","floor":46},{"not_picked":["Power Through","Impervious"],"picked":"Inflame","floor":48}],"player_experience":203391,"potions_floor_usage":[10,16,25,25,35,38,45,48,50],"damage_taken":[{"damage":2,"enemies":"Jaw Worm","floor":1,"turns":2},{"damage":1,"enemies":"Cultist","floor":5,"turns":3},{"damage":25,"enemies":"3 Sentries","floor":7,"turns":8},{"damage":21,"enemies":"The Mushroom Lair","floor":10,"turns":4},{"damage":0,"enemies":"Small Slimes","floor":14,"turns":1},{"damage":0,"enemies":"Slime Boss","floor":16,"turns":5},{"damage":22,"enemies":"2 Thieves","floor":18,"turns":2},{"damage":4,"enemies":"Shell Parasite","floor":22,"turns":2},{"damage":23,"enemies":"Slavers","floor":25,"turns":3},{"damage":12,"enemies":"3 Cultists","floor":27,"turns":3},{"damage":25,"enemies":"Snake Plant","floor":31,"turns":2},{"damage":28,"enemies":"Champ","floor":33,"turns":9},{"damage":6,"enemies":"Orb Walker","floor":35,"turns":3},{"damage":10,"enemies":"3 Darklings","floor":38,"turns":4},{"damage":22,"enemies":"Sphere and 2 Shapes","floor":41,"turns":3},{"damage":9,"enemies":"2 Orb Walkers","floor":44,"turns":3},{"damage":10,"enemies":"Maw","floor":45,"turns":4},{"damage":31,"enemies":"Nemesis","floor":46,"turns":7},{"damage":8,"enemies":"Mysterious Sphere","floor":48,"turns":3},{"damage":27,"enemies":"Donu and Deca","floor":50,"turns":5}],"event_choices":[{"event_name":"Golden Idol","player_choice":"Lose Max HP","floor":2,"damage_taken":0},{"event_name":"The Cleric","player_choice":"Card Removal","floor":3,"damage_taken":0},{"event_name":"Scrap Ooze","player_choice":"success","floor":4,"damage_taken":3},{"event_name":"Mushrooms","player_choice":"Fought Mushrooms","floor":10,"damage_taken":0},{"event_name":"World of Goop","player_choice":"Gather Gold","floor":12,"damage_taken":0},{"event_name":"The Mausoleum","player_choice":"Yes","floor":19,"damage_taken":0},{"event_name":"Forgotten Altar","player_choice":"Gave Idol","floor":20,"damage_taken":0},{"event_name":"Purifier","player_choice":"One Purge","floor":21,"damage_taken":0},{"event_name":"Back to Basics","player_choice":"Elegance","floor":29,"damage_taken":0},{"event_name":"Cursed Tome","player_choice":"Obtained Book","floor":30,"damage_taken":0},{"event_name":"Tomb of Lord Red Mask","player_choice":"Ignored","floor":36,"damage_taken":0},{"event_name":"Wheel of Change","player_choice":"Gold","floor":39,"damage_taken":0},{"event_name":"Mysterious Sphere","player_choice":"Fight","floor":48,"damage_taken":0}],"boss_relics":[{"not_picked":["Black Star","Orrery"],"picked":"Pandora\u0027s Box"},{"not_picked":["Runic Pyramid","Eternal Feather"],"picked":"Cursed Key"}],"potions_floor_spawned":[1,10,14,18,31,33,41,45,48],"seed_played":"709494287982193651","ascension_level":8,"is_trial":false}