{"path_per_floor":["M","?","?","?","$","R","E","R","T","R","$","?","M","E","R","B",null,"M","$","M","M","T","E","R","?","T","R","E","M","M","?","R","B",null,"M","?","$","M","M","E","?","E","T","M","R","M","$","E","R","B"],"character_chosen":"IRONCLAD","items_purchased":["Jack Of All Trades","Corruption","Feel No Pain","Sundial","War Paint","Flex","Mind Blast","Centennial Puzzle","Havoc"],"gold_per_floor":[110,110,110,110,7,7,46,46,46,46,10,185,198,229,229,350,350,375,42,66,82,109,153,153,153,178,178,222,237,251,251,251,382,382,398,398,103,119,135,178,178,218,244,267,267,292,1,36,36,36],"floor_reached":51,"campfire_rested":2,"playtime":2272,"current_hp_per_floor":[73,73,66,66,66,66,29,51,51,51,51,51,57,51,51,52,77,75,75,77,67,67,69,69,69,69,69,32,34,36,36,59,37,77,68,68,68,73,70,67,67,64,64,67,67,70,70,77,77,62],"items_purged":[],"gold":36,"score":1153,"play_id":"b0228904-5618-4825-b73b-47579ad7ae75","local_time":"20180401230457","is_prod":false,"is_daily":false,"is_ascension_mode":true,"campfire_upgraded":7,"timestamp":1522638297,"path_taken":["M","?","?","?","$","R","E","R","T","R","$","?","M","E","R","BOSS","M","$","M","M","?","E","R","?","T","R","E","M","M","?","R","BOSS","M","?","$","M","M","E","?","E","T","M","R","M","?","E","R","BOSS"],"build_version":"2018-03-29v2","purchased_purges":0,"victory":true,"master_deck":["Bash","Offering+1","Intimidate","True Grit","Jack Of All Trades+1","Whirlwind","Corruption+1","Flex","Thunderclap","Limit Break+1","Sword Boomerang","Heavy Blade","Corruption+1","Warcry+1","Iron Wave","Sentinel+1","Pommel Strike","Pommel Strike+1","Feel No Pain","Dropkick+1","Shockwave","Writhe","Offering","Havoc+1","Flex+1","Mind Blast","Inflame+1","Uppercut+1","Havoc+1","Shrug It Off+1","Sentinel+1","Havoc+1","Disarm+1"],"max_hp_per_floor":[80,80,80,74,74,74,74,74,74,74,74,74,74,74,74,77,77,77,77,77,77,77,77,77,77,77,77,77,77,77,77,77,77,77,77,77,77,77,77,77,77,77,77,77,77,77,77,77,77,77],"relics":["Burning Blood","Golden Idol","Juzu Bracelet","Dead Branch","Art of War","Pandora\u0027s Box","Sundial","Anchor","Vajra","Spirit Poop","Bag of Preparation","Bronze Scales","Blue Candle","Sozu","War Paint","Toolbox","Blood Vial","Orichalcum","Centennial Puzzle","Regal Pillow"],"card_choices":[{"not_picked":["Sentinel","Power Through"],"picked":"Intimidate","floor":1},{"not_picked":["Sentinel","Anger"],"picked":"Whirlwind","floor":7},{"not_picked":["Clothesline","Wild Strike"],"picked":"Flex","floor":13},{"not_picked":["Uppercut","Clash"],"picked":"Thunderclap","floor":14},{"not_picked":["Dark Embrace","Bludgeon"],"picked":"Limit Break","floor":16},{"not_picked":["Twin Strike","Anger"],"picked":"Pommel Strike","floor":18},{"not_picked":["Warcry","Carnage"],"picked":"Dropkick","floor":20},{"not_picked":["Heavy Blade","Anger"],"picked":"Uppercut","floor":23},{"not_picked":["Twin Strike","Immolate"],"picked":"Shockwave","floor":28},{"not_picked":["Bludgeon","Exhume"],"picked":"Offering","floor":33},{"not_picked":["Cleave","Warcry"],"picked":"Havoc","floor":35},{"not_picked":["Combust","Shrug It Off"],"picked":"Inflame","floor":38},{"not_picked":["Armaments","Reckless Charge"],"picked":"Uppercut","floor":39},{"not_picked":["Inflame","Reckless Charge"],"picked":"Havoc","floor":40},{"not_picked":["Impervious","Cleave"],"picked":"Shrug It Off","floor":42},{"not_picked":["Blood for Blood","Bloodletting"],"picked":"Sentinel","floor":44},{"not_picked":["Twin Strike","Intimidate"],"picked":"Disarm","floor":48}],"player_experience":182432,"potions_floor_usage":[20,20,21,28,29,50],"damage_taken":[{"damage":13,"enemies":"2 Louse","floor":1,"turns":2},{"damage":43,"enemies":"Lagavulin","floor":7,"turns":6},{"damage":0,"enemies":"Small Slimes","floor":13,"turns":1},{"damage":12,"enemies":"Gremlin Nob","floor":14,"turns":2},{"damage":8,"enemies":"Slime Boss","floor":16,"turns":3},{"damage":8,"enemies":"2 Thieves","floor":18,"turns":1},{"damage":4,"enemies":"3 Byrds","floor":20,"turns":2},{"damage":16,"enemies":"Snake Plant","floor":21,"turns":3},{"damage":4,"enemies":"Book of Stabbing","floor":23,"turns":3},{"damage":43,"enemies":"Gremlin Leader","floor":28,"turns":5},{"damage":4,"enemies":"Centurion and Healer","floor":29,"turns":3},{"damage":4,"enemies":"Snecko","floor":30,"turns":2},{"damage":28,"enemies":"Automaton","floor":33,"turns":6},{"damage":15,"enemies":"3 Shapes","floor":35,"turns":1},{"damage":1,"enemies":"Orb Walker","floor":38,"turns":2},{"damage":9,"enemies":"Maw","floor":39,"turns":1},{"damage":9,"enemies":"Nemesis","floor":40,"turns":1},{"damage":9,"enemies":"2 Orb Walkers","floor":42,"turns":2},{"damage":5,"enemies":"4 Shapes","floor":44,"turns":1},{"damage":5,"enemies":"Sphere and 2 Shapes","floor":46,"turns":1},{"damage":5,"enemies":"Nemesis","floor":48,"turns":1},{"damage":21,"enemies":"Awakened One","floor":50,"turns":3}],"event_choices":[{"event_name":"Living Wall","player_choice":"Change","floor":2,"damage_taken":0},{"event_name":"Golden Wing","player_choice":"Card Removal","floor":3,"damage_taken":0},{"event_name":"Golden Idol","player_choice":"Lose Max HP","floor":4,"damage_taken":0},{"event_name":"Liars Game","player_choice":"agreed","floor":12,"damage_taken":0},{"event_name":"Bonfire Elementals","player_choice":"CURSE","floor":25,"damage_taken":0},{"event_name":"The Mausoleum","player_choice":"Yes","floor":31,"damage_taken":0},{"event_name":"Tomb of Lord Red Mask","player_choice":"Ignored","floor":41,"damage_taken":0}],"boss_relics":[{"not_picked":["Philosopher\u0027s Stone","Lizard Tail"],"picked":"Pandora\u0027s Box"},{"not_picked":["Mark of Pain","Runic Dome"],"picked":"Sozu"}],"potions_floor_spawned":[1,7,14,16,21,23,33,40,42,46,48],"seed_played":"-4963029737983313348","ascension_level":2,"is_trial":false}