{"path_per_floor":["M","M","M","$","?","R","M","R","T","M","R","?","R","$","R","B",null,"M","?","$","M","$","R","M","M","T","M","$","R","E","M","R","B",null,"M","?","?","?","M","R","?","$","T","?","M","$","M","M","R","B"],"character_chosen":"IRONCLAD","items_purchased":["Battle Trance","Pommel Strike","Iron Wave","Fiend Fire"],"gold_per_floor":[119,138,153,3,3,3,18,18,45,62,62,62,62,36,36,138,138,154,154,29,46,46,46,61,72,96,116,116,116,151,169,169,269,269,279,279,279,279,296,296,396,271,339,339,354,196,209,228,228,228],"floor_reached":51,"campfire_rested":0,"playtime":1950,"current_hp_per_floor":[40,46,52,52,52,52,41,41,41,44,44,44,44,44,44,31,80,61,61,61,63,63,63,69,72,72,62,62,62,66,70,70,56,88,88,88,88,88,90,90,90,90,90,90,92,92,84,85,85,65],"items_purged":["Strike_R","Searing Blow","Sentinel"],"gold":228,"score":732,"play_id":"493f5af5-3176-4bce-a475-92d4efbfc5c5","local_time":"20180327223659","is_prod":false,"is_daily":false,"is_ascension_mode":false,"campfire_upgraded":10,"timestamp":1522211819,"path_taken":["M","?","M","$","?","R","M","R","T","?","R","?","R","$","R","BOSS","M","?","?","M","$","R","M","?","T","M","$","R","E","M","R","BOSS","M","?","?","?","M","R","?","$","T","?","?","$","M","M","R","BOSS"],"build_version":"2018-03-22v2","purchased_purges":4,"victory":true,"master_deck":["Bash+1","Inflame+1","Limit Break+1","Shrug It Off+1","Spot Weakness","Battle Trance","Double Tap+1","Shrug It Off+1","Shockwave","Disarm+1","Iron Wave+1","Seeing Red+1","Offering+1","Cleave+1","Fiend Fire+1"],"max_hp_per_floor":[80,80,80,80,80,80,80,80,80,80,80,80,80,80,80,80,80,80,80,80,80,80,80,80,80,80,82,82,82,84,86,86,88,88,88,88,88,88,90,90,90,90,90,90,92,92,94,96,96,96],"relics":["Burning Blood","Vajra","Pandora\u0027s Box","Singing Bowl","Bag of Preparation","Runic Pyramid","Gremlin Horn"],"card_choices":[{"not_picked":["Twin Strike","Havoc"],"picked":"Shrug It Off","floor":1},{"not_picked":["Inflame","Shockwave"],"picked":"Spot Weakness","floor":2},{"not_picked":["Demon Form","Fiend Fire"],"picked":"Double Tap","floor":16},{"not_picked":["Body Slam","Bloodletting"],"picked":"Disarm","floor":18},{"not_picked":["Bloodletting","Shrug It Off"],"picked":"Seeing Red","floor":21},{"not_picked":["Anger","Pommel Strike"],"picked":"Offering","floor":25},{"not_picked":["Shrug It Off","Clothesline"],"picked":"Cleave","floor":35}],"player_experience":585605,"potions_floor_usage":[16,31,50,50,50],"damage_taken":[{"damage":6,"enemies":"Cultist","floor":1,"turns":4},{"damage":0,"enemies":"2 Louse","floor":2,"turns":3},{"damage":0,"enemies":"Jaw Worm","floor":3,"turns":4},{"damage":17,"enemies":"Exordium Thugs","floor":7,"turns":6},{"damage":3,"enemies":"3 Louse","floor":10,"turns":3},{"damage":19,"enemies":"Hexaghost","floor":16,"turns":7},{"damage":25,"enemies":"3 Byrds","floor":18,"turns":6},{"damage":4,"enemies":"Shell Parasite","floor":21,"turns":4},{"damage":0,"enemies":"Snecko","floor":24,"turns":6},{"damage":3,"enemies":"Sentry and Sphere","floor":25,"turns":3},{"damage":18,"enemies":"3 Cultists","floor":27,"turns":4},{"damage":4,"enemies":"Book of Stabbing","floor":30,"turns":6},{"damage":4,"enemies":"Chosen and Byrds","floor":31,"turns":4},{"damage":22,"enemies":"Champ","floor":33,"turns":5},{"damage":4,"enemies":"Orb Walker","floor":35,"turns":2},{"damage":4,"enemies":"3 Darklings","floor":39,"turns":3},{"damage":4,"enemies":"Sphere and 2 Shapes","floor":45,"turns":1},{"damage":16,"enemies":"4 Shapes","floor":47,"turns":2},{"damage":7,"enemies":"Maw","floor":48,"turns":5},{"damage":26,"enemies":"Time Eater","floor":50,"turns":4}],"event_choices":[{"event_name":"The Cleric","player_choice":"Leave","floor":5,"damage_taken":0},{"event_name":"Purifier","player_choice":"One Purge","floor":12,"damage_taken":0},{"event_name":"Vampires","player_choice":"Ignored","floor":19,"damage_taken":0},{"event_name":"Accursed Blacksmith","player_choice":"Ignore","floor":36,"damage_taken":0},{"event_name":"Tomb of Lord Red Mask","player_choice":"Ignored","floor":38,"damage_taken":0},{"event_name":"Golden Shrine","player_choice":"Pray","floor":41,"damage_taken":0},{"event_name":"Purifier","player_choice":"One Purge","floor":44,"damage_taken":0}],"boss_relics":[{"not_picked":["Question Card","White Beast Statue"],"picked":"Pandora\u0027s Box"},{"not_picked":["Snecko Eye","Eternal Feather"],"picked":"Runic Pyramid"}],"potions_floor_spawned":[2,3,7,18,24,25,27,33,35,47,48],"seed_played":"-5142668321606501471","ascension_level":0,"is_trial":false}