{"path_per_floor":["M","M","M","?","?","R","E","M","T","R","$","M","R","E","R","B",null,"M","M","$","M","M","E","?","?","T","R","E","M","?","M","R","B",null,"M","M","M","?","M","R","E","R","T","R","?","?","M","$","R","B"],"character_chosen":"IRONCLAD","items_purchased":["Mummified Hand","Flash of Steel","Apotheosis","Dead Branch","Corruption"],"gold_per_floor":[112,122,132,432,432,432,460,472,549,549,117,135,135,169,169,272,272,291,304,97,111,125,151,151,66,112,112,143,161,161,178,178,279,279,298,318,331,331,351,351,381,381,381,381,381,381,397,68,68,68],"floor_reached":51,"campfire_rested":4,"playtime":2443,"current_hp_per_floor":[71,71,73,70,70,70,35,21,21,45,45,48,48,49,49,55,74,80,69,69,72,74,60,60,60,60,60,31,33,33,28,52,20,65,67,65,58,58,54,78,51,75,75,75,65,65,67,67,67,26],"items_purged":["Strike_R"],"gold":68,"score":1224,"play_id":"dee73672-f6cf-4699-a9bd-69ad42918846","local_time":"20180330232616","is_prod":false,"is_daily":false,"is_ascension_mode":true,"campfire_upgraded":4,"timestamp":1522445176,"path_taken":["M","M","M","?","?","R","E","?","T","R","$","M","R","E","R","BOSS","M","M","$","M","M","E","?","?","T","R","E","M","?","M","R","BOSS","M","M","?","?","M","R","E","R","T","R","?","?","M","$","R","BOSS"],"build_version":"2018-03-29v2","purchased_purges":1,"victory":true,"master_deck":["Strike_R","Strike_R","Defend_R","Defend_R","Defend_R+1","Defend_R+1","Bash","AscendersBane","Clash","Infernal Blade+1","Battle Trance","Flash of Steel+1","Clash+1","True Grit+1","Offering","Dual Wield","Clash+1","Apotheosis+1","Clash+1","Metallicize","Seeing Red","Rage+1","Deep Breath","Flash of Steel+1","Finesse","Corruption"],"max_hp_per_floor":[80,80,80,80,80,80,80,80,80,80,80,80,80,80,80,80,80,80,80,80,80,80,80,80,80,80,80,80,80,80,80,80,80,80,80,80,80,80,80,80,80,80,80,80,80,80,80,80,80,80],"relics":["Burning Blood","Old Coin","Pen Nib","Meat on the Bone","Mummified Hand","War Paint","Lizard Tail","Anchor","Shuriken","Bronze Scales","Molten Egg 2","Sozu","Whetstone","Shovel","Champion Belt","Dead Branch","Happy Flower"],"card_choices":[{"not_picked":["Heavy Blade","Flex"],"picked":"Clash","floor":1},{"not_picked":["Twin Strike","Feel No Pain"],"picked":"Infernal Blade","floor":2},{"not_picked":["Intimidate","Shrug It Off"],"picked":"Battle Trance","floor":7},{"not_picked":["Rampage","Headbutt"],"picked":"Clash","floor":12},{"not_picked":["Uppercut","Anger"],"picked":"True Grit","floor":14},{"not_picked":["Brutality","Reaper"],"picked":"Offering","floor":16},{"not_picked":["Iron Wave","Flex"],"picked":"Dual Wield","floor":18},{"not_picked":["True Grit","Twin Strike"],"picked":"Clash","floor":19},{"not_picked":["Headbutt","Intimidate"],"picked":"Clash","floor":28},{"not_picked":["Feel No Pain","Exhume"],"picked":"Metallicize","floor":29},{"not_picked":["Disarm","Heavy Blade"],"picked":"Seeing Red","floor":31},{"not_picked":["Flex","Second Wind"],"picked":"Rage","floor":37},{"not_picked":["Secret Weapon","Sadistic Nature"],"picked":"Deep Breath","floor":45},{"not_picked":["Deep Breath","Mind Blast"],"picked":"Flash of Steel","floor":45},{"not_picked":["Dark Shackles","Enlightenment"],"picked":"Finesse","floor":45}],"player_experience":308707,"potions_floor_usage":[3,7,23,28,31,33,36,47],"damage_taken":[{"damage":7,"enemies":"Small Slimes","floor":1,"turns":4},{"damage":6,"enemies":"Cultist","floor":2,"turns":4},{"damage":4,"enemies":"Jaw Worm","floor":3,"turns":3},{"damage":41,"enemies":"3 Sentries","floor":7,"turns":11},{"damage":20,"enemies":"Gremlin Gang","floor":8,"turns":6},{"damage":3,"enemies":"Blue Slaver","floor":12,"turns":3},{"damage":5,"enemies":"Gremlin Nob","floor":14,"turns":3},{"damage":12,"enemies":"The Guardian","floor":16,"turns":10},{"damage":4,"enemies":"Chosen","floor":18,"turns":6},{"damage":17,"enemies":"Spheric Guardian","floor":19,"turns":4},{"damage":3,"enemies":"Snecko","floor":21,"turns":4},{"damage":4,"enemies":"Centurion and Healer","floor":22,"turns":7},{"damage":20,"enemies":"Book of Stabbing","floor":23,"turns":5},{"damage":47,"enemies":"Slavers","floor":28,"turns":7},{"damage":16,"enemies":"Snake Plant","floor":29,"turns":3},{"damage":23,"enemies":"Cultist and Chosen","floor":31,"turns":6},{"damage":50,"enemies":"Automaton","floor":33,"turns":8},{"damage":4,"enemies":"Orb Walker","floor":35,"turns":2},{"damage":8,"enemies":"3 Shapes","floor":36,"turns":6},{"damage":25,"enemies":"Maw","floor":37,"turns":5},{"damage":22,"enemies":"3 Darklings","floor":39,"turns":5},{"damage":33,"enemies":"Giant Head","floor":41,"turns":6},{"damage":4,"enemies":"Sphere and 2 Shapes","floor":47,"turns":2},{"damage":59,"enemies":"Awakened One","floor":50,"turns":6}],"event_choices":[{"event_name":"Scrap Ooze","player_choice":"success","floor":4,"damage_taken":3},{"event_name":"Wheel of Change","player_choice":"Card Removal","floor":5,"damage_taken":0},{"event_name":"Back to Basics","player_choice":"Elegance","floor":24,"damage_taken":0},{"event_name":"Addict","player_choice":"Obtained Relic","floor":25,"damage_taken":0},{"event_name":"Vampires","player_choice":"Ignored","floor":30,"damage_taken":0},{"event_name":"Accursed Blacksmith","player_choice":"Ignore","floor":38,"damage_taken":0},{"event_name":"SensoryStone","player_choice":"Memory 3","floor":45,"damage_taken":0},{"event_name":"Mysterious Sphere","player_choice":"Ignore","floor":46,"damage_taken":0}],"boss_relics":[{"not_picked":["Snecko Eye","Runic Pyramid"],"picked":"Lizard Tail"},{"not_picked":["Black Blood","Tiny House"],"picked":"Sozu"}],"potions_floor_spawned":[2,3,14,16,19,23,28,29,33,37,41],"seed_played":"5182028764203194609","ascension_level":12,"is_trial":false}