{"path_per_floor":["M","?","?","M","M","R","E","R","T","M","?","R","M","?","R","B",null],"character_chosen":"IRONCLAD","items_purchased":[],"gold_per_floor":[109,59,59,77,87,87,113,113,113,131,157,157,170,170,170,245,245,245],"floor_reached":18,"campfire_rested":1,"playtime":499,"current_hp_per_floor":[74,74,74,75,75,75,40,40,47,55,48,48,56,40,64,21,67,53],"items_purged":[],"gold":245,"score":272,"play_id":"88898c79-9431-4158-95e7-79061722d90e","local_time":"20180402172059","is_prod":false,"is_daily":false,"is_ascension_mode":true,"campfire_upgraded":3,"timestamp":1522707659,"path_taken":["M","?","?","M","?","R","E","R","T","M","?","R","M","?","R","BOSS","M"],"build_version":"2018-03-29v2","purchased_purges":0,"victory":false,"master_deck":["Strike_R","Strike_R+1","Strike_R","Strike_R","Defend_R+1","Defend_R","Defend_R","Bash","AscendersBane","Seeing Red+1","True Grit+1","Clash","Pommel Strike+1","Shrug It Off","Impervious","Impervious"],"max_hp_per_floor":[75,75,75,75,75,75,75,75,82,82,82,82,82,82,82,82,82,82],"relics":["Burning Blood","NeowsBlessing","Blood Vial","Strawberry","Odd Mushroom","Black Star"],"card_choices":[{"not_picked":["Juggernaut","Sword Boomerang"],"picked":"Seeing Red","floor":1},{"not_picked":["Blood for Blood","Perfected Strike"],"picked":"True Grit","floor":4},{"not_picked":["Disarm","Perfected Strike"],"picked":"Clash","floor":5},{"not_picked":["Heavy Blade","Clothesline"],"picked":"Pommel Strike","floor":7},{"not_picked":["True Grit","Cleave"],"picked":"Shrug It Off","floor":10},{"not_picked":["Power Through","Searing Blow"],"picked":"Impervious","floor":11},{"not_picked":["Juggernaut","Brutality"],"picked":"Impervious","floor":16}],"player_experience":407420,"potions_floor_usage":[10,16],"damage_taken":[{"damage":0,"enemies":"Jaw Worm","floor":1,"turns":1},{"damage":0,"enemies":"Small Slimes","floor":4,"turns":2},{"damage":0,"enemies":"Cultist","floor":5,"turns":1},{"damage":41,"enemies":"Gremlin Nob","floor":7,"turns":5},{"damage":0,"enemies":"Red Slaver","floor":10,"turns":3},{"damage":15,"enemies":"The Mushroom Lair","floor":11,"turns":5},{"damage":0,"enemies":"Gremlin Gang","floor":13,"turns":5},{"damage":51,"enemies":"The Guardian","floor":16,"turns":15},{"damage":16,"enemies":"Shell Parasite","floor":18,"turns":3}],"event_choices":[{"event_name":"The Cleric","player_choice":"Card Removal","floor":2,"damage_taken":0},{"event_name":"Bonfire Elementals","player_choice":"BASIC","floor":3,"damage_taken":0},{"event_name":"Mushrooms","player_choice":"Fought Mushrooms","floor":11,"damage_taken":0},{"event_name":"Shining Light","player_choice":"Entered Light","floor":14,"damage_taken":0}],"boss_relics":[{"not_picked":["White Beast Statue","Tiny House"],"picked":"Black Star"}],"potions_floor_spawned":[1,4,7,11],"seed_played":"-5611150041054670335","killed_by":"Shell Parasite","ascension_level":14,"is_trial":false}