{"path_per_floor":["M","$","M","T","M","E","R","?","T","R","M","E","$","M","R","B",null,"M","?","?","M","$","R","M","?","T","$","?","?","$","E","R","B",null,"M","?","?","$","M","E","R","E","T","R","E","M","M","?","R"],"character_chosen":"IRONCLAD","items_purchased":["Flex","Reaper","Dropkick","Rupture"],"gold_per_floor":[111,36,56,56,72,106,106,106,129,129,147,176,24,39,39,141,141,158,158,158,175,23,23,37,37,37,37,37,37,1,26,26,122,122,135,135,135,10,26,54,54,79,79,79,108,127,145,145,145,145],"floor_reached":50,"campfire_rested":4,"playtime":2010,"current_hp_per_floor":[80,80,80,80,71,24,48,6,6,30,32,13,13,15,39,13,80,68,68,68,48,48,48,76,61,61,61,61,61,61,67,67,85,85,85,85,85,85,85,47,47,63,63,85,85,85,85,85,85,0],"items_purged":["Strike_R","Strike_R","Rupture"],"gold":145,"score":691,"play_id":"8c6f42d9-9e07-425c-8c80-a701fb51bdfd","local_time":"20180401162935","is_prod":false,"is_daily":false,"is_ascension_mode":true,"campfire_upgraded":1,"timestamp":1522614575,"path_taken":["M","$","M","?","M","E","R","?","T","R","M","E","$","M","R","BOSS","M","?","?","?","$","R","M","?","T","$","?","?","?","E","R","BOSS","M","?","?","$","M","E","R","E","T","R","E","M","?","?","R","BOSS"],"build_version":"2018-03-29v2","purchased_purges":3,"victory":false,"master_deck":["Defend_R","Defend_R","Defend_R","Bash","Offering+1","Shockwave","Shrug It Off","Flex","Armaments","Fiend Fire","Flex+1","Whirlwind+1","Reaper","Dropkick","Flex+1","Bite","Bite","Bite","Bite","Reaper","Flex","Dropkick+1","Heavy Blade+1","Headbutt+1","Battle Trance+1","Infernal Blade+1"],"max_hp_per_floor":[80,80,80,80,80,80,80,80,80,80,80,80,80,80,80,80,80,80,80,80,80,80,80,80,85,85,85,85,85,85,85,85,85,85,85,85,85,85,85,85,85,85,85,85,85,85,85,85,85,85],"relics":["Black Blood","Girya","Ornamental Fan","Champion Belt","Bag of Marbles","Gremlin Horn","Art of War","Sozu","Omamori","Darkstone Periapt","Red Skull","Blue Candle"],"card_choices":[{"not_picked":["Heavy Blade","Body Slam"],"picked":"Offering","floor":5.0},{"not_picked":["Armaments","Twin Strike"],"picked":"Demon Form","floor":6.0},{"not_picked":["Armaments","Rupture"],"picked":"Shockwave","floor":11.0},{"not_picked":["Pommel Strike","Perfected Strike"],"picked":"Shrug It Off","floor":12.0},{"not_picked":["Carnage","Cleave"],"picked":"Armaments","floor":14.0},{"not_picked":["Bludgeon","Dark Embrace"],"picked":"Fiend Fire","floor":16.0},{"not_picked":["Twin Strike","Anger"],"picked":"Flex","floor":18.0},{"not_picked":["Rage","Warcry"],"picked":"Flex","floor":24.0},{"not_picked":["Immolate","Berserk"],"picked":"Reaper","floor":33},{"not_picked":["Thunderclap","Twin Strike"],"picked":"Flex","floor":35},{"not_picked":["Intimidate","Twin Strike"],"picked":"Dropkick","floor":39},{"not_picked":["Whirlwind","Carnage"],"picked":"Heavy Blade","floor":40},{"not_picked":["Havoc","True Grit"],"picked":"Headbutt","floor":42},{"not_picked":["Shrug It Off","Warcry"],"picked":"Battle Trance","floor":45},{"not_picked":["Hemokinesis","Bloodletting"],"picked":"Infernal Blade","floor":47}],"player_experience":172412,"potions_floor_usage":[31,33],"damage_taken":[{"damage":6.0,"enemies":"Cultist","floor":1.0,"turns":3.0},{"damage":0.0,"enemies":"Small Slimes","floor":3.0,"turns":3.0},{"damage":15.0,"enemies":"2 Louse","floor":5.0,"turns":4.0},{"damage":53.0,"enemies":"Lagavulin","floor":6.0,"turns":7.0},{"damage":4.0,"enemies":"Large Slime","floor":11.0,"turns":3.0},{"damage":25.0,"enemies":"3 Sentries","floor":12.0,"turns":6.0},{"damage":4.0,"enemies":"Lots of Slimes","floor":14.0,"turns":3.0},{"damage":32.0,"enemies":"The Guardian","floor":16.0,"turns":13.0},{"damage":22.0,"enemies":"Chosen","floor":18.0,"turns":6.0},{"damage":30.0,"enemies":"Shell Parasite","floor":21.0,"turns":4.0},{"damage":21.0,"enemies":"3 Cultists","floor":24.0,"turns":4.0},{"damage":4,"enemies":"Slavers","floor":31,"turns":1},{"damage":33,"enemies":"Champ","floor":33,"turns":10},{"damage":4,"enemies":"3 Darklings","floor":35,"turns":1},{"damage":16,"enemies":"Orb Walker","floor":39,"turns":3},{"damage":70,"enemies":"Nemesis","floor":40,"turns":6},{"damage":27,"enemies":"Giant Head","floor":42,"turns":6},{"damage":31,"enemies":"2 Orb Walkers","floor":45,"turns":4},{"damage":7,"enemies":"Maw","floor":46,"turns":6},{"damage":0,"enemies":"3 Darklings","floor":47,"turns":1},{"damage":105,"enemies":"Time Eater","floor":50,"turns":8}],"event_choices":[{"event_name":"Scrap Ooze","player_choice":"success","floor":8.0,"damage_taken":42.0},{"event_name":"The Library","player_choice":"Read","floor":19.0,"damage_taken":0.0},{"event_name":"Upgrade Shrine","player_choice":"Upgraded","floor":20.0,"damage_taken":0.0},{"event_name":"Forgotten Altar","player_choice":"Shed Blood","floor":25.0,"damage_taken":0.0},{"event_name":"Vampires","player_choice":"Became a vampire (Vial)","floor":28,"damage_taken":0},{"event_name":"Back to Basics","player_choice":"Elegance","floor":29,"damage_taken":0},{"event_name":"Tomb of Lord Red Mask","player_choice":"Ignored","floor":36,"damage_taken":0},{"event_name":"Mysterious Sphere","player_choice":"Ignore","floor":37,"damage_taken":0}],"boss_relics":[{"not_picked":["Mark of Pain","Astrolabe"],"picked":"Sozu"}],"potions_floor_spawned":[3,11,16,24,35,40,45,47],"seed_played":"-1181558204709211160","killed_by":"Time Eater","ascension_level":2,"is_trial":false}