{"path_per_floor":["M","?","M","M","?","R","M","R","T","E","$","M","R","M","R","B",null,"M","M","M","?","$","R","E","R","T","$","M","M","R","M","R","B",null,"M","M","?","?","?","R","M","$","T","M","?","M","R","M","R","B"],"character_chosen":"IRONCLAD","items_purchased":["Kunai"],"gold_per_floor":[11,11,23,42,42,42,54,54,126,159,84,95,95,108,108,209,209,221,238,252,252,6,6,33,33,60,60,77,89,89,104,104,204,234,247,265,265,265,265,265,279,179,206,221,221,236,236,246,246,246],"floor_reached":51,"campfire_rested":0,"playtime":1763,"current_hp_per_floor":[80,73,73,79,79,79,80,80,80,84,84,82,82,83,83,87,87,87,72,78,78,78,78,63,63,63,63,73,67,67,73,73,44,100,100,94,84,84,71,71,60,60,60,95,95,100,100,112,112,112],"items_purged":["Strike_R","Perfected Strike"],"gold":246,"score":771,"play_id":"e664b225-000a-4c40-bb9d-99017e3c3bab","local_time":"20180331125845","is_prod":false,"is_daily":false,"is_ascension_mode":false,"campfire_upgraded":11,"timestamp":1522522725,"path_taken":["M","?","M","?","?","R","M","R","T","E","$","?","R","M","R","BOSS","M","M","M","?","$","R","E","R","T","?","M","?","R","M","R","BOSS","M","M","?","?","?","R","M","$","T","?","?","M","R","M","R","BOSS"],"build_version":"2018-03-29v2","purchased_purges":2,"victory":true,"master_deck":["Bash+1","Inflame+1","Dropkick+1","Dropkick+1","Clash+1","Dropkick+1","Limit Break+1","Dual Wield+1","Metallicize+1","Feed+1","Reaper+1","Panache+1","Entrench+1","Madness","Madness+1"],"max_hp_per_floor":[80,80,80,80,80,80,80,80,80,87,87,87,87,87,87,87,87,87,87,87,87,87,87,87,87,87,87,91,95,95,95,95,95,100,100,104,104,104,104,104,104,104,104,108,108,112,112,112,112,112],"relics":["Burning Blood","Gremlin Horn","Strawberry","Astrolabe","Kunai","Meat on the Bone","Bag of Marbles","Tiny House","Regal Pillow"],"card_choices":[{"not_picked":["Pommel Strike","Body Slam"],"picked":"Inflame","floor":1.0},{"not_picked":["Uppercut","Carnage"],"picked":"Dropkick","floor":3.0},{"not_picked":["Impervious","Flame Barrier"],"picked":"Dropkick","floor":10.0},{"not_picked":["Thunderclap","Wild Strike"],"picked":"Clash","floor":12.0},{"not_picked":["Iron Wave","Headbutt"],"picked":"Dropkick","floor":14.0},{"not_picked":["Dark Embrace","Exhume"],"picked":"Limit Break","floor":16.0},{"not_picked":["Headbutt","Juggernaut"],"picked":"Feed","floor":24.0},{"not_picked":["Juggernaut","Immolate"],"picked":"Reaper","floor":33.0},{"not_picked":["Dramatic Entrance","Purity"],"picked":"Panache","floor":37.0},{"not_picked":["Dark Shackles","Bandage Up"],"picked":"Panache","floor":37.0}],"player_experience":601610,"potions_floor_usage":[50,50],"damage_taken":[{"damage":0.0,"enemies":"Small Slimes","floor":1.0,"turns":3.0},{"damage":6.0,"enemies":"Cultist","floor":3.0,"turns":3.0},{"damage":0.0,"enemies":"2 Louse","floor":4.0,"turns":2.0},{"damage":4.0,"enemies":"Large Slime","floor":7.0,"turns":4.0},{"damage":9.0,"enemies":"3 Sentries","floor":10.0,"turns":6.0},{"damage":8.0,"enemies":"Lots of Slimes","floor":12.0,"turns":3.0},{"damage":5.0,"enemies":"Exordium Thugs","floor":14.0,"turns":2.0},{"damage":0.0,"enemies":"Slime Boss","floor":16.0,"turns":6.0},{"damage":6.0,"enemies":"3 Byrds","floor":18.0,"turns":3.0},{"damage":21.0,"enemies":"Chosen","floor":19.0,"turns":4.0},{"damage":0.0,"enemies":"Snecko","floor":20.0,"turns":2.0},{"damage":33.0,"enemies":"Gremlin Leader","floor":24.0,"turns":5.0},{"damage":0.0,"enemies":"3 Cultists","floor":28.0,"turns":3.0},{"damage":16.0,"enemies":"Centurion and Healer","floor":29.0,"turns":2.0},{"damage":0.0,"enemies":"Snake Plant","floor":31.0,"turns":1.0},{"damage":47.0,"enemies":"Champ","floor":33.0,"turns":5.0},{"damage":56.0,"enemies":"3 Darklings","floor":35.0,"turns":6.0},{"damage":34.0,"enemies":"Orb Walker","floor":36.0,"turns":4.0},{"damage":40.0,"enemies":"Maw","floor":41.0,"turns":7.0},{"damage":3.0,"enemies":"4 Shapes","floor":44.0,"turns":1.0},{"damage":33,"enemies":"Sphere and 2 Shapes","floor":46,"turns":6},{"damage":45,"enemies":"Maw","floor":48,"turns":5},{"damage":176,"enemies":"Awakened One","floor":50,"turns":8}],"event_choices":[{"event_name":"Golden Wing","player_choice":"Card Removal","floor":2.0,"damage_taken":0.0},{"event_name":"The Cleric","player_choice":"Leave","floor":5.0,"damage_taken":0.0},{"event_name":"Purifier","player_choice":"One Purge","floor":21.0,"damage_taken":0.0},{"event_name":"SensoryStone","player_choice":"Memory 3","floor":37.0,"damage_taken":0.0},{"event_name":"Transmorgrifier","player_choice":"Transform","floor":38.0,"damage_taken":0.0},{"event_name":"Winding Halls","player_choice":"Embrace Madness","floor":39.0,"damage_taken":0.0}],"boss_relics":[],"potions_floor_spawned":[3,4,12,16,19,20,28,35,44,46],"seed_played":"-2604934810087260531","ascension_level":0,"is_trial":false}