{"path_per_floor":["M","M","M","$","?","R","?","R","T","M","M","M","M","$","R","B",null,"M","?","?","M","$","R","E","R","T","?","M","R","M"],"character_chosen":"IRONCLAD","items_purchased":["Inflame","Limit Break","Disarm"],"gold_per_floor":[117,130,140,62,62,62,126,126,153,172,185,196,210,57,57,134,134,151,151,151,161,123,123,152,152,230,230,243,243,253,253],"floor_reached":31,"campfire_rested":3,"playtime":803,"current_hp_per_floor":[69,68,71,71,76,76,76,76,76,74,76,74,60,60,60,23,66,45,45,45,20,20,44,18,44,44,44,16,42,26,0],"items_purged":["Strike_R"],"gold":253,"score":462,"play_id":"8d549b66-072d-4178-809b-4e8758e9c813","local_time":"20180402175503","is_prod":false,"is_daily":false,"is_ascension_mode":true,"campfire_upgraded":3,"timestamp":1522709703,"path_taken":["M","M","M","$","?","R","?","R","T","M","M","?","?","?","R","BOSS","M","?","?","M","$","R","E","R","T","?","?","R","M","M"],"build_version":"2018-03-29v2","purchased_purges":1,"victory":false,"master_deck":["Strike_R","Strike_R","Strike_R","Defend_R","Defend_R","Defend_R","Defend_R","Bash","AscendersBane","Brutality+1","Shockwave","Rupture+1","Blood for Blood","Inflame","Flex","Demon Form","Pommel Strike","Heavy Blade","Limit Break+1","Demon Form","Cleave","Flame Barrier","Disarm","Cleave","Seeing Red","Limit Break"],"max_hp_per_floor":[75,75,75,75,80,80,80,80,80,80,80,80,80,80,80,80,80,80,80,80,80,80,80,87,87,87,87,87,87,87,87],"relics":["Burning Blood","Bag of Preparation","Sozu","Strawberry","Toolbox"],"card_choices":[{"not_picked":["Iron Wave","Clash"],"picked":"Shockwave","floor":1.0},{"not_picked":["Perfected Strike","Sword Boomerang"],"picked":"Rupture","floor":2.0},{"not_picked":["Corruption","Body Slam"],"picked":"Blood for Blood","floor":3.0},{"not_picked":["Feel No Pain","Twin Strike"],"picked":"Flex","floor":10.0},{"not_picked":["Heavy Blade","Havoc"],"picked":"Demon Form","floor":11.0},{"not_picked":["Clash","Inflame"],"picked":"Pommel Strike","floor":12.0},{"not_picked":["Body Slam","Warcry"],"picked":"Heavy Blade","floor":13.0},{"not_picked":["Berserk","Juggernaut"],"picked":"Demon Form","floor":16.0},{"not_picked":["Body Slam","Anger"],"picked":"Cleave","floor":18},{"not_picked":["Carnage","Shrug It Off"],"picked":"Flame Barrier","floor":21},{"not_picked":["Thunderclap","Armaments"],"picked":"Cleave","floor":24},{"not_picked":["Heavy Blade","Thunderclap"],"picked":"Seeing Red","floor":28},{"not_picked":["Headbutt","Iron Wave"],"picked":"Limit Break","floor":30}],"player_experience":409124,"potions_floor_usage":[18,18],"damage_taken":[{"damage":5.0,"enemies":"2 Louse","floor":1.0,"turns":4.0},{"damage":7.0,"enemies":"Jaw Worm","floor":2.0,"turns":5.0},{"damage":3.0,"enemies":"Cultist","floor":3.0,"turns":4.0},{"damage":8.0,"enemies":"Looter","floor":10.0,"turns":3.0},{"damage":4.0,"enemies":"3 Louse","floor":11.0,"turns":4.0},{"damage":8.0,"enemies":"Red Slaver","floor":12.0,"turns":4.0},{"damage":20.0,"enemies":"Lots of Slimes","floor":13.0,"turns":4.0},{"damage":43.0,"enemies":"The Guardian","floor":16.0,"turns":7.0},{"damage":36,"enemies":"2 Thieves","floor":18,"turns":4},{"damage":31,"enemies":"Spheric Guardian","floor":21,"turns":4},{"damage":39,"enemies":"Book of Stabbing","floor":24,"turns":6},{"damage":34,"enemies":"Chosen and Byrds","floor":28,"turns":6},{"damage":22,"enemies":"Snake Plant","floor":30,"turns":6},{"damage":29,"enemies":"3 Cultists","floor":31,"turns":3}],"event_choices":[{"event_name":"Big Fish","player_choice":"Donut","floor":5.0,"damage_taken":0.0},{"event_name":"Golden Wing","player_choice":"Gained Gold","floor":7.0,"damage_taken":0.0},{"event_name":"Ghosts","player_choice":"Ignored","floor":19,"damage_taken":0},{"event_name":"N\u0027loth","player_choice":"Ignored","floor":20,"damage_taken":0},{"event_name":"Cursed Tome","player_choice":"Ignored","floor":27,"damage_taken":0}],"boss_relics":[],"potions_floor_spawned":[1,3,10,12,16,18,28,30],"seed_played":"-616596421005558237","killed_by":"3 Cultists","ascension_level":14,"is_trial":false}