{"path_per_floor":["M","M","$","M","M","R","E","R","T","E","R","?","?","M","R","B",null,"M","?","M","$","M","R","E","M","T","M","M","M","$","M","R","B",null,"M","M","M","$","M","R","?","R","T","M","M","?","R","M","R","B"],"character_chosen":"IRONCLAD","items_purchased":["Whirlwind","Inflame","Omamori","Offering","Blood Vial"],"gold_per_floor":[361,378,51,67,80,80,106,106,157,191,191,191,191,201,201,301,301,319,319,335,124,142,142,174,193,193,211,225,236,20,38,38,138,138,156,170,190,70,87,87,87,87,87,102,116,116,116,130,130,130],"floor_reached":51,"campfire_rested":2,"playtime":1715,"current_hp_per_floor":[72,71,71,71,64,64,43,43,43,49,49,49,16,15,36,15,72,67,67,72,72,45,45,37,35,35,23,29,31,31,25,46,18,72,68,63,72,72,71,71,62,62,62,72,63,63,63,72,72,44],"items_purged":["Defend_R","Strike_R","Strike_R","Searing Blow"],"gold":130,"score":710,"play_id":"03c99bb1-dc46-49df-98a3-55e3e6ec4a90","local_time":"20180327002730","is_prod":false,"is_daily":false,"is_ascension_mode":false,"campfire_upgraded":8,"timestamp":1522132050,"path_taken":["M","M","$","M","M","R","E","R","T","E","R","?","?","M","R","BOSS","M","?","M","$","M","R","E","M","T","M","M","M","$","M","R","BOSS","M","?","M","$","M","R","?","R","T","M","M","?","R","?","R","BOSS"],"build_version":"2018-03-22v2","purchased_purges":4,"victory":true,"master_deck":["Bash+1","Shrug It Off","Whirlwind+1","Inflame+1","Battle Trance","Flame Barrier","Seeing Red+1","Limit Break+1","Flex+1","Offering+1","Disarm","Double Tap+1","Reaper+1","Shockwave","Inflame","Metallicize","Pummel","Madness+1","Madness+1","Offering","Shrug It Off+1"],"max_hp_per_floor":[72,72,72,72,72,72,72,72,72,72,72,72,72,72,72,72,72,72,72,72,72,72,72,72,72,72,72,72,72,72,72,72,72,72,72,72,72,72,72,72,72,72,72,72,72,72,72,72,72,72],"relics":["Burning Blood","Omamori","The Courier","Bronze Scales","Orichalcum","Bag of Marbles","Velvet Choker","Matryoshka","Oddly Smooth Stone","Dream Catcher","Blood Vial","Pandora\u0027s Box","Whetstone","Regal Pillow"],"card_choices":[{"not_picked":["Iron Wave","Burning Pact"],"picked":"Shrug It Off","floor":1.0},{"not_picked":["Anger","Twin Strike"],"picked":"Battle Trance","floor":4.0},{"not_picked":["Pommel Strike","Dual Wield"],"picked":"Flame Barrier","floor":5.0},{"not_picked":["Power Through","Rampage"],"picked":"Seeing Red","floor":7.0},{"not_picked":["Brutality","Fiend Fire"],"picked":"Limit Break","floor":16.0},{"not_picked":["Sword Boomerang","Body Slam"],"picked":"Flex","floor":20.0},{"not_picked":["Perfected Strike","Hemokinesis"],"picked":"Disarm","floor":29},{"not_picked":["Havoc","Thunderclap"],"picked":"Double Tap","floor":31},{"not_picked":["Barricade","Exhume"],"picked":"Reaper","floor":33},{"not_picked":["Blood for Blood","Whirlwind"],"picked":"Offering","floor":44},{"not_picked":["Sever Soul","Wild Strike"],"picked":"Shrug It Off","floor":48}],"player_experience":581478,"potions_floor_usage":[24,25],"damage_taken":[{"damage":3.0,"enemies":"Small Slimes","floor":1.0,"turns":5.0},{"damage":7.0,"enemies":"Jaw Worm","floor":2.0,"turns":4.0},{"damage":6.0,"enemies":"Cultist","floor":4.0,"turns":3.0},{"damage":13.0,"enemies":"Gremlin Gang","floor":5.0,"turns":2.0},{"damage":42.0,"enemies":"Lagavulin","floor":7.0,"turns":6.0},{"damage":0.0,"enemies":"3 Sentries","floor":10.0,"turns":1.0},{"damage":7.0,"enemies":"Exordium Wildlife","floor":14.0,"turns":2.0},{"damage":27.0,"enemies":"The Guardian","floor":16.0,"turns":12.0},{"damage":11.0,"enemies":"Shell Parasite","floor":18.0,"turns":3.0},{"damage":0.0,"enemies":"3 Byrds","floor":20.0,"turns":1.0},{"damage":33.0,"enemies":"Slaver and Parasite","floor":22.0,"turns":3.0},{"damage":20,"enemies":"Slavers","floor":24,"turns":2},{"damage":8,"enemies":"Centurion and Healer","floor":25,"turns":3},{"damage":18,"enemies":"Slaver and Parasite","floor":27,"turns":3},{"damage":0,"enemies":"Cultist and Chosen","floor":28,"turns":2},{"damage":4,"enemies":"Snake Plant","floor":29,"turns":2},{"damage":14,"enemies":"Centurion and Healer","floor":31,"turns":2},{"damage":36,"enemies":"Collector","floor":33,"turns":6},{"damage":10,"enemies":"3 Darklings","floor":35,"turns":3},{"damage":13,"enemies":"3 Shapes","floor":36,"turns":1},{"damage":5,"enemies":"Sphere and 2 Shapes","floor":37,"turns":2},{"damage":7,"enemies":"3 Darklings","floor":39,"turns":3},{"damage":4,"enemies":"Maw","floor":44,"turns":4},{"damage":18,"enemies":"4 Shapes","floor":45,"turns":3},{"damage":8,"enemies":"3 Darklings","floor":48,"turns":2},{"damage":34,"enemies":"Time Eater","floor":50,"turns":5}],"event_choices":[{"event_name":"Living Wall","player_choice":"Forget","floor":12.0,"damage_taken":0.0},{"event_name":"Scrap Ooze","player_choice":"success","floor":13.0,"damage_taken":33.0},{"event_name":"Vampires","player_choice":"Ignored","floor":19.0,"damage_taken":0.0},{"event_name":"Winding Halls","player_choice":"Embrace Madness","floor":41,"damage_taken":0},{"event_name":"The Woman in Blue","player_choice":"Bought 0 Potions","floor":46,"damage_taken":0}],"boss_relics":[{"not_picked":["Lizard Tail","Black Star"],"picked":"Pandora\u0027s Box"}],"potions_floor_spawned":[2,5,7,14,16,18,25,27,28,37,39,48],"seed_played":"-1705470674188875516","ascension_level":0,"is_trial":false}