{"path_per_floor":["M","?","?","?","M","R","M","R","T","$","M","M","?","?","R","B",null,"M","M","?"],"character_chosen":"IRONCLAD","items_purchased":["Ancient Tea Set","Inflame"],"gold_per_floor":[210,210,210,210,225,225,244,244,244,28,42,60,40,65,65,159,197,218,243,493,493],"floor_reached":21,"campfire_rested":0,"playtime":531,"current_hp_per_floor":[67,72,72,60,64,64,62,62,62,62,56,57,57,57,57,63,76,73,60,60,0],"items_purged":[],"gold":493,"score":372,"play_id":"41c5ea56-6f68-43e6-931b-3c5c867a1294","local_time":"20180401162158","is_prod":false,"is_daily":false,"is_ascension_mode":true,"campfire_upgraded":3,"timestamp":1522617718,"path_taken":["M","?","?","?","M","R","M","R","T","$","M","?","?","?","R","BOSS","M","M","?","M"],"build_version":"2018-03-29v2","purchased_purges":1,"victory":false,"master_deck":["Strike_R","Strike_R","Strike_R","Strike_R","Strike_R","Defend_R","Defend_R","Defend_R","Defend_R","Bash+1","AscendersBane","Sword Boomerang+1","Clash","Inflame","Rage+1","Battle Trance","Clash","Demon Form+1","Flex","Shrug It Off","Regret"],"max_hp_per_floor":[75,80,74,74,74,74,74,74,74,74,74,74,74,74,74,74,79,79,79,79,79],"relics":["Burning Blood","Golden Idol","Vajra","Champion Belt","Ancient Tea Set","Odd Mushroom","Tiny House"],"card_choices":[{"not_picked":["Havoc","Sentinel"],"picked":"Sword Boomerang","floor":1},{"not_picked":["Headbutt","Twin Strike"],"picked":"Clash","floor":7},{"not_picked":["Shrug It Off","Perfected Strike"],"picked":"Rage","floor":11},{"not_picked":["Wild Strike","Headbutt"],"picked":"Battle Trance","floor":12},{"not_picked":["Clothesline","Ghostly Armor"],"picked":"Clash","floor":14},{"not_picked":["Dark Embrace","Immolate"],"picked":"Demon Form","floor":16},{"not_picked":["Uppercut","Sever Soul"],"picked":"Flex","floor":18},{"not_picked":["Clothesline","Twin Strike"],"picked":"Shrug It Off","floor":19}],"player_experience":401205,"potions_floor_usage":[16,16,19],"damage_taken":[{"damage":7,"enemies":"Small Slimes","floor":1,"turns":3},{"damage":2,"enemies":"Jaw Worm","floor":5,"turns":3},{"damage":8,"enemies":"2 Louse","floor":7,"turns":3},{"damage":12,"enemies":"Exordium Wildlife","floor":11,"turns":3},{"damage":5,"enemies":"3 Louse","floor":12,"turns":3},{"damage":6,"enemies":"The Mushroom Lair","floor":14,"turns":3},{"damage":0,"enemies":"Slime Boss","floor":16,"turns":5},{"damage":9,"enemies":"3 Byrds","floor":18,"turns":5},{"damage":19,"enemies":"Shell Parasite","floor":19,"turns":3},{"damage":77,"enemies":"3 Cultists","floor":21,"turns":5}],"event_choices":[{"event_name":"Big Fish","player_choice":"Donut","floor":2,"damage_taken":0},{"event_name":"Golden Idol","player_choice":"Lose Max HP","floor":3,"damage_taken":0},{"event_name":"Scrap Ooze","player_choice":"success","floor":4,"damage_taken":12},{"event_name":"The Woman in Blue","player_choice":"Bought 1 Potion","floor":13,"damage_taken":0},{"event_name":"Mushrooms","player_choice":"Fought Mushrooms","floor":14,"damage_taken":0},{"event_name":"Golden Shrine","player_choice":"Desecrate","floor":20,"damage_taken":0}],"boss_relics":[{"not_picked":["Pandora\u0027s Box","Runic Pyramid"],"picked":"Tiny House"}],"potions_floor_spawned":[7,12,14,16,18],"seed_played":"4508794479027187270","killed_by":"3 Cultists","ascension_level":14,"is_trial":false}