{"path_per_floor":["M","?","M","?","M","R","$","M","T","R","M","R","M","$","R","B",null,"M","M","?","T","M","R","M","E","T","R","M","R","$","M","R","B",null,"M","?","M","?","?","E","R","E","T","M","R","M","$","M","R","B"],"character_chosen":"IRONCLAD","items_purchased":["Clash","Strange Spoon","Pantograph"],"gold_per_floor":[10,10,22,22,41,41,15,28,58,58,69,69,83,8,8,104,104,114,134,134,134,147,147,166,194,220,220,235,235,27,39,39,135,135,146,146,164,211,211,242,242,276,276,286,286,303,56,68,68,68],"floor_reached":51,"campfire_rested":3,"playtime":2463,"current_hp_per_floor":[73,78,83,83,85,85,85,85,85,85,85,85,79,79,79,53,85,85,76,76,76,75,75,48,37,37,62,62,62,62,59,59,13,85,67,67,75,40,40,30,56,28,28,24,51,54,54,63,63,48],"items_purged":["Strike_R"],"gold":68,"score":770,"play_id":"84220171-231a-43cd-bd76-28734a8f832b","local_time":"20180325222240","is_prod":false,"is_daily":false,"is_ascension_mode":false,"campfire_upgraded":8,"timestamp":1522038160,"path_taken":["M","?","?","?","M","R","$","M","T","R","M","R","M","?","R","BOSS","M","M","?","?","M","R","M","E","T","R","?","R","$","M","R","BOSS","M","?","M","?","?","E","R","E","T","M","R","M","$","M","R","BOSS"],"build_version":"2018-03-22v2","purchased_purges":1,"victory":true,"master_deck":["Strike_R","Strike_R","Strike_R","Strike_R","Defend_R","Defend_R","Defend_R","Defend_R","Bash+1","Shrug It Off+1","Trip","Corruption+1","Clash+1","Disarm","Warcry","Bludgeon+1","Flame Barrier","Disarm+1","Fire Breathing","Iron Wave","Spot Weakness+1","Headbutt+1","Inflame+1","Feed","Heavy Blade+1","Disarm+1","Dropkick+1","Disarm+1","Havoc+1","Twin Strike+1"],"max_hp_per_floor":[80,85,85,85,85,85,85,85,85,85,85,85,85,85,85,85,85,85,85,85,85,85,85,85,85,85,85,85,85,85,85,85,85,85,85,85,88,88,88,88,88,88,88,91,91,94,94,94,94,94],"relics":["Burning Blood","Ice Cream","Tiny Chest","Mark of Pain","Bronze Scales","Lantern","Orichalcum","Strange Spoon","Snecko Eye","Unceasing Top","Shovel","Magic Flower","Charon\u0027s Ashes","Pantograph"],"card_choices":[{"not_picked":["Flex","Sever Soul"],"picked":"Shrug It Off","floor":3},{"not_picked":["Bloodletting","Twin Strike"],"picked":"Corruption","floor":5},{"not_picked":["Burning Pact","Pommel Strike"],"picked":"Disarm","floor":11},{"not_picked":["Blood for Blood","Wild Strike"],"picked":"Warcry","floor":13},{"not_picked":["Fiend Fire","Berserk"],"picked":"Bludgeon","floor":16},{"not_picked":["Combust","Twin Strike"],"picked":"Flame Barrier","floor":18},{"not_picked":["True Grit","Shockwave"],"picked":"Disarm","floor":19},{"not_picked":["Shrug It Off","Havoc"],"picked":"Fire Breathing","floor":22},{"not_picked":["Twin Strike","Carnage"],"picked":"Iron Wave","floor":24},{"not_picked":["Battle Trance","Power Through"],"picked":"Spot Weakness","floor":25},{"not_picked":["Burning Pact","Cleave"],"picked":"Headbutt","floor":28},{"not_picked":["Dual Wield","Twin Strike"],"picked":"Inflame","floor":31},{"not_picked":["Reaper","Fiend Fire"],"picked":"Feed","floor":33},{"not_picked":["Body Slam","Perfected Strike"],"picked":"Heavy Blade","floor":35},{"not_picked":["Burning Pact","Flame Barrier"],"picked":"Disarm","floor":37},{"not_picked":["Rupture","Infernal Blade"],"picked":"Dropkick","floor":40},{"not_picked":["Twin Strike","Power Through"],"picked":"Disarm","floor":44},{"not_picked":["Anger","Twin Strike"],"picked":"Havoc","floor":46},{"not_picked":["Dropkick","Sever Soul"],"picked":"Twin Strike","floor":48}],"player_experience":579015,"potions_floor_usage":[33,42,50,50,50],"damage_taken":[{"damage":13,"enemies":"Jaw Worm","floor":1,"turns":3},{"damage":1,"enemies":"2 Louse","floor":3,"turns":4},{"damage":0,"enemies":"Small Slimes","floor":5,"turns":3},{"damage":0,"enemies":"Red Slaver","floor":8,"turns":3},{"damage":0,"enemies":"Looter","floor":11,"turns":3},{"damage":12,"enemies":"Gremlin Gang","floor":13,"turns":5},{"damage":32,"enemies":"Slime Boss","floor":16,"turns":8},{"damage":2,"enemies":"Shell Parasite","floor":18,"turns":3},{"damage":15,"enemies":"Spheric Guardian","floor":19,"turns":5},{"damage":7,"enemies":"Centurion and Healer","floor":22,"turns":6},{"damage":33,"enemies":"Chosen and Byrds","floor":24,"turns":6},{"damage":17,"enemies":"Book of Stabbing","floor":25,"turns":5},{"damage":6,"enemies":"Snake Plant","floor":28,"turns":5},{"damage":9,"enemies":"Snecko","floor":31,"turns":3},{"damage":52,"enemies":"Champ","floor":33,"turns":9},{"damage":24,"enemies":"3 Darklings","floor":35,"turns":5},{"damage":1,"enemies":"Orb Walker","floor":37,"turns":3},{"damage":41,"enemies":"Mysterious Sphere","floor":38,"turns":3},{"damage":16,"enemies":"Giant Head","floor":40,"turns":7},{"damage":34,"enemies":"2 Orb Walkers","floor":42,"turns":4},{"damage":18,"enemies":"4 Shapes","floor":44,"turns":4},{"damage":11,"enemies":"3 Darklings","floor":46,"turns":4},{"damage":0,"enemies":"Maw","floor":48,"turns":6},{"damage":55,"enemies":"Awakened One","floor":50,"turns":10}],"event_choices":[{"event_name":"Big Fish","player_choice":"Donut","floor":2,"damage_taken":0},{"event_name":"Match and Keep!","player_choice":"1 cards matched","floor":4,"damage_taken":0},{"event_name":"Vampires","player_choice":"Ignored","floor":20,"damage_taken":0},{"event_name":"Tomb of Lord Red Mask","player_choice":"Ignored","floor":36,"damage_taken":0},{"event_name":"Mysterious Sphere","player_choice":"Fight","floor":38,"damage_taken":0},{"event_name":"Upgrade Shrine","player_choice":"Upgraded","floor":39,"damage_taken":0}],"boss_relics":[{"not_picked":["Runic Dome","White Beast Statue"],"picked":"Mark of Pain"},{"not_picked":["Sozu","Runic Cube"],"picked":"Snecko Eye"}],"potions_floor_spawned":[1,3,13,22,25,31,33,38,46,48],"seed_played":"-4534800203825860171","ascension_level":0,"is_trial":false}