{"path_per_floor":["M","?","$","?","M","R","M","R","T","R","$","R","M","M","R","B",null,"M","$","M","?","$","?","R","?","T","$"],"character_chosen":"IRONCLAD","items_purchased":["Entrench","Barricade","Oddly Smooth Stone"],"gold_per_floor":[110,110,38,38,58,58,72,72,372,372,148,148,162,132,132,257,257,241,98,112,112,12,12,12,12,12,12,12],"floor_reached":28,"campfire_rested":0,"playtime":989,"current_hp_per_floor":[69,49,49,42,30,30,36,36,36,36,36,36,31,31,31,49,72,67,67,66,66,66,66,66,50,64,64,0],"items_purged":["Strike_R","Strike_R"],"gold":12,"score":429,"play_id":"fa18cb1f-24da-4889-bf74-9907fda66e86","local_time":"20180329201905","is_prod":false,"is_daily":false,"is_ascension_mode":true,"campfire_upgraded":6,"timestamp":1522369145,"path_taken":["M","?","$","?","?","R","M","R","T","R","?","R","M","M","R","BOSS","M","$","M","?","$","?","R","?","T","$","E"],"build_version":"2018-03-22v2","purchased_purges":2,"victory":false,"master_deck":["Strike_R","Strike_R","Defend_R","Defend_R","Defend_R","Defend_R","Bash","AscendersBane","Body Slam+1","Entrench+1","Shrug It Off+1","Ghostly Armor","Barricade+1","Shrug It Off+1","True Grit+1","Pommel Strike","Iron Wave+1","Body Slam"],"max_hp_per_floor":[80,80,80,80,80,80,80,80,80,80,80,80,80,80,80,80,80,80,80,80,80,80,80,80,80,94,94,94],"relics":["Burning Blood","Prayer Wheel","Bloody Idol","Old Coin","Orrery","Oddly Smooth Stone","Nilry\u0027s Codex","Mango"],"card_choices":[{"not_picked":["Rupture","Shockwave"],"picked":"Body Slam","floor":1},{"not_picked":["Entrench","Uppercut"],"picked":"Shrug It Off","floor":5},{"not_picked":["Clothesline","Dark Embrace"],"picked":"Ghostly Armor","floor":9},{"not_picked":["Searing Blow","Pommel Strike"],"picked":"Shrug It Off","floor":14},{"not_picked":["Wild Strike","Fire Breathing"],"picked":"True Grit","floor":17},{"not_picked":["True Grit","Dropkick"],"picked":"Pommel Strike","floor":17},{"not_picked":["Sentinel","Thunderclap"],"picked":"Iron Wave","floor":20},{"not_picked":["Perfected Strike","Anger"],"picked":"Body Slam","floor":26}],"player_experience":465981,"potions_floor_usage":[16,16,28],"damage_taken":[{"damage":9,"enemies":"2 Louse","floor":1,"turns":4},{"damage":18,"enemies":"Jaw Worm","floor":5,"turns":5},{"damage":0,"enemies":"Cultist","floor":7,"turns":4},{"damage":11,"enemies":"Exordium Wildlife","floor":13,"turns":6},{"damage":6,"enemies":"Looter","floor":14,"turns":4},{"damage":0,"enemies":"The Guardian","floor":16,"turns":16},{"damage":11,"enemies":"2 Thieves","floor":18,"turns":4},{"damage":7,"enemies":"Shell Parasite","floor":20,"turns":15},{"damage":64,"enemies":"Slavers","floor":28,"turns":11}],"event_choices":[{"event_name":"Golden Idol","player_choice":"Take Damage","floor":2,"damage_taken":0},{"event_name":"Golden Wing","player_choice":"Card Removal","floor":4,"damage_taken":0},{"event_name":"Forgotten Altar","player_choice":"Gave Idol","floor":21,"damage_taken":0},{"event_name":"The Mausoleum","player_choice":"No","floor":23,"damage_taken":0},{"event_name":"Cursed Tome","player_choice":"Obtained Book","floor":25,"damage_taken":0}],"boss_relics":[{"not_picked":["Black Star","Pandora\u0027s Box"],"picked":"Orrery"}],"potions_floor_spawned":[1,13,20],"seed_played":"-5349985559570805401","killed_by":"Slavers","ascension_level":11,"is_trial":false}