{"path_per_floor":["M","$","?","M","$","R","E","R","T","M","E","T","M","M","R","B",null,"M","?","M","M","$","R","E","M","T","R","$","?","M","M","R","B",null,"M","?","?","M","$"],"character_chosen":"IRONCLAD","items_purchased":["Whirlwind","Bronze Scales","Flame Barrier","Anchor","Pen Nib","Bag of Marbles"],"gold_per_floor":[218,28,178,198,42,42,103,103,150,161,195,195,207,221,221,293,293,312,312,330,343,195,195,223,238,265,265,21,21,40,53,53,130,130,147,147,147,162,14,14],"floor_reached":40,"campfire_rested":2,"playtime":1342,"current_hp_per_floor":[70,70,70,65,65,65,56,56,56,62,62,62,66,72,72,23,62,66,66,72,68,68,68,25,29,29,51,51,51,43,49,71,12,59,61,61,75,75,75,0],"items_purged":["Doubt","Strike_R"],"gold":14,"score":728,"play_id":"6c5dd400-ca6b-4d42-83e7-f09e7b1036c6","local_time":"20180414100257","is_prod":false,"is_daily":false,"chose_seed":false,"is_ascension_mode":true,"campfire_upgraded":4,"timestamp":1523718177,"path_taken":["M","$","?","M","$","R","E","R","T","?","E","?","M","M","R","BOSS","M","?","M","?","$","R","E","M","T","R","$","?","M","M","R","BOSS","M","?","?","M","$","E"],"build_version":"2018-04-12","seed_source_timestamp":0,"purchased_purges":3,"victory":false,"master_deck":["Strike_R+1","Strike_R+1","Strike_R+1","Strike_R+1","Defend_R+1","Defend_R+1","Defend_R+1","Defend_R+1","Bash+1","AscendersBane","True Grit+1","Whirlwind+1","Flame Barrier+1","Power Through","Feed","True Grit","Seeing Red","Offering","Finesse"],"max_hp_per_floor":[75,75,75,75,75,75,75,75,75,75,75,75,75,75,75,75,75,75,75,75,75,75,75,75,75,75,75,75,75,75,75,75,75,75,75,75,75,75,75,75],"relics":["Burning Blood","Bronze Scales","Tiny Chest","Omamori","Darkstone Periapt","Thread and Needle","Sozu","Anchor","Vajra","Bag of Preparation","Pen Nib","Mark of Pain","Bag of Marbles"],"card_choices":[{"not_picked":["Havoc","Combust"],"picked":"True Grit","floor":1.0},{"not_picked":["Anger","True Grit"],"picked":"Power Through","floor":11.0},{"not_picked":["Limit Break","Juggernaut"],"picked":"Feed","floor":16.0},{"not_picked":["Cleave","Dual Wield"],"picked":"True Grit","floor":20.0},{"not_picked":["Impervious","Brutality"],"picked":"Offering","floor":33},{"not_picked":["Madness","Enlightenment"],"picked":"Finesse","floor":36}],"player_experience":453301,"potions_floor_usage":[],"damage_taken":[{"damage":4.0,"enemies":"2 Louse","floor":1.0,"turns":3.0},{"damage":11.0,"enemies":"Jaw Worm","floor":4.0,"turns":4.0},{"damage":15.0,"enemies":"3 Sentries","floor":7.0,"turns":6.0},{"damage":0.0,"enemies":"Cultist","floor":10.0,"turns":3.0},{"damage":6.0,"enemies":"Gremlin Nob","floor":11.0,"turns":4.0},{"damage":2.0,"enemies":"Exordium Wildlife","floor":13.0,"turns":4.0},{"damage":0.0,"enemies":"3 Louse","floor":14.0,"turns":3.0},{"damage":55.0,"enemies":"Slime Boss","floor":16.0,"turns":13.0},{"damage":2.0,"enemies":"Shell Parasite","floor":18.0,"turns":5.0},{"damage":0.0,"enemies":"Spheric Guardian","floor":20.0,"turns":3.0},{"damage":10,"enemies":"Centurion and Healer","floor":21,"turns":8},{"damage":49,"enemies":"Gremlin Leader","floor":24,"turns":8},{"damage":2,"enemies":"Snake Plant","floor":25,"turns":3},{"damage":14,"enemies":"3 Cultists","floor":30,"turns":6},{"damage":0,"enemies":"Snecko","floor":31,"turns":4},{"damage":65,"enemies":"Collector","floor":33,"turns":10},{"damage":4,"enemies":"Orb Walker","floor":35,"turns":1},{"damage":4,"enemies":"3 Darklings","floor":38,"turns":1},{"damage":99,"enemies":"2 Orb Walkers","floor":40,"turns":6}],"event_choices":[{"event_name":"Liars Game","player_choice":"agreed","floor":3.0,"damage_taken":0.0},{"event_name":"Back to Basics","player_choice":"Simplicity","floor":19.0,"damage_taken":0.0},{"event_name":"The Library","player_choice":"Read","floor":29,"damage_taken":0},{"event_name":"SensoryStone","player_choice":"Memory 1","floor":36,"damage_taken":0},{"event_name":"Winding Halls","player_choice":"Writhe","floor":37,"damage_taken":0}],"boss_relics":[{"not_picked":["Runic Pyramid","Black Star"],"picked":"Mark of Pain"}],"potions_floor_spawned":[4,7,10,16,18,25,30,33,38],"seed_played":"-7023300215389929953","killed_by":"2 Orb Walkers","ascension_level":15,"is_trial":false}