{"path_per_floor":["M","M","M","M","M","R","?","?","T","M","M","M","M","E","R","B",null,"M","M","M","M","?","M","M","$","T","M","M","?","M","M","R"],"character_chosen":"IRONCLAD","items_purchased":["Finesse","Perfected Strike","Flex"],"gold_per_floor":[114,130,143,163,175,175,125,155,155,165,183,195,209,234,234,333,333,333,333,333,333,258,258,258,13,13,13,13,13,13,13,13,13],"floor_reached":33,"campfire_rested":1,"playtime":2438,"current_hp_per_floor":[80,80,80,80,80,80,80,80,80,78,80,80,80,70,70,57,80,77,79,70,57,57,60,54,54,54,54,39,39,53,46,70,0],"items_purged":["Defend_R"],"gold":13,"score":263,"play_id":"aa7d9d3d-1867-4aa7-9172-709b396081c4","local_time":"20180416232318","is_prod":false,"is_daily":false,"chose_seed":false,"is_ascension_mode":false,"campfire_upgraded":2,"timestamp":1523917398,"path_taken":["M","M","M","M","M","R","?","?","T","M","M","M","M","E","R","BOSS","M","M","M","M","?","M","M","$","T","M","?","?","M","M","R","BOSS"],"build_version":"2018-04-12","seed_source_timestamp":254723999450074,"purchased_purges":1,"victory":false,"master_deck":["Strike_R","Strike_R","Strike_R","Defend_R","Defend_R","Defend_R","Bash","Fiend Fire","Reckless Charge","Anger","Carnage+1","Headbutt","Flex+1","Sever Soul","Fire Breathing","Intimidate","Rage","Berserk","Clash+1","Whirlwind","Anger","Shrug It Off","Perfected Strike+1","Double Tap","Finesse","Perfected Strike","Flex","Battle Trance"],"max_hp_per_floor":[80,80,80,80,80,80,80,80,80,80,80,80,80,80,80,80,80,80,80,80,80,80,80,80,80,80,80,80,80,80,80,80,80],"relics":["Burning Blood","Orichalcum","Meat on the Bone","Ancient Tea Set","Ectoplasm","Nloth\u0027s Gift"],"card_choices":[{"not_picked":["Iron Wave","Pommel Strike"],"picked":"Reckless Charge","floor":1},{"not_picked":["Infernal Blade","Thunderclap"],"picked":"Anger","floor":2},{"not_picked":["Disarm","Cleave"],"picked":"Carnage","floor":3},{"not_picked":["Intimidate","Rupture"],"picked":"Headbutt","floor":4},{"not_picked":["Clothesline","Body Slam"],"picked":"Flex","floor":5},{"not_picked":["Heavy Blade","Rampage"],"picked":"Sever Soul","floor":10},{"not_picked":["Rampage","Flex"],"picked":"Fire Breathing","floor":11},{"not_picked":["Carnage","Pummel"],"picked":"Intimidate","floor":13},{"not_picked":["Blood for Blood","Pummel"],"picked":"Rage","floor":14},{"not_picked":["Demon Form","Feed"],"picked":"Berserk","floor":16},{"not_picked":["Sword Boomerang","Disarm"],"picked":"Clash","floor":18},{"not_picked":["Twin Strike","Thunderclap"],"picked":"Whirlwind","floor":19},{"not_picked":["Ghostly Armor","Entrench"],"picked":"Anger","floor":20},{"not_picked":["Body Slam","Corruption"],"picked":"Shrug It Off","floor":21},{"not_picked":["Armaments","Blood for Blood"],"picked":"Perfected Strike","floor":23},{"not_picked":["Clothesline","Thunderclap"],"picked":"Double Tap","floor":24},{"not_picked":["Carnage","Infernal Blade"],"picked":"Battle Trance","floor":30}],"player_experience":5620,"potions_floor_usage":[14,14,16,30,33,33,33],"damage_taken":[{"damage":3,"enemies":"2 Louse","floor":1,"turns":2},{"damage":6,"enemies":"Jaw Worm","floor":2,"turns":4},{"damage":5,"enemies":"Small Slimes","floor":3,"turns":3},{"damage":5,"enemies":"3 Louse","floor":4,"turns":4},{"damage":4,"enemies":"Blue Slaver","floor":5,"turns":3},{"damage":8,"enemies":"Red Slaver","floor":10,"turns":2},{"damage":0,"enemies":"2 Fungi Beasts","floor":11,"turns":2},{"damage":2,"enemies":"Gremlin Gang","floor":12,"turns":4},{"damage":6,"enemies":"Blue Slaver","floor":13,"turns":2},{"damage":16,"enemies":"Lagavulin","floor":14,"turns":4},{"damage":19,"enemies":"Slime Boss","floor":16,"turns":11},{"damage":9,"enemies":"3 Byrds","floor":18,"turns":5},{"damage":4,"enemies":"Spheric Guardian","floor":19,"turns":3},{"damage":15,"enemies":"3 Cultists","floor":20,"turns":4},{"damage":31,"enemies":"Snake Plant","floor":21,"turns":5},{"damage":3,"enemies":"Snecko","floor":23,"turns":4},{"damage":12,"enemies":"Slaver and Parasite","floor":24,"turns":5},{"damage":6,"enemies":"3 Cultists","floor":27,"turns":4},{"damage":33,"enemies":"Cultist and Chosen","floor":28,"turns":6},{"damage":4,"enemies":"Sentry and Sphere","floor":30,"turns":4},{"damage":25,"enemies":"Snake Plant","floor":31,"turns":3},{"damage":85,"enemies":"Automaton","floor":33,"turns":6}],"event_choices":[{"event_name":"The Cleric","player_choice":"Card Removal","floor":7,"damage_taken":0},{"event_name":"Dead Adventurer","player_choice":"Searched \u00273\u0027 times","floor":8,"damage_taken":0},{"event_name":"Beggar","player_choice":"Gave Gold","floor":22,"damage_taken":0},{"event_name":"N\u0027loth","player_choice":"Traded a Dodecahedron","floor":29,"damage_taken":0}],"boss_relics":[{"not_picked":["Cursed Key","Runic Pyramid"],"picked":"Ectoplasm"}],"potions_floor_spawned":[4,5,10,11,13,18,19,20,23,30,31],"seed_played":"-5681531029119707742","killed_by":"Automaton","ascension_level":0,"is_trial":false}