{"path_per_floor":["M","M","?","T","?","R","E","R","T","?","M","E","$","E","R","B",null,"M","?","$","?","?","R","E","T","T","E","?","R","M","E","R","B",null,"M","M","M","?","$","R","E","R","T","?","R","?","M","?","R","B"],"character_chosen":"IRONCLAD","items_purchased":["Panache","Battle Trance","Feel No Pain","Havoc","Panache"],"gold_per_floor":[109,119,196,196,196,196,223,223,223,223,237,271,0,25,25,99,99,115,115,8,8,8,8,33,33,33,64,64,64,83,109,109,184,184,204,222,233,233,32,32,62,62,62,62,62,0,15,15,15,15],"floor_reached":51,"campfire_rested":3,"playtime":2678,"current_hp_per_floor":[63,68,68,68,67,67,29,69,69,69,77,69,69,28,69,39,75,60,60,60,39,39,80,86,86,86,65,65,65,55,61,61,37,81,80,98,100,82,82,82,101,101,101,101,101,101,104,94,94,24],"items_purged":[],"gold":15,"score":1375,"play_id":"cf93b9cf-9514-473a-a126-9a2dbbb1c304","local_time":"20180411041645","is_prod":false,"is_daily":false,"is_ascension_mode":true,"campfire_upgraded":7,"timestamp":1523413005,"path_taken":["M","M","?","?","?","R","E","R","T","?","M","E","?","E","R","BOSS","M","?","$","?","?","R","E","?","T","E","?","R","M","E","R","BOSS","M","M","M","?","$","R","E","R","T","?","R","?","M","?","R","BOSS"],"build_version":"2018-04-05v2","purchased_purges":1,"victory":true,"master_deck":["Strike_R","Strike_R","Strike_R","Defend_R+1","Defend_R+1","Defend_R","Defend_R","Bash","AscendersBane","Immolate","Feel No Pain+1","Shrug It Off+1","Wild Strike","Regret","Wild Strike+1","Panache","Battle Trance+1","Second Wind+1","Barricade+1","True Grit+1","Feel No Pain+1","Havoc+1","True Grit+1","Infernal Blade+1","Demon Form+1","Reaper+1","Entrench+1","Madness+1","Madness+1","Panache+1","Evolve+1","Deep Breath+1","Jack Of All Trades+1","Purity+1"],"max_hp_per_floor":[75,75,75,75,85,85,85,85,85,85,87,87,87,87,87,87,87,87,87,87,87,87,87,89,89,89,96,96,96,96,96,96,96,96,96,98,100,100,100,100,102,102,102,102,102,102,104,104,104,104],"relics":["Burning Blood","Regal Pillow","Pear","Meat on the Bone","Oddly Smooth Stone","Singing Bowl","Molten Egg 2","Toxic Egg 2","Mark of Pain","Enchiridion","Frozen Egg 2","Bag of Preparation","Paper Frog","Strawberry","Prayer Wheel","Black Star","Omamori","Pen Nib","Bird Faced Urn","Red Mask"],"card_choices":[{"not_picked":["Intimidate","Body Slam"],"picked":"Feel No Pain","floor":1},{"not_picked":["Body Slam","Rage"],"picked":"Shrug It Off","floor":2},{"not_picked":["Evolve","Corruption"],"picked":"Wild Strike","floor":7},{"not_picked":["Flex","Juggernaut"],"picked":"Wild Strike","floor":12},{"not_picked":["Blood for Blood","Combust"],"picked":"Second Wind","floor":14},{"not_picked":["Reaper","Berserk"],"picked":"Barricade","floor":16},{"not_picked":["Headbutt","Shrug It Off"],"picked":"True Grit","floor":18},{"not_picked":["Ghostly Armor","Clash"],"picked":"True Grit","floor":27},{"not_picked":["Clothesline","Heavy Blade"],"picked":"Infernal Blade","floor":30},{"not_picked":["Thunderclap","Spot Weakness"],"picked":"Demon Form","floor":31},{"not_picked":["Exhume","Demon Form"],"picked":"Reaper","floor":33},{"not_picked":["Body Slam","Warcry"],"picked":"Entrench","floor":35},{"not_picked":["Flex","Heavy Blade"],"picked":"Evolve","floor":43},{"not_picked":["Trip","Panacea"],"picked":"Deep Breath","floor":48},{"not_picked":["Dramatic Entrance","Madness"],"picked":"Jack Of All Trades","floor":48},{"not_picked":["Dramatic Entrance","Trip"],"picked":"Purity","floor":48}],"player_experience":385410,"potions_floor_usage":[7,16,18,24,24,27,36,50,50],"damage_taken":[{"damage":11,"enemies":"Jaw Worm","floor":1,"turns":4},{"damage":1,"enemies":"2 Louse","floor":2,"turns":4},{"damage":44,"enemies":"Lagavulin","floor":7,"turns":6},{"damage":0,"enemies":"Cultist","floor":11,"turns":5},{"damage":14,"enemies":"3 Sentries","floor":12,"turns":7},{"damage":59,"enemies":"Lagavulin","floor":14,"turns":7},{"damage":48,"enemies":"Slime Boss","floor":16,"turns":14},{"damage":33,"enemies":"3 Byrds","floor":18,"turns":8},{"damage":14,"enemies":"Gremlin Leader","floor":24,"turns":8},{"damage":46,"enemies":"Slavers","floor":27,"turns":11},{"damage":16,"enemies":"Shell Parasite","floor":30,"turns":6},{"damage":0,"enemies":"Gremlin Leader","floor":31,"turns":13},{"damage":42,"enemies":"Collector","floor":33,"turns":12},{"damage":7,"enemies":"Orb Walker","floor":35,"turns":4},{"damage":7,"enemies":"3 Shapes","floor":36,"turns":11},{"damage":26,"enemies":"Maw","floor":37,"turns":12},{"damage":10,"enemies":"Giant Head","floor":41,"turns":11},{"damage":2,"enemies":"4 Shapes","floor":47,"turns":5},{"damage":134,"enemies":"Awakened One","floor":50,"turns":19}],"event_choices":[{"event_name":"Golden Wing","player_choice":"Gained Gold","floor":3,"damage_taken":0},{"event_name":"Scrap Ooze","player_choice":"success","floor":5,"damage_taken":11},{"event_name":"Big Fish","player_choice":"Box","floor":10,"damage_taken":0},{"event_name":"The Lab","player_choice":"Got Potions","floor":19,"damage_taken":0},{"event_name":"Cursed Tome","player_choice":"Obtained Book","floor":21,"damage_taken":0},{"event_name":"Ghosts","player_choice":"Ignored","floor":22,"damage_taken":0},{"event_name":"Drug Dealer","player_choice":"Ignored","floor":28,"damage_taken":0},{"event_name":"Winding Halls","player_choice":"Embrace Madness","floor":38,"damage_taken":0},{"event_name":"Tomb of Lord Red Mask","player_choice":"Paid","floor":46,"damage_taken":0},{"event_name":"SensoryStone","player_choice":"Memory 3","floor":48,"damage_taken":0}],"boss_relics":[{"not_picked":["Astrolabe","Runic Pyramid"],"picked":"Mark of Pain"},{"not_picked":["Philosopher\u0027s Stone","Runic Cube"],"picked":"Black Star"}],"potions_floor_spawned":[1,2,16,18,33,37,41],"seed_played":"8797159840905613090","ascension_level":15,"is_trial":false}