{"path_per_floor":["M","?","?","?","M","E","M","R","T","E","R","T","M","?","R","B",null,"M","$","?","M","?"],"character_chosen":"IRONCLAD","items_purchased":[],"gold_per_floor":[99,99,99,99,99,99,99,99,99,99,99,99,99,49,49,49,49,0,0,0,0,0,0],"floor_reached":23,"campfire_rested":1,"playtime":603,"current_hp_per_floor":[60,44,37,63,63,45,39,63,63,55,55,55,53,53,53,19,72,55,55,55,39,70,0],"items_purged":[],"gold":0,"score":305,"play_id":"64c03531-f347-4bff-ab7f-930ef49a2f6d","local_time":"20180413225948","is_prod":false,"is_daily":false,"chose_seed":false,"is_ascension_mode":true,"campfire_upgraded":2,"timestamp":1523674788,"path_taken":["M","?","?","?","M","E","M","R","T","E","R","?","M","?","R","BOSS","M","$","?","M","?","E"],"build_version":"2018-04-12","seed_source_timestamp":261600404684000,"purchased_purges":0,"victory":false,"master_deck":["Strike_R","Strike_R","Strike_R+1","Strike_R","Strike_R","Defend_R+1","Defend_R+1","Defend_R+1","Bash+1","AscendersBane","Clothesline","Infernal Blade","Feel No Pain+1","Shrug It Off","Offering","Barricade","Decay","Parasite"],"max_hp_per_floor":[80,80,80,80,80,80,80,80,80,87,87,87,89,89,89,89,89,91,91,91,93,93,93],"relics":["Ectoplasm","The Courier","War Paint","Ancient Tea Set","Strawberry","Singing Bowl","Calling Bell","Happy Flower","Question Card","Ginger"],"card_choices":[{"not_picked":["Heavy Blade","Dual Wield"],"picked":"Clothesline","floor":1},{"not_picked":["Headbutt","Clothesline"],"picked":"Infernal Blade","floor":5},{"not_picked":["Anger","Shockwave"],"picked":"Feel No Pain","floor":6},{"not_picked":["Corruption","Pommel Strike"],"picked":"Shrug It Off","floor":7},{"not_picked":["Combust","Pummel"],"picked":"Offering","floor":10},{"not_picked":["Limit Break","Juggernaut"],"picked":"Barricade","floor":16}],"player_experience":279686,"potions_floor_usage":[16,16,18],"damage_taken":[{"damage":12,"enemies":"Jaw Worm","floor":1,"turns":3},{"damage":0,"enemies":"2 Louse","floor":5,"turns":3},{"damage":18,"enemies":"Gremlin Nob","floor":6,"turns":3},{"damage":6,"enemies":"Small Slimes","floor":7,"turns":2},{"damage":15,"enemies":"Lagavulin","floor":10,"turns":7},{"damage":4,"enemies":"Blue Slaver","floor":13,"turns":2},{"damage":34,"enemies":"Slime Boss","floor":16,"turns":12},{"damage":28,"enemies":"2 Thieves","floor":18,"turns":4},{"damage":18,"enemies":"Spheric Guardian","floor":21,"turns":6},{"damage":71,"enemies":"Slavers","floor":23,"turns":8}],"event_choices":[{"event_name":"Shining Light","player_choice":"Entered Light","floor":2,"damage_taken":0},{"event_name":"Scrap Ooze","player_choice":"success","floor":3,"damage_taken":7},{"event_name":"Big Fish","player_choice":"Banana","floor":4,"damage_taken":0},{"event_name":"The Cleric","player_choice":"Card Removal","floor":14,"damage_taken":0},{"event_name":"Back to Basics","player_choice":"Elegance","floor":20,"damage_taken":0},{"event_name":"The Library","player_choice":"Heal","floor":22,"damage_taken":0}],"boss_relics":[{"not_picked":["White Beast Statue","Runic Dome"],"picked":"Calling Bell"}],"potions_floor_spawned":[6,13,16],"seed_played":"-5329989722043343263","killed_by":"Slavers","ascension_level":11,"is_trial":false}