{"path_per_floor":["M","M","M","$","M","R","E","?","T","?","M","$","R","M","R","B",null,"M","?","M","$","M","R","M","M","T","R","?","R","M","M","R","B",null,"M","$","M","$","?","E","M","M","T","M","$","R","M","M","R"],"character_chosen":"IRONCLAD","items_purchased":["Metallicize","Rampage","Lantern","Shrug It Off","Rupture","Burning Pact","Metallicize","Infernal Blade","Strawberry","Brutality"],"gold_per_floor":[114,128,138,21,41,41,69,244,268,329,339,63,63,73,73,177,177,190,190,207,53,67,67,86,97,121,121,121,121,140,157,157,252,252,269,23,40,40,40,71,88,108,132,152,6,6,17,30,30,30],"floor_reached":50,"campfire_rested":7,"playtime":4665,"current_hp_per_floor":[80,80,80,80,60,80,54,54,54,39,43,43,43,47,71,63,80,67,51,52,52,47,47,23,15,15,39,39,63,51,44,68,13,80,58,65,50,50,72,49,43,43,43,27,27,53,24,27,53,0],"items_purged":["Doubt"],"gold":30,"score":530,"play_id":"f03afba7-90e5-402a-8980-33cec932c788","local_time":"20180413214322","is_prod":false,"is_daily":false,"chose_seed":false,"is_ascension_mode":false,"campfire_upgraded":2,"timestamp":1523670202,"path_taken":["M","M","M","$","M","R","E","?","T","?","M","$","R","M","R","BOSS","M","?","M","$","M","R","?","M","T","R","?","R","M","M","R","BOSS","M","$","M","$","?","E","M","M","T","?","?","R","?","M","R","BOSS"],"build_version":"2018-04-12","seed_source_timestamp":19401680166563,"purchased_purges":1,"victory":false,"master_deck":["Strike_R","Strike_R","Strike_R","Strike_R+1","Strike_R","Defend_R","Defend_R","Defend_R","Defend_R","Bash","Inflame","Pommel Strike","Warcry","Metallicize+1","Rampage+1","Shrug It Off","Clash","Clothesline","Combust+1","Shrug It Off","Anger","Demon Form+1","Warcry+1","Shrug It Off","Rupture+1","Burning Pact+1","Cleave","Metallicize+1","Heavy Blade+1","Twin Strike","Carnage+1","Barricade+1","Blood for Blood","Metallicize+1","Infernal Blade","Metallicize+1","Writhe","Burning Pact+1","Rage","Searing Blow+1","Regret","Thunderclap+1","Brutality+1","Heavy Blade"],"max_hp_per_floor":[80,80,80,80,80,80,80,80,80,80,80,80,80,80,80,80,80,80,80,80,80,80,80,80,80,80,80,80,80,80,80,80,80,80,80,87,87,87,87,87,87,87,87,87,87,87,87,87,87,87],"relics":["Burning Blood","NeowsBlessing","Bronze Scales","Whetstone","Frozen Egg 2","Lantern","Snecko Eye","Nilry\u0027s Codex","Bag of Preparation","Cursed Key","Strawberry","Bottled Tornado","Pen Nib"],"card_choices":[{"not_picked":["Flame Barrier","Power Through"],"picked":"Inflame","floor":1},{"not_picked":["Iron Wave","Heavy Blade"],"picked":"Pommel Strike","floor":2},{"not_picked":["Entrench","Perfected Strike"],"picked":"Warcry","floor":3},{"not_picked":["Carnage","Body Slam"],"picked":"Shrug It Off","floor":5},{"not_picked":["Body Slam","Anger"],"picked":"Clash","floor":7},{"not_picked":["Heavy Blade","Flex"],"picked":"Clothesline","floor":10},{"not_picked":["Body Slam","Impervious"],"picked":"Combust","floor":11},{"not_picked":["Flex","Bloodletting"],"picked":"Anger","floor":14},{"not_picked":["Dark Embrace","Offering"],"picked":"Demon Form","floor":16},{"not_picked":["Blood for Blood","Hemokinesis"],"picked":"Warcry","floor":18},{"not_picked":["Warcry","Cleave"],"picked":"Shrug It Off","floor":20},{"not_picked":["Reckless Charge","Headbutt"],"picked":"Cleave","floor":22},{"not_picked":["Headbutt","Reckless Charge"],"picked":"Metallicize","floor":24},{"not_picked":["Whirlwind","Armaments"],"picked":"Heavy Blade","floor":25},{"not_picked":["Entrench","Reaper"],"picked":"Twin Strike","floor":30},{"not_picked":["Warcry","Blood for Blood"],"picked":"Carnage","floor":31},{"not_picked":["Feed","Dark Embrace"],"picked":"Barricade","floor":33},{"not_picked":["Sever Soul","Anger"],"picked":"Blood for Blood","floor":35},{"not_picked":["Power Through","Flex"],"picked":"Metallicize","floor":37},{"not_picked":["Flex","Dropkick"],"picked":"Burning Pact","floor":40},{"not_picked":["Second Wind","Warcry"],"picked":"Rage","floor":41},{"not_picked":["Iron Wave","Clothesline"],"picked":"Searing Blow","floor":42},{"not_picked":["Corruption","Anger"],"picked":"Thunderclap","floor":44},{"not_picked":["Perfected Strike","Armaments"],"picked":"Heavy Blade","floor":47}],"player_experience":10779,"potions_floor_usage":[22,25,25,33,33,50,50,50],"damage_taken":[{"damage":0,"enemies":"Small Slimes","floor":1,"turns":1},{"damage":0,"enemies":"Jaw Worm","floor":2,"turns":1},{"damage":0,"enemies":"2 Louse","floor":3,"turns":1},{"damage":26,"enemies":"Exordium Wildlife","floor":5,"turns":4},{"damage":32,"enemies":"Lagavulin","floor":7,"turns":8},{"damage":21,"enemies":"3 Sentries","floor":10,"turns":8},{"damage":2,"enemies":"Looter","floor":11,"turns":3},{"damage":2,"enemies":"2 Fungi Beasts","floor":14,"turns":3},{"damage":14,"enemies":"Slime Boss","floor":16,"turns":8},{"damage":19,"enemies":"Chosen","floor":18,"turns":4},{"damage":5,"enemies":"Shell Parasite","floor":20,"turns":4},{"damage":17,"enemies":"Sentry and Sphere","floor":22,"turns":5},{"damage":30,"enemies":"Centurion and Healer","floor":24,"turns":6},{"damage":14,"enemies":"Snake Plant","floor":25,"turns":4},{"damage":18,"enemies":"Chosen and Byrds","floor":30,"turns":5},{"damage":13,"enemies":"Cultist and Chosen","floor":31,"turns":6},{"damage":61,"enemies":"Automaton","floor":33,"turns":8},{"damage":28,"enemies":"3 Darklings","floor":35,"turns":4},{"damage":21,"enemies":"Orb Walker","floor":37,"turns":3},{"damage":29,"enemies":"Nemesis","floor":40,"turns":5},{"damage":12,"enemies":"Maw","floor":41,"turns":8},{"damage":6,"enemies":"Sphere and 2 Shapes","floor":42,"turns":6},{"damage":22,"enemies":"4 Shapes","floor":44,"turns":6},{"damage":35,"enemies":"3 Darklings","floor":47,"turns":5},{"damage":3,"enemies":"Sphere and 2 Shapes","floor":48,"turns":4},{"damage":53,"enemies":"Awakened One","floor":50,"turns":3}],"event_choices":[{"event_name":"Liars Game","player_choice":"agreed","floor":8,"damage_taken":0},{"event_name":"Dead Adventurer","player_choice":"Searched \u00272\u0027 times","floor":10,"damage_taken":0},{"event_name":"Cursed Tome","player_choice":"Obtained Book","floor":19,"damage_taken":0},{"event_name":"The Lab","player_choice":"Got Potions","floor":28,"damage_taken":0},{"event_name":"Winding Halls","player_choice":"Writhe","floor":39,"damage_taken":0}],"boss_relics":[{"not_picked":["Sozu","Runic Pyramid"],"picked":"Snecko Eye"},{"not_picked":["White Beast Statue","Velvet Choker"],"picked":"Cursed Key"}],"potions_floor_spawned":[1,2,10,14,20,24,31,33,40,48],"seed_played":"-2484885817698231168","killed_by":"Awakened One","ascension_level":0,"is_trial":false}