{"path_per_floor":["M","?","?","?","$","R","?","M","T","M","R","$","E","?","R","B",null,"M","M","?","M","M","E","R","M","T","?","R","$","$","E","R"],"character_chosen":"IRONCLAD","items_purchased":["Corruption","Armaments","Du-Vu Doll","Molten Egg 2"],"gold_per_floor":[114,114,64,64,64,64,64,78,103,119,119,0,33,33,33,156,156,177,190,390,411,424,489,489,509,583,583,583,20,20,58,58,58],"floor_reached":33,"campfire_rested":4,"playtime":1336,"current_hp_per_floor":[64,64,64,64,64,64,69,55,55,45,45,45,41,41,64,36,68,64,64,64,55,43,32,55,22,22,22,45,45,45,16,39,0],"items_purged":[],"gold":58,"score":422,"play_id":"5dbe733f-0935-4df0-a576-d58613a1ea4b","local_time":"20180407194719","is_prod":false,"is_daily":false,"is_ascension_mode":true,"campfire_upgraded":2,"timestamp":1523144839,"path_taken":["M","?","?","?","$","R","?","M","T","?","R","?","E","?","R","BOSS","M","M","?","?","M","E","R","M","T","?","R","?","$","E","R","BOSS"],"build_version":"2018-04-05v2","purchased_purges":0,"victory":false,"master_deck":["Strike_R","Strike_R","Strike_R","Strike_R","Defend_R","Defend_R","Defend_R","Bash+1","AscendersBane","Demon Form+1","Impervious","Dual Wield","Corruption","Armaments","Shockwave","Cleave","Cleave","Battle Trance","Shrug It Off","Flex","Disarm+1","Havoc+1","Shrug It Off+1","Shrug It Off+1"],"max_hp_per_floor":[80,80,80,74,74,74,79,79,79,79,79,79,79,79,79,79,79,79,79,79,79,79,79,79,79,79,79,79,79,79,79,79,79],"relics":["Snecko Eye","Golden Idol","Pen Nib","Oddly Smooth Stone","Orrery","Tiny Chest","Pantograph","Du-Vu Doll","Molten Egg 2","Thread and Needle"],"card_choices":[{"not_picked":["Wild Strike","Entrench"],"picked":"Demon Form","floor":1.0},{"not_picked":["True Grit","Searing Blow"],"picked":"Dual Wield","floor":8.0},{"not_picked":["Headbutt","Wild Strike"],"picked":"Shockwave","floor":13.0},{"not_picked":["Thunderclap","Iron Wave"],"picked":"Cleave","floor":17.0},{"not_picked":["Pommel Strike","Metallicize"],"picked":"Cleave","floor":17.0},{"not_picked":["Brutality","Anger"],"picked":"Battle Trance","floor":17.0},{"not_picked":["Sword Boomerang","Brutality"],"picked":"Shrug It Off","floor":17.0},{"not_picked":["Armaments","Clash"],"picked":"Flex","floor":18.0},{"not_picked":["Hemokinesis","True Grit"],"picked":"Disarm","floor":19.0},{"not_picked":["Fire Breathing","Body Slam"],"picked":"Havoc","floor":21.0},{"not_picked":["Immolate","Clothesline"],"picked":"Shrug It Off","floor":23.0},{"not_picked":["Twin Strike","Thunderclap"],"picked":"Shrug It Off","floor":25.0}],"player_experience":226084,"potions_floor_usage":[33],"damage_taken":[{"damage":8.0,"enemies":"2 Louse","floor":1.0,"turns":4.0},{"damage":14.0,"enemies":"Jaw Worm","floor":8.0,"turns":3.0},{"damage":10.0,"enemies":"Small Slimes","floor":10.0,"turns":3.0},{"damage":4.0,"enemies":"Gremlin Nob","floor":13.0,"turns":4.0},{"damage":28.0,"enemies":"The Guardian","floor":16.0,"turns":7.0},{"damage":4.0,"enemies":"Shell Parasite","floor":18.0,"turns":4.0},{"damage":0.0,"enemies":"3 Byrds","floor":19.0,"turns":4.0},{"damage":9.0,"enemies":"Snecko","floor":21.0,"turns":5.0},{"damage":12.0,"enemies":"Snake Plant","floor":22.0,"turns":4.0},{"damage":11.0,"enemies":"Book of Stabbing","floor":23.0,"turns":4.0},{"damage":33.0,"enemies":"Centurion and Healer","floor":25.0,"turns":8.0},{"damage":29.0,"enemies":"Slavers","floor":31.0,"turns":5.0},{"damage":77,"enemies":"Collector","floor":33,"turns":7}],"event_choices":[{"event_name":"Living Wall","player_choice":"Change","floor":2.0,"damage_taken":0.0},{"event_name":"The Cleric","player_choice":"Card Removal","floor":3.0,"damage_taken":0.0},{"event_name":"Golden Idol","player_choice":"Lose Max HP","floor":4.0,"damage_taken":0.0},{"event_name":"Big Fish","player_choice":"Donut","floor":7.0,"damage_taken":0.0},{"event_name":"Liars Game","player_choice":"disagreed","floor":14.0,"damage_taken":0.0},{"event_name":"Wheel of Change","player_choice":"Gold","floor":20.0,"damage_taken":0.0},{"event_name":"The Lab","player_choice":"Got Potions","floor":27.0,"damage_taken":0.0}],"boss_relics":[],"potions_floor_spawned":[1,10,18,23,31],"seed_played":"3888264843500839724","killed_by":"Collector","ascension_level":10,"is_trial":false}