{"path_per_floor":["M","$","?","M","?","R","?","M","T","M","R","$","R","E","R","B",null,"M","?","M","?","?","R","M","R","T","M","M"],"character_chosen":"IRONCLAD","items_purchased":["Feel No Pain","Whirlwind","Disarm"],"gold_per_floor":[113,3,3,13,13,13,88,104,104,123,123,2,2,31,31,107,107,125,125,139,139,139,139,153,153,153,167,178,178],"floor_reached":29,"campfire_rested":2,"playtime":997,"current_hp_per_floor":[74,74,67,70,70,70,59,61,61,58,58,58,58,59,59,35,65,28,28,18,18,18,40,35,57,57,24,14,0],"items_purged":["Strike_R"],"gold":178,"score":389,"play_id":"01de91b3-1a24-4135-970b-23eafaf3a5ec","local_time":"20180417012337","is_prod":false,"is_daily":false,"chose_seed":false,"is_ascension_mode":true,"campfire_upgraded":4,"timestamp":1523921017,"path_taken":["M","$","?","M","?","R","?","M","T","M","R","?","R","E","R","BOSS","M","?","M","?","?","R","M","R","T","M","?","M"],"build_version":"2018-04-12","seed_source_timestamp":50087060961443,"purchased_purges":1,"victory":false,"master_deck":["Strike_R","Strike_R","Strike_R","Defend_R","Defend_R","Defend_R","Defend_R","Bash","AscendersBane","Shrug It Off","Feel No Pain+1","Whirlwind","Body Slam","Dual Wield+1","Demon Form+1","Disarm+1","Clothesline","Barricade","Infernal Blade","Flame Barrier","Sword Boomerang"],"max_hp_per_floor":[75,75,75,75,75,75,75,75,75,75,75,75,75,75,75,75,75,75,75,75,75,75,75,75,75,75,75,75,75],"relics":["Burning Blood","Smiling Mask","Question Card","Sozu","Spirit Poop","Blue Candle"],"card_choices":[{"not_picked":["Power Through","Cleave"],"picked":"Shrug It Off","floor":1},{"not_picked":["Warcry","Armaments"],"picked":"Body Slam","floor":4},{"not_picked":["Iron Wave","Cleave"],"picked":"Dual Wield","floor":8},{"not_picked":["Rampage","Whirlwind"],"picked":"Demon Form","floor":10},{"not_picked":["Power Through","Pommel Strike"],"picked":"Clothesline","floor":14},{"not_picked":["Dark Embrace","Feed","Berserk"],"picked":"Barricade","floor":16},{"not_picked":["Rampage","Anger","Dual Wield"],"picked":"Infernal Blade","floor":20},{"not_picked":["Whirlwind","Clothesline","Headbutt"],"picked":"Flame Barrier","floor":24},{"not_picked":["Flex","Spot Weakness","Sentinel"],"picked":"Sword Boomerang","floor":27}],"player_experience":419544,"potions_floor_usage":[14,14,16,28,28],"damage_taken":[{"damage":0,"enemies":"Small Slimes","floor":1,"turns":3},{"damage":3,"enemies":"2 Louse","floor":4,"turns":4},{"damage":4,"enemies":"Jaw Worm","floor":8,"turns":6},{"damage":9,"enemies":"Blue Slaver","floor":10,"turns":8},{"damage":5,"enemies":"3 Sentries","floor":14,"turns":9},{"damage":30,"enemies":"Hexaghost","floor":16,"turns":13},{"damage":43,"enemies":"Spheric Guardian","floor":18,"turns":7},{"damage":16,"enemies":"Chosen","floor":20,"turns":7},{"damage":11,"enemies":"Snecko","floor":24,"turns":6},{"damage":39,"enemies":"Sentry and Sphere","floor":27,"turns":9},{"damage":16,"enemies":"Snake Plant","floor":28,"turns":6},{"damage":22,"enemies":"Slaver and Parasite","floor":29,"turns":1}],"event_choices":[{"event_name":"Golden Wing","player_choice":"Card Removal","floor":3,"damage_taken":0},{"event_name":"The Cleric","player_choice":"Leave","floor":5,"damage_taken":0},{"event_name":"World of Goop","player_choice":"Gather Gold","floor":7,"damage_taken":0},{"event_name":"Ghosts","player_choice":"Ignored","floor":19,"damage_taken":0},{"event_name":"Forgotten Altar","player_choice":"Smashed Altar","floor":21,"damage_taken":0},{"event_name":"Bonfire Elementals","player_choice":"CURSE","floor":22,"damage_taken":0}],"boss_relics":[{"not_picked":["Pandora\u0027s Box","Philosopher\u0027s Stone"],"picked":"Sozu"}],"potions_floor_spawned":[1,14,16,24,27],"seed_played":"-7152461597638077237","killed_by":"Slaver and Parasite","ascension_level":15,"is_trial":false}