{"path_per_floor":["M","M","?","M","?","R","M","T","T","$","R","E","?","?","R","B",null,"M","?","?","$","M","R","E","R","T","T","?","M","E","M","R","B",null,"M","?","M","T","?"],"character_chosen":"IRONCLAD","items_purchased":["Flash of Steel","Ancient Tea Set"],"gold_per_floor":[110,129,129,146,221,221,232,256,283,112,112,141,141,141,141,239,239,259,259,259,4,18,18,56,56,112,112,112,130,169,194,194,283,283,296,629,648,699,699,699],"floor_reached":40,"campfire_rested":3,"playtime":1088,"current_hp_per_floor":[66,66,66,53,42,42,33,33,33,33,55,42,42,42,62,32,59,59,59,59,59,62,62,63,63,63,63,63,66,56,59,83,19,67,67,67,70,70,65,0],"items_purged":["Regret","Regret"],"gold":699,"score":760,"play_id":"6ac006ec-9244-408c-a574-47c126e4e0bf","local_time":"20180415165447","is_prod":false,"is_daily":false,"chose_seed":false,"is_ascension_mode":true,"campfire_upgraded":3,"timestamp":1523829287,"path_taken":["M","M","?","M","?","R","M","?","T","$","R","E","?","?","R","BOSS","M","?","?","?","M","R","E","R","T","?","?","M","E","M","R","BOSS","M","?","M","?","?","E"],"build_version":"2018-04-12","seed_source_timestamp":73183633408780,"purchased_purges":2,"victory":false,"master_deck":["Strike_R+1","Strike_R+1","Strike_R+1","Strike_R+1","Strike_R+1","Defend_R+1","Defend_R+1","Defend_R+1","Defend_R+1","Bash+1","AscendersBane","Writhe","Shrug It Off","Clothesline","Cleave","Flash of Steel","Thunderclap","Feed","Whirlwind+1","Inflame+1","True Grit+1","Feel No Pain","Dual Wield+1","Impervious+1","Demon Form","Bloodletting+1","Panache","Swift Strike"],"max_hp_per_floor":[75,75,75,75,75,75,75,75,75,75,75,75,68,68,68,68,68,71,71,71,71,74,74,77,77,77,77,77,80,80,83,83,83,83,83,83,86,86,86,86],"relics":["Calling Bell","Bag of Preparation","Champion Belt","Thread and Needle","Toolbox","Vajra","Anchor","Lantern","Runic Dome","Ancient Tea Set","Sundial","Tiny Chest","Ginger","Toxic Egg 2","Mark of Pain","Omamori"],"card_choices":[{"not_picked":["Flex","Dual Wield"],"picked":"Shrug It Off","floor":1},{"not_picked":["Fire Breathing","Power Through"],"picked":"Clothesline","floor":2},{"not_picked":["Perfected Strike","Sentinel"],"picked":"Cleave","floor":7},{"not_picked":["Perfected Strike","Entrench"],"picked":"Thunderclap","floor":12},{"not_picked":["Double Tap","Dark Embrace"],"picked":"Feed","floor":16},{"not_picked":["Iron Wave","Inflame"],"picked":"Whirlwind","floor":18},{"not_picked":["Clash","Heavy Blade"],"picked":"Inflame","floor":22},{"not_picked":["Shrug It Off","Twin Strike"],"picked":"True Grit","floor":24},{"not_picked":["Clash","Clothesline"],"picked":"Dual Wield","floor":29},{"not_picked":["Corruption","Headbutt"],"picked":"Impervious","floor":30},{"not_picked":["Juggernaut","Offering"],"picked":"Demon Form","floor":33},{"not_picked":["Cleave","Clash"],"picked":"Bloodletting","floor":35},{"not_picked":["Deep Breath","Swift Strike"],"picked":"Panache","floor":39},{"not_picked":["Jack Of All Trades","Sadistic Nature"],"picked":"Swift Strike","floor":39}],"player_experience":468309,"potions_floor_usage":[12,18,30,37,40],"damage_taken":[{"damage":2,"enemies":"2 Louse","floor":1,"turns":3},{"damage":0,"enemies":"Small Slimes","floor":2,"turns":3},{"damage":13,"enemies":"Jaw Worm","floor":4,"turns":4},{"damage":9,"enemies":"Blue Slaver","floor":7,"turns":4},{"damage":13,"enemies":"Lagavulin","floor":12,"turns":5},{"damage":30,"enemies":"Slime Boss","floor":16,"turns":10},{"damage":3,"enemies":"Chosen","floor":18,"turns":4},{"damage":0,"enemies":"Spheric Guardian","floor":22,"turns":3},{"damage":2,"enemies":"Slavers","floor":24,"turns":3},{"damage":0,"enemies":"Snecko","floor":29,"turns":2},{"damage":10,"enemies":"Book of Stabbing","floor":30,"turns":5},{"damage":0,"enemies":"Snake Plant","floor":31,"turns":3},{"damage":64,"enemies":"Collector","floor":33,"turns":12},{"damage":0,"enemies":"Orb Walker","floor":35,"turns":3},{"damage":0,"enemies":"3 Shapes","floor":37,"turns":5},{"damage":68,"enemies":"Nemesis","floor":40,"turns":6}],"event_choices":[{"event_name":"Big Fish","player_choice":"Box","floor":3,"damage_taken":0},{"event_name":"World of Goop","player_choice":"Gather Gold","floor":5,"damage_taken":0},{"event_name":"Golden Idol","player_choice":"Lose Max HP","floor":13,"damage_taken":0},{"event_name":"Living Wall","player_choice":"Forget","floor":14,"damage_taken":0},{"event_name":"Vampires","player_choice":"Ignored","floor":19,"damage_taken":0},{"event_name":"Back to Basics","player_choice":"Simplicity","floor":20,"damage_taken":0},{"event_name":"The Library","player_choice":"Read","floor":28,"damage_taken":0},{"event_name":"The Moai Head","player_choice":"Gave Idol","floor":36,"damage_taken":0},{"event_name":"SensoryStone","player_choice":"Memory 2","floor":39,"damage_taken":0}],"boss_relics":[{"not_picked":["Runic Pyramid","Ectoplasm"],"picked":"Runic Dome"},{"not_picked":["Pandora\u0027s Box","Snecko Eye"],"picked":"Mark of Pain"}],"potions_floor_spawned":[2,4,12,22,30,35],"seed_played":"8264863234525179646","killed_by":"Nemesis","ascension_level":15,"is_trial":false}