{"path_per_floor":["M","M","M","$","?","R","$","R","T","R","$","M","E","M","R","B",null,"M","?","M","$","M","E","R","M","T","?","M","R","E","M","R","B",null,"M","?","?","?","?","E","M","T","T","R","?","E","$","M","R"],"character_chosen":"IRONCLAD","items_purchased":["Shockwave","Limit Break","Metallicize","Mummified Hand","Disarm","Weak Potion"],"gold_per_floor":[118,137,157,14,14,14,14,14,40,40,40,51,85,98,98,200,200,213,213,225,46,61,122,122,140,140,140,152,152,186,197,197,300,300,314,314,314,314,314,347,361,361,361,361,361,396,24,34,34,34],"floor_reached":50,"campfire_rested":6,"playtime":2260,"current_hp_per_floor":[56,56,39,39,23,47,47,71,71,71,71,51,35,31,55,35,69,57,57,43,43,43,14,38,38,38,64,49,73,42,32,56,31,68,43,43,43,33,53,18,28,28,28,40,40,45,45,62,74,0],"items_purged":["Defend_R"],"gold":34,"score":870,"play_id":"059f5794-d070-4330-8971-16475352e2cf","local_time":"20180406214721","is_prod":false,"is_daily":false,"is_ascension_mode":true,"campfire_upgraded":2,"timestamp":1523065641,"path_taken":["M","?","M","$","?","R","$","R","T","R","?","?","E","M","R","BOSS","M","?","M","$","M","E","R","?","T","?","M","R","E","M","R","BOSS","M","?","?","?","?","E","?","?","T","R","?","E","?","M","R","BOSS"],"build_version":"2018-04-05v2","purchased_purges":2,"victory":false,"master_deck":["Strike_R+1","Strike_R","Defend_R","Defend_R+1","Bash","AscendersBane","Dark Embrace+1","Inflame+1","Metallicize+1","Headbutt","Heavy Blade+1","Metallicize+1","Shockwave","Cleave","Dual Wield","Corruption","Impervious","Warcry+1","Limit Break+1","Metallicize","Inflame+1","Infernal Blade","Reaper","Battle Trance+1","Finesse","Bandage Up+1","Flex","Whirlwind","Clumsy","Parasite","Disarm","Armaments+1"],"max_hp_per_floor":[80,80,80,80,80,80,80,80,80,80,80,80,80,80,80,80,80,80,80,80,80,80,80,80,80,80,80,80,80,80,80,80,80,80,80,80,80,80,80,80,80,80,80,80,80,80,80,80,80,80],"relics":["Astrolabe","Omamori","Ice Cream","Cursed Key","Tiny Chest","Champion Belt","Charon\u0027s Ashes","Eternal Feather","War Paint","Red Skull","Girya","Gremlin Horn","Mummified Hand"],"card_choices":[{"not_picked":["Fiend Fire","Searing Blow"],"picked":"Headbutt","floor":1},{"not_picked":["Reckless Charge","Twin Strike"],"picked":"Heavy Blade","floor":2},{"not_picked":["Carnage","Armaments"],"picked":"Metallicize","floor":3},{"not_picked":["Headbutt","Armaments"],"picked":"Cleave","floor":12},{"not_picked":["Carnage","Immolate"],"picked":"Dual Wield","floor":13},{"not_picked":["Rampage","Pommel Strike"],"picked":"Corruption","floor":14},{"not_picked":["Feed","Fiend Fire"],"picked":"Impervious","floor":16},{"not_picked":["Body Slam","Pommel Strike"],"picked":"Warcry","floor":18},{"not_picked":["Intimidate","Fire Breathing"],"picked":"Inflame","floor":28},{"not_picked":["Evolve","Ghostly Armor"],"picked":"Infernal Blade","floor":30},{"not_picked":["Offering","Immolate"],"picked":"Reaper","floor":33},{"not_picked":["Thunderclap","Pommel Strike"],"picked":"Battle Trance","floor":35},{"not_picked":["Purity","Dark Shackles"],"picked":"Finesse","floor":38},{"not_picked":["Good Instincts","Dramatic Entrance"],"picked":"Finesse","floor":38},{"not_picked":["Blind","Panacea"],"picked":"Bandage Up","floor":38},{"not_picked":["Armaments","Shockwave"],"picked":"Flex","floor":40},{"not_picked":["Headbutt","Body Slam"],"picked":"Whirlwind","floor":41},{"not_picked":["Corruption","Pommel Strike"],"picked":"Armaments","floor":48}],"player_experience":219138,"potions_floor_usage":[16,18,20,30,33,33,33,50,50,50],"damage_taken":[{"damage":16,"enemies":"Cultist","floor":1,"turns":4},{"damage":0,"enemies":"2 Louse","floor":2,"turns":4},{"damage":17,"enemies":"Small Slimes","floor":3,"turns":3},{"damage":20,"enemies":"Exordium Wildlife","floor":12,"turns":4},{"damage":16,"enemies":"3 Sentries","floor":13,"turns":5},{"damage":4,"enemies":"Exordium Thugs","floor":14,"turns":6},{"damage":20,"enemies":"Slime Boss","floor":16,"turns":7},{"damage":12,"enemies":"Shell Parasite","floor":18,"turns":3},{"damage":14,"enemies":"2 Thieves","floor":20,"turns":4},{"damage":0,"enemies":"Cultist and Chosen","floor":22,"turns":5},{"damage":29,"enemies":"Gremlin Leader","floor":23,"turns":7},{"damage":0,"enemies":"Snecko","floor":25,"turns":5},{"damage":15,"enemies":"3 Cultists","floor":28,"turns":5},{"damage":31,"enemies":"Slavers","floor":30,"turns":6},{"damage":10,"enemies":"Centurion and Healer","floor":31,"turns":5},{"damage":25,"enemies":"Collector","floor":33,"turns":6},{"damage":45,"enemies":"3 Darklings","floor":35,"turns":5},{"damage":54,"enemies":"Nemesis","floor":40,"turns":9},{"damage":14,"enemies":"3 Shapes","floor":41,"turns":3},{"damage":41,"enemies":"Giant Head","floor":46,"turns":7},{"damage":0,"enemies":"Maw","floor":48,"turns":6},{"damage":105,"enemies":"Donu and Deca","floor":50,"turns":5}],"event_choices":[{"event_name":"Shining Light","player_choice":"Entered Light","floor":5,"damage_taken":0},{"event_name":"Purifier","player_choice":"One Purge","floor":19,"damage_taken":0},{"event_name":"The Library","player_choice":"Heal","floor":27,"damage_taken":0},{"event_name":"Mysterious Sphere","player_choice":"Ignore","floor":36,"damage_taken":0},{"event_name":"Tomb of Lord Red Mask","player_choice":"Ignored","floor":37,"damage_taken":0},{"event_name":"SensoryStone","player_choice":"Memory 3","floor":38,"damage_taken":0},{"event_name":"Winding Halls","player_choice":"Writhe","floor":39,"damage_taken":0}],"boss_relics":[{"not_picked":["Lizard Tail","Snecko Eye"],"picked":"Cursed Key"},{"not_picked":["Philosopher\u0027s Stone","Runic Cube"],"picked":"Eternal Feather"}],"potions_floor_spawned":[2,14,16,18,28,30,31,46,48],"seed_played":"8483616603482806892","killed_by":"Donu and Deca","ascension_level":10,"is_trial":false}