{"path_per_floor":["M","?","?","M","?","R","E","R","T","E","$","T","M","M","R","B",null,"M","?","M","$","M","R"],"character_chosen":"IRONCLAD","items_purchased":["Rampage"],"gold_per_floor":[113,38,38,52,52,52,83,83,138,167,11,57,70,86,86,158,158,168,83,103,3,19,19,19],"floor_reached":24,"campfire_rested":0,"playtime":653,"current_hp_per_floor":[74,74,74,75,70,70,75,75,75,73,73,73,75,77,77,52,71,73,80,76,76,62,62,0],"items_purged":["Strike_R","Strike_R"],"gold":19,"score":401,"play_id":"b2dcaeef-ddb9-49b0-9c96-41dd292bc2be","local_time":"20180417141023","is_prod":false,"is_daily":false,"chose_seed":false,"is_ascension_mode":true,"campfire_upgraded":4,"timestamp":1523967023,"path_taken":["M","?","?","M","?","R","E","R","T","E","$","?","M","?","R","BOSS","M","?","M","$","M","R","E"],"build_version":"2018-04-12","seed_source_timestamp":10802002891895,"purchased_purges":2,"victory":false,"master_deck":["Strike_R","Defend_R","Defend_R","Defend_R","Defend_R","Bash","AscendersBane","Pommel Strike","Clash","Immolate+1","Metallicize+1","Inflame","Rampage+1","Disarm","Demon Form","Shrug It Off","True Grit+1"],"max_hp_per_floor":[75,75,75,75,75,75,75,75,75,75,75,75,75,77,77,77,77,79,86,86,86,86,86,86],"relics":["Burning Blood","NeowsBlessing","Singing Bowl","Pen Nib","Tiny Chest","Meat on the Bone","Anchor","Mark of Pain","Strawberry"],"card_choices":[{"not_picked":["Bloodletting","Warcry"],"picked":"Pommel Strike","floor":1},{"not_picked":["Thunderclap","Pommel Strike"],"picked":"Immolate","floor":4},{"not_picked":["Heavy Blade","Rupture"],"picked":"Metallicize","floor":7},{"not_picked":["Warcry","Blood for Blood"],"picked":"Inflame","floor":10},{"not_picked":["Flex","Uppercut"],"picked":"Disarm","floor":13},{"not_picked":["Berserk","Offering"],"picked":"Demon Form","floor":16},{"not_picked":["Clash","Reckless Charge"],"picked":"Shrug It Off","floor":20},{"not_picked":["Ghostly Armor","Disarm"],"picked":"True Grit","floor":22}],"player_experience":430018,"potions_floor_usage":[10,16,20,24],"damage_taken":[{"damage":0,"enemies":"Small Slimes","floor":1,"turns":1},{"damage":0,"enemies":"2 Louse","floor":4,"turns":1},{"damage":0,"enemies":"Gremlin Nob","floor":7,"turns":1},{"damage":20,"enemies":"3 Sentries","floor":10,"turns":7},{"damage":0,"enemies":"Cultist","floor":13,"turns":3},{"damage":0,"enemies":"Red Slaver","floor":14,"turns":5},{"damage":31,"enemies":"Slime Boss","floor":16,"turns":9},{"damage":6,"enemies":"Shell Parasite","floor":18,"turns":4},{"damage":10,"enemies":"3 Byrds","floor":20,"turns":5},{"damage":20,"enemies":"Centurion and Healer","floor":22,"turns":8},{"damage":63,"enemies":"Book of Stabbing","floor":24,"turns":7}],"event_choices":[{"event_name":"The Cleric","player_choice":"Card Removal","floor":2,"damage_taken":0},{"event_name":"Transmorgrifier","player_choice":"Transform","floor":3,"damage_taken":0},{"event_name":"Scrap Ooze","player_choice":"success","floor":5,"damage_taken":5},{"event_name":"Addict","player_choice":"Obtained Relic","floor":19,"damage_taken":0}],"boss_relics":[{"not_picked":["Black Star","Ectoplasm"],"picked":"Mark of Pain"}],"potions_floor_spawned":[1,7,10,16,22],"seed_played":"-5128927597605025328","killed_by":"Book of Stabbing","ascension_level":15,"is_trial":false}