{"path_per_floor":["M","M","M","M","?","R","E","M","T","?","$","M","R","M","R"],"character_chosen":"IRONCLAD","items_purchased":["Shrug It Off","Master of Strategy"],"gold_per_floor":[119,135,150,164,144,144,172,190,190,365,69,83,83,100,100,100],"floor_reached":16,"campfire_rested":2,"playtime":918,"current_hp_per_floor":[80,80,80,78,78,78,46,39,39,39,39,35,59,52,76,0],"items_purged":["Doubt"],"gold":100,"score":104,"play_id":"e8bfa819-824a-4f61-a242-f42c7e81ff63","local_time":"20180413202519","is_prod":false,"is_daily":false,"chose_seed":false,"is_ascension_mode":false,"campfire_upgraded":1,"timestamp":1523665519,"path_taken":["M","M","M","M","?","R","E","M","T","?","$","M","R","M","R","BOSS"],"build_version":"2018-04-12","seed_source_timestamp":18457024130316,"purchased_purges":1,"victory":false,"master_deck":["Strike_R","Strike_R","Strike_R","Strike_R","Strike_R","Defend_R","Defend_R","Defend_R","Defend_R","Bash","Pommel Strike","Headbutt","Shrug It Off+1","Headbutt","Cleave","Shrug It Off","Master of Strategy","Clash"],"max_hp_per_floor":[80,80,80,80,80,80,80,80,80,80,80,80,80,80,80,80],"relics":["Burning Blood","NeowsBlessing","Self Forming Clay","Toolbox"],"card_choices":[{"not_picked":["Spot Weakness","True Grit"],"picked":"Pommel Strike","floor":1},{"not_picked":["Iron Wave","Body Slam"],"picked":"Headbutt","floor":2},{"not_picked":["Perfected Strike","Headbutt"],"picked":"Shrug It Off","floor":3},{"not_picked":["Heavy Blade","Body Slam"],"picked":"Headbutt","floor":7},{"not_picked":["Flex","Reaper"],"picked":"Cleave","floor":8},{"not_picked":["Bloodletting","Power Through"],"picked":"Clash","floor":14}],"player_experience":9861,"potions_floor_usage":[16],"damage_taken":[{"damage":0,"enemies":"2 Louse","floor":1,"turns":1},{"damage":0,"enemies":"Cultist","floor":2,"turns":1},{"damage":0,"enemies":"Small Slimes","floor":3,"turns":1},{"damage":8,"enemies":"Blue Slaver","floor":4,"turns":3},{"damage":38,"enemies":"Gremlin Nob","floor":7,"turns":5},{"damage":13,"enemies":"Exordium Thugs","floor":8,"turns":6},{"damage":10,"enemies":"Looter","floor":12,"turns":3},{"damage":13,"enemies":"Gremlin Gang","floor":14,"turns":2},{"damage":76,"enemies":"Hexaghost","floor":16,"turns":13}],"event_choices":[{"event_name":"The Woman in Blue","player_choice":"Bought 1 Potion","floor":5,"damage_taken":0},{"event_name":"Liars Game","player_choice":"agreed","floor":10,"damage_taken":0}],"boss_relics":[],"potions_floor_spawned":[1,7,8],"seed_played":"2339709091133362589","killed_by":"Hexaghost","ascension_level":0,"is_trial":false}