{"path_per_floor":["M","?","$","M","M","E","R","E","T","R","E","R","E","M","R","B",null,"M","?","?","$","M","R","E","R","T","$","E","R","T","M","R","B",null,"M"],"character_chosen":"IRONCLAD","items_purchased":["Feel No Pain","Sever Soul","Omamori","True Grit","Feed"],"gold_per_floor":[119,194,10,29,42,68,68,102,152,152,187,187,219,239,239,317,317,335,250,300,3,15,15,42,42,95,21,52,52,52,62,62,139,169,187,187],"floor_reached":36,"campfire_rested":4,"playtime":1947,"current_hp_per_floor":[71,60,60,59,61,33,55,34,34,34,32,57,40,46,46,24,70,73,73,73,73,63,63,43,43,43,43,35,61,61,38,66,32,86,57,0],"items_purged":["Strike_R","Strike_R"],"gold":187,"score":814,"play_id":"aa6bfe37-5cdd-4aed-9995-8103486b0e67","local_time":"20180413010613","is_prod":false,"is_daily":false,"is_ascension_mode":true,"campfire_upgraded":4,"timestamp":1523574373,"path_taken":["M","?","$","M","M","E","R","E","T","R","E","R","E","M","R","BOSS","M","?","?","?","M","R","E","R","T","$","E","R","?","M","R","BOSS","M","M"],"build_version":"2018-04-05v2","purchased_purges":2,"victory":false,"master_deck":["Strike_R","Strike_R","Defend_R","Defend_R","Defend_R","Defend_R","Bash","AscendersBane","Metallicize+1","Feel No Pain+1","Sever Soul","Dual Wield+1","Metallicize","Dropkick","Evolve","True Grit+1","Pummel","Fiend Fire","Whirlwind+1","True Grit","Warcry","Feed","Dark Embrace","Offering"],"max_hp_per_floor":[75,75,75,75,75,75,75,85,85,85,85,85,85,85,85,85,85,85,85,85,85,87,87,87,87,87,87,89,89,89,94,94,94,101,104,104],"relics":["Burning Blood","Bottled Lightning","Pear","Art of War","Peace Pipe","Bronze Scales","Mark of Pain","Singing Bowl","Omamori","Lantern","Tiny Chest","Juzu Bracelet","Magic Flower","Tiny House"],"card_choices":[{"not_picked":["Thunderclap","Body Slam"],"picked":"Metallicize","floor":1},{"not_picked":["Bludgeon","Perfected Strike"],"picked":"Dual Wield","floor":4},{"not_picked":["Clash","Headbutt"],"picked":"Metallicize","floor":5},{"not_picked":["Headbutt","Corruption"],"picked":"Dropkick","floor":6},{"not_picked":["Warcry","Anger"],"picked":"Evolve","floor":11},{"not_picked":["Twin Strike","Perfected Strike"],"picked":"True Grit","floor":13},{"not_picked":["Body Slam","Anger"],"picked":"Pummel","floor":14},{"not_picked":["Immolate","Reaper"],"picked":"Fiend Fire","floor":16},{"not_picked":["Blood for Blood","Clothesline"],"picked":"Whirlwind","floor":18},{"not_picked":["Reckless Charge","Wild Strike"],"picked":"Warcry","floor":24},{"not_picked":["Exhume","Brutality"],"picked":"Dark Embrace","floor":33},{"not_picked":["Perfected Strike","Shrug It Off"],"picked":"Offering","floor":35}],"player_experience":399236,"potions_floor_usage":[6,14,14,14,24,31],"damage_taken":[{"damage":3,"enemies":"Jaw Worm","floor":1,"turns":6},{"damage":7,"enemies":"Small Slimes","floor":4,"turns":3},{"damage":4,"enemies":"2 Louse","floor":5,"turns":4},{"damage":34,"enemies":"Gremlin Nob","floor":6,"turns":6},{"damage":37,"enemies":"Lagavulin","floor":8,"turns":10},{"damage":8,"enemies":"3 Sentries","floor":11,"turns":13},{"damage":23,"enemies":"Gremlin Nob","floor":13,"turns":5},{"damage":15,"enemies":"Gremlin Gang","floor":14,"turns":6},{"damage":28,"enemies":"The Guardian","floor":16,"turns":20},{"damage":3,"enemies":"Shell Parasite","floor":18,"turns":9},{"damage":18,"enemies":"Chosen","floor":22,"turns":6},{"damage":26,"enemies":"Slavers","floor":24,"turns":8},{"damage":16,"enemies":"Book of Stabbing","floor":28,"turns":7},{"damage":39,"enemies":"3 Cultists","floor":31,"turns":6},{"damage":43,"enemies":"Champ","floor":33,"turns":14},{"damage":43,"enemies":"Orb Walker","floor":35,"turns":7},{"damage":70,"enemies":"3 Shapes","floor":36,"turns":11}],"event_choices":[{"event_name":"World of Goop","player_choice":"Gather Gold","floor":2,"damage_taken":0},{"event_name":"Addict","player_choice":"Obtained Relic","floor":19,"damage_taken":0},{"event_name":"The Joust","player_choice":"Bet on Murderer","floor":20,"damage_taken":0}],"boss_relics":[{"not_picked":["Runic Pyramid","Astrolabe"],"picked":"Mark of Pain"},{"not_picked":["Lizard Tail","Philosopher\u0027s Stone"],"picked":"Tiny House"}],"potions_floor_spawned":[5,8,11,13,14,18,33],"seed_played":"3009743121065358045","killed_by":"3 Shapes","ascension_level":15,"is_trial":false}