{"path_per_floor":["M","M","?","?","$","R","M","R","T","E","R","M","$","E","R","B",null,"M","M","?","M","M","?","$","R","T","R","E","M","R"],"character_chosen":"IRONCLAD","items_purchased":["Oddly Smooth Stone","Anchor"],"gold_per_floor":[113,132,132,207,60,60,76,76,121,152,152,168,17,46,46,123,123,139,158,158,175,188,188,128,128,209,209,242,255,255,255],"floor_reached":31,"campfire_rested":4,"playtime":1185,"current_hp_per_floor":[73,69,69,58,58,58,58,58,58,54,54,48,48,28,50,40,66,48,54,54,48,12,12,12,34,34,56,28,34,56,0],"items_purged":["Armaments"],"gold":255,"score":460,"play_id":"5294fe4b-1d24-4947-8e3e-5c47f5946104","local_time":"20180417164428","is_prod":false,"is_daily":false,"chose_seed":false,"is_ascension_mode":true,"campfire_upgraded":3,"timestamp":1523976268,"path_taken":["M","M","?","?","$","R","M","R","T","E","R","M","?","E","R","BOSS","M","M","?","M","M","?","$","R","T","R","E","?","R","E"],"build_version":"2018-04-12","seed_source_timestamp":19501378565360,"purchased_purges":1,"victory":false,"master_deck":["Bash","AscendersBane","Armaments+1","Body Slam","Pummel","Barricade+1","Demon Form+1","Warcry","Feel No Pain","Demon Form","Disarm","Sword Boomerang","Body Slam","Headbutt","True Grit","Infernal Blade","Infernal Blade","Blood for Blood","Havoc+1"],"max_hp_per_floor":[75,75,75,75,75,75,75,75,75,75,75,75,75,75,75,75,75,75,75,75,75,75,75,75,75,75,75,75,75,75,75],"relics":["Burning Blood","Oddly Smooth Stone","Bag of Marbles","Bottled Tornado","Anchor","The Courier","Pandora\u0027s Box","Tiny Chest","Ancient Tea Set"],"card_choices":[{"not_picked":["Anger","Rupture"],"picked":"Armaments","floor":1},{"not_picked":["Clash","Iron Wave"],"picked":"Body Slam","floor":2},{"not_picked":["Seeing Red","Sever Soul"],"picked":"Demon Form","floor":10},{"not_picked":["Clash","Pommel Strike"],"picked":"Warcry","floor":12},{"not_picked":["Sever Soul","Searing Blow"],"picked":"Feel No Pain","floor":14},{"not_picked":["Barricade","Dark Embrace"],"picked":"Demon Form","floor":16},{"not_picked":["Pommel Strike","Fire Breathing"],"picked":"Havoc","floor":19}],"player_experience":431857,"potions_floor_usage":[10,10,19,21,21,28,29],"damage_taken":[{"damage":1,"enemies":"2 Louse","floor":1,"turns":2},{"damage":10,"enemies":"Cultist","floor":2,"turns":5},{"damage":6,"enemies":"Small Slimes","floor":7,"turns":4},{"damage":10,"enemies":"Lagavulin","floor":10,"turns":8},{"damage":12,"enemies":"3 Louse","floor":12,"turns":5},{"damage":26,"enemies":"3 Sentries","floor":14,"turns":7},{"damage":16,"enemies":"Slime Boss","floor":16,"turns":8},{"damage":24,"enemies":"2 Thieves","floor":18,"turns":4},{"damage":0,"enemies":"3 Byrds","floor":19,"turns":6},{"damage":12,"enemies":"Snake Plant","floor":21,"turns":5},{"damage":42,"enemies":"3 Cultists","floor":22,"turns":6},{"damage":34,"enemies":"Book of Stabbing","floor":28,"turns":5},{"damage":0,"enemies":"Centurion and Healer","floor":29,"turns":6},{"damage":56,"enemies":"Gremlin Leader","floor":31,"turns":2}],"event_choices":[{"event_name":"Match and Keep!","player_choice":"2 cards matched","floor":3,"damage_taken":0},{"event_name":"World of Goop","player_choice":"Gather Gold","floor":4,"damage_taken":0},{"event_name":"Ghosts","player_choice":"Ignored","floor":20,"damage_taken":0},{"event_name":"Accursed Blacksmith","player_choice":"Forge","floor":23,"damage_taken":0}],"boss_relics":[{"not_picked":["White Beast Statue","Black Star"],"picked":"Pandora\u0027s Box"}],"potions_floor_spawned":[2,10,16,19,28,29],"seed_played":"72789840410388744","killed_by":"Gremlin Leader","ascension_level":15,"is_trial":false}