{"path_per_floor":["M","$","?","M","M","E","M","M","T","R","?","M","?","$","R"],"character_chosen":"IRONCLAD","items_purchased":["Anchor","Juzu Bracelet","Shovel"],"gold_per_floor":[367,66,66,85,106,140,153,177,226,226,226,244,323,27,27,27],"floor_reached":16,"campfire_rested":0,"playtime":915,"current_hp_per_floor":[72,72,72,72,72,64,69,66,66,66,66,72,72,72,72,0],"items_purged":[],"gold":27,"score":102,"play_id":"d2499084-8681-47de-bb7b-8f5887827cd1","local_time":"20180415115911","is_prod":false,"is_daily":false,"chose_seed":false,"is_ascension_mode":false,"campfire_upgraded":1,"timestamp":1523807951,"path_taken":["M","$","?","M","M","E","M","M","T","R","?","M","?","?","R","BOSS"],"build_version":"2018-04-12","seed_source_timestamp":6195079102538,"purchased_purges":0,"victory":false,"master_deck":["Strike_R","Strike_R","Strike_R","Strike_R","Strike_R","Defend_R","Defend_R","Defend_R","Defend_R","Bash","Inflame","Injury","Body Slam","Clash","Thunderclap+1","Feel No Pain+1","Thunderclap"],"max_hp_per_floor":[72,72,72,72,72,72,72,72,72,72,72,72,72,72,72,72],"relics":["Burning Blood","Anchor","Juzu Bracelet","Golden Idol","Darkstone Periapt","Ancient Tea Set","Paper Frog","Shovel","Bottled Tornado"],"card_choices":[{"not_picked":["Armaments","Searing Blow"],"picked":"Inflame","floor":1},{"not_picked":["Corruption","Iron Wave"],"picked":"Body Slam","floor":4},{"not_picked":["Power Through","Heavy Blade"],"picked":"Clash","floor":5},{"not_picked":["Intimidate","Reckless Charge"],"picked":"Thunderclap","floor":6},{"not_picked":["Body Slam","True Grit"],"picked":"Feel No Pain","floor":7},{"not_picked":["Flame Barrier","Warcry"],"picked":"Thunderclap","floor":13}],"player_experience":31788,"potions_floor_usage":[13,16,16],"damage_taken":[{"damage":3,"enemies":"Small Slimes","floor":1,"turns":3},{"damage":0,"enemies":"2 Louse","floor":4,"turns":3},{"damage":0,"enemies":"Jaw Worm","floor":5,"turns":3},{"damage":14,"enemies":"Gremlin Nob","floor":6,"turns":4},{"damage":1,"enemies":"Lots of Slimes","floor":7,"turns":4},{"damage":9,"enemies":"Gremlin Gang","floor":8,"turns":4},{"damage":0,"enemies":"3 Louse","floor":12,"turns":2},{"damage":6,"enemies":"3 Sentries","floor":13,"turns":10},{"damage":89,"enemies":"Hexaghost","floor":16,"turns":10}],"event_choices":[{"event_name":"Golden Idol","player_choice":"Take Wound","floor":3,"damage_taken":0},{"event_name":"Upgrade Shrine","player_choice":"Upgraded","floor":11,"damage_taken":0},{"event_name":"Dead Adventurer","player_choice":"Searched \u00271\u0027 times","floor":13,"damage_taken":0}],"boss_relics":[],"potions_floor_spawned":[4,12,13],"seed_played":"-5169890212828079096","killed_by":"Hexaghost","ascension_level":0,"is_trial":false}