{"path_per_floor":["M","$","?","M","?","R","$","R","T","M","M","?","M","?","R","B",null,"M","$","M","?","?","R","?"],"character_chosen":"IRONCLAD","items_purchased":["Evolve","Cleave","True Grit","Limit Break"],"gold_per_floor":[119,3,3,21,21,21,21,21,21,34,46,221,237,237,237,333,333,348,82,22,22,22,22,22,22],"floor_reached":25,"campfire_rested":2,"playtime":647,"current_hp_per_floor":[71,71,71,63,63,69,69,75,75,73,73,73,54,47,77,51,73,38,38,20,20,20,52,52,0],"items_purged":["Strike_R"],"gold":22,"score":290,"play_id":"88a36079-05b2-48d6-bd6a-605d754a0563","local_time":"20180413224928","is_prod":false,"is_daily":false,"chose_seed":false,"is_ascension_mode":true,"campfire_upgraded":2,"timestamp":1523674168,"path_taken":["M","$","?","M","?","R","$","R","T","M","M","?","M","?","R","BOSS","M","$","M","?","?","R","?","E"],"build_version":"2018-04-12","seed_source_timestamp":260935956266691,"purchased_purges":1,"victory":false,"master_deck":["Strike_R+1","Strike_R+1","Strike_R+1","Defend_R+1","Defend_R+1","Bash","AscendersBane","Feel No Pain+1","Evolve","Cleave","Shockwave","Immolate+1","Ghostly Armor","Feel No Pain","Sever Soul","Barricade","Searing Blow+1","Power Through+1","Feed+1","Armaments","True Grit","Limit Break","Writhe"],"max_hp_per_floor":[80,80,80,80,80,80,80,80,80,80,80,80,80,80,80,80,80,80,80,80,80,80,80,80,80],"relics":["Eternal Feather","Self Forming Clay","Astrolabe","Mummified Hand"],"card_choices":[{"not_picked":["Anger","Twin Strike"],"picked":"Feel No Pain","floor":1},{"not_picked":["Cleave","Body Slam"],"picked":"Ghostly Armor","floor":10},{"not_picked":["Power Through","Armaments"],"picked":"Feel No Pain","floor":11},{"not_picked":["Twin Strike","Pommel Strike"],"picked":"Sever Soul","floor":13},{"not_picked":["Demon Form","Immolate"],"picked":"Barricade","floor":16},{"not_picked":["Headbutt","Flex"],"picked":"Armaments","floor":18}],"player_experience":279039,"potions_floor_usage":[13,18,18],"damage_taken":[{"damage":1,"enemies":"Cultist","floor":1,"turns":4},{"damage":8,"enemies":"Jaw Worm","floor":4,"turns":3},{"damage":2,"enemies":"2 Louse","floor":10,"turns":2},{"damage":0,"enemies":"2 Fungi Beasts","floor":11,"turns":3},{"damage":19,"enemies":"Exordium Thugs","floor":13,"turns":5},{"damage":26,"enemies":"Slime Boss","floor":16,"turns":9},{"damage":35,"enemies":"Spheric Guardian","floor":18,"turns":8},{"damage":18,"enemies":"2 Thieves","floor":20,"turns":4},{"damage":54,"enemies":"Gremlin Leader","floor":25,"turns":7}],"event_choices":[{"event_name":"The Cleric","player_choice":"Leave","floor":3,"damage_taken":0},{"event_name":"Match and Keep!","player_choice":"2 cards matched","floor":5,"damage_taken":0},{"event_name":"Liars Game","player_choice":"agreed","floor":12,"damage_taken":0},{"event_name":"Golden Wing","player_choice":"Card Removal","floor":14,"damage_taken":0},{"event_name":"Beggar","player_choice":"Ignored","floor":21,"damage_taken":0},{"event_name":"The Mausoleum","player_choice":"Yes","floor":22,"damage_taken":0},{"event_name":"Back to Basics","player_choice":"Simplicity","floor":24,"damage_taken":0}],"boss_relics":[{"not_picked":["Runic Pyramid","Snecko Eye"],"picked":"Astrolabe"}],"potions_floor_spawned":[4,11,16],"seed_played":"-7896941412865163502","killed_by":"Gremlin Leader","ascension_level":11,"is_trial":false}