{"path_per_floor":["M","M","$","M","M","R","M","M","T","M","E","$","M","$","R","B",null,"M","?","?","M","M","R","?","M","T"],"character_chosen":"IRONCLAD","items_purchased":["Rampage"],"gold_per_floor":[114,131,62,75,86,86,99,116,116,132,158,83,100,0,0,74,74,88,88,88,101,112,112,112,131,154,154],"floor_reached":27,"campfire_rested":0,"playtime":764,"current_hp_per_floor":[68,74,74,75,74,74,74,75,75,75,75,75,75,75,75,58,71,46,46,46,48,39,39,18,13,13,0],"items_purged":["Strike_R","Strike_R"],"gold":154,"score":408,"play_id":"7606e73f-9ce3-43ab-9a9d-059dcbd94cfc","local_time":"20180413202139","is_prod":false,"is_daily":false,"chose_seed":false,"is_ascension_mode":true,"campfire_upgraded":3,"timestamp":1523643699,"path_taken":["M","M","$","M","M","R","M","?","T","M","E","$","M","?","R","BOSS","M","?","?","M","?","R","?","M","T","E"],"build_version":"2018-04-12","seed_source_timestamp":39898861928980,"purchased_purges":3,"victory":false,"master_deck":["Defend_R","Defend_R","Defend_R","Bash","AscendersBane","Clash","Clash","Rampage+1","Spot Weakness+1","Clash","Clash","Clash","Demon Form","Body Slam+1","Power Through+1","Sword Boomerang+1","Headbutt+1","True Grit+1","Armaments"],"max_hp_per_floor":[75,75,75,75,75,75,75,75,75,75,75,75,75,75,75,75,75,75,75,75,75,75,75,80,80,80,80],"relics":["Burning Blood","Magic Flower","Question Card","Astrolabe","Anchor"],"card_choices":[{"not_picked":["Cleave","Clothesline"],"picked":"Clash","floor":1},{"not_picked":["Dual Wield","Flex"],"picked":"Clash","floor":2},{"not_picked":["Twin Strike","Pommel Strike"],"picked":"Spot Weakness","floor":4},{"not_picked":["Cleave","Perfected Strike"],"picked":"Clash","floor":5},{"not_picked":["Flame Barrier","Warcry"],"picked":"Clash","floor":10},{"not_picked":["Twin Strike","Heavy Blade"],"picked":"Clash","floor":11},{"not_picked":["Berserk","Reaper","Brutality"],"picked":"Demon Form","floor":16},{"not_picked":["Clash","Reckless Charge","Flame Barrier"],"picked":"Headbutt","floor":18},{"not_picked":["Cleave","Havoc","Iron Wave"],"picked":"True Grit","floor":21},{"not_picked":["Heavy Blade","Reckless Charge","Juggernaut"],"picked":"Armaments","floor":22}],"player_experience":408178,"potions_floor_usage":[11,16,18,18,22,25],"damage_taken":[{"damage":6,"enemies":"Cultist","floor":1,"turns":5},{"damage":0,"enemies":"2 Louse","floor":2,"turns":2},{"damage":0,"enemies":"Small Slimes","floor":4,"turns":2},{"damage":7,"enemies":"Exordium Wildlife","floor":5,"turns":4},{"damage":6,"enemies":"Looter","floor":7,"turns":2},{"damage":5,"enemies":"2 Fungi Beasts","floor":8,"turns":3},{"damage":8,"enemies":"Exordium Thugs","floor":10,"turns":4},{"damage":8,"enemies":"Gremlin Nob","floor":11,"turns":3},{"damage":0,"enemies":"Exordium Wildlife","floor":13,"turns":3},{"damage":26,"enemies":"The Guardian","floor":16,"turns":9},{"damage":34,"enemies":"3 Byrds","floor":18,"turns":5},{"damage":7,"enemies":"Shell Parasite","floor":21,"turns":2},{"damage":18,"enemies":"Snake Plant","floor":22,"turns":4},{"damage":14,"enemies":"Centurion and Healer","floor":25,"turns":5},{"damage":16,"enemies":"Book of Stabbing","floor":27,"turns":2}],"event_choices":[{"event_name":"Drug Dealer","player_choice":"Ignored","floor":19,"damage_taken":0},{"event_name":"Ghosts","player_choice":"Ignored","floor":20,"damage_taken":0},{"event_name":"Forgotten Altar","player_choice":"Shed Blood","floor":24,"damage_taken":0}],"boss_relics":[{"not_picked":["Pandora\u0027s Box","Philosopher\u0027s Stone"],"picked":"Astrolabe"}],"potions_floor_spawned":[5,8,10,13,16,18,21],"seed_played":"-8625593560357766726","killed_by":"Book of Stabbing","ascension_level":15,"is_trial":false}