{"path_per_floor":["M","M","M","?","$","R","?","R","T","M","R","M","M","E","R","B",null,"M","?","M","?","$","E","?","$","T","M","R","M","M","M","R","B",null,"M","?","T","M","M","R","?","R","T","M","M","E","M","M","R","B"],"character_chosen":"IRONCLAD","items_purchased":["Rampage","Sword Boomerang"],"gold_per_floor":[117,136,153,153,44,44,44,44,67,82,82,98,111,146,146,269,269,269,194,194,194,94,94,94,48,48,48,48,48,48,48,48,48,48,48,48,48,48,48,48,48,48,48,48,48,48,48,48,48,48],"floor_reached":51,"campfire_rested":2,"playtime":2151,"current_hp_per_floor":[80,72,67,67,67,67,47,47,47,43,43,49,55,51,51,42,80,78,78,67,67,67,46,30,30,30,25,53,47,53,30,30,21,94,94,86,86,77,72,72,72,72,72,78,84,87,53,59,90,56],"items_purged":["Pain","Defend_R"],"gold":48,"score":853,"play_id":"cec6557c-c4bc-41d8-b2c5-4b14519af5cb","local_time":"20180412221035","is_prod":false,"is_daily":false,"chose_seed":false,"is_ascension_mode":false,"campfire_upgraded":7,"timestamp":1523592635,"path_taken":["M","M","?","?","$","R","?","R","T","M","R","?","M","E","R","BOSS","M","?","M","?","$","E","?","$","T","M","R","?","M","M","R","BOSS","M","?","?","?","M","R","?","R","T","M","M","E","M","?","R","BOSS"],"build_version":"2018-04-12","seed_source_timestamp":160210012345763,"purchased_purges":2,"victory":true,"master_deck":["Strike_R","Strike_R","Strike_R","Strike_R","Defend_R","Bash+1","Power Through","Flex+1","Inflame","Shrug It Off+1","Rampage+1","Spot Weakness","Limit Break+1","Burning Pact+1","Sword Boomerang","Heavy Blade+1","Cleave","Double Tap+1","Thunderclap","Pommel Strike+1","Battle Trance"],"max_hp_per_floor":[80,80,80,80,80,80,80,80,80,80,80,80,80,80,80,80,80,80,80,80,80,80,94,94,94,94,94,94,94,94,94,94,94,94,94,94,94,94,94,94,94,94,94,94,94,104,104,104,104,104],"relics":["Burning Blood","Golden Idol","Pen Nib","Centennial Puzzle","Ectoplasm","Mango","Enchiridion","Prayer Wheel","Mark of Pain","Charon\u0027s Ashes","Mercury Hourglass","Smiling Mask","Pear"],"card_choices":[{"not_picked":["Corruption","Clash"],"picked":"Inflame","floor":1},{"not_picked":["Searing Blow","Evolve"],"picked":"Shrug It Off","floor":2},{"not_picked":["Heavy Blade","Uppercut"],"picked":"Spot Weakness","floor":13},{"not_picked":["Offering","Reaper"],"picked":"Limit Break","floor":16},{"not_picked":["Sword Boomerang","Bloodletting"],"picked":"Burning Pact","floor":20},{"not_picked":["Intimidate","Spot Weakness"],"picked":"Heavy Blade","floor":29},{"not_picked":["Havoc","Combust"],"picked":"Cleave","floor":31},{"not_picked":["Barricade","Fiend Fire"],"picked":"Double Tap","floor":33},{"not_picked":["Wild Strike","Havoc"],"picked":"Thunderclap","floor":35},{"not_picked":["Warcry","True Grit"],"picked":"Pommel Strike","floor":36},{"not_picked":["Warcry","Heavy Blade"],"picked":"Battle Trance","floor":45}],"player_experience":617341,"potions_floor_usage":[18,33,50,50,50],"damage_taken":[{"damage":4,"enemies":"Cultist","floor":1,"turns":2},{"damage":14,"enemies":"2 Louse","floor":2,"turns":2},{"damage":11,"enemies":"Small Slimes","floor":3,"turns":3},{"damage":10,"enemies":"Looter","floor":10,"turns":2},{"damage":0,"enemies":"Large Slime","floor":12,"turns":3},{"damage":0,"enemies":"Red Slaver","floor":13,"turns":3},{"damage":10,"enemies":"Lagavulin","floor":14,"turns":7},{"damage":15,"enemies":"Slime Boss","floor":16,"turns":6},{"damage":8,"enemies":"3 Byrds","floor":18,"turns":5},{"damage":17,"enemies":"Spheric Guardian","floor":20,"turns":4},{"damage":41,"enemies":"Slavers","floor":23,"turns":6},{"damage":11,"enemies":"Slaver and Parasite","floor":27,"turns":4},{"damage":12,"enemies":"3 Cultists","floor":29,"turns":4},{"damage":0,"enemies":"Centurion and Healer","floor":30,"turns":5},{"damage":29,"enemies":"Slaver and Parasite","floor":31,"turns":4},{"damage":15,"enemies":"Champ","floor":33,"turns":6},{"damage":3,"enemies":"3 Shapes","floor":35,"turns":2},{"damage":14,"enemies":"Mysterious Sphere","floor":36,"turns":4},{"damage":15,"enemies":"3 Darklings","floor":38,"turns":4},{"damage":11,"enemies":"4 Shapes","floor":39,"turns":3},{"damage":0,"enemies":"Sphere and 2 Shapes","floor":44,"turns":2},{"damage":0,"enemies":"3 Darklings","floor":45,"turns":2},{"damage":13,"enemies":"Giant Head","floor":46,"turns":4},{"damage":40,"enemies":"Maw","floor":47,"turns":6},{"damage":0,"enemies":"Sphere and 2 Shapes","floor":48,"turns":4},{"damage":49,"enemies":"Time Eater","floor":50,"turns":4}],"event_choices":[{"event_name":"Liars Game","player_choice":"disagreed","floor":4,"damage_taken":0},{"event_name":"Golden Idol","player_choice":"Take Damage","floor":7,"damage_taken":0},{"event_name":"Beggar","player_choice":"Gave Gold","floor":19,"damage_taken":0},{"event_name":"Accursed Blacksmith","player_choice":"Forge","floor":21,"damage_taken":0},{"event_name":"Cursed Tome","player_choice":"Obtained Book","floor":24,"damage_taken":0},{"event_name":"Mysterious Sphere","player_choice":"Fight","floor":36,"damage_taken":0},{"event_name":"The Moai Head","player_choice":"Ignored","floor":41,"damage_taken":0}],"boss_relics":[{"not_picked":["Runic Dome","Orrery"],"picked":"Ectoplasm"},{"not_picked":["Velvet Choker","Runic Pyramid"],"picked":"Mark of Pain"}],"potions_floor_spawned":[1,12,14,16,18,27,29,30,36,39,45,46],"seed_played":"-2696890407912684989","ascension_level":0,"is_trial":false}