{"path_per_floor":["M","T","M","$","M","R","M","E","T","M","R","E","M","$","R","B",null,"M","?","?","$","?","R","$","E","T","M","E","R","M","M","R","B",null,"M","M","?","M","?","R","M","$","T","$","E","R","$","M","R","B"],"character_chosen":"IRONCLAD","items_purchased":["Feel No Pain","Uppercut","War Paint","Intimidate","Evolve","True Grit"],"gold_per_floor":[14,14,30,30,43,43,56,88,88,108,108,137,154,79,79,175,175,191,191,191,37,37,37,37,63,63,52,87,87,101,119,119,215,215,226,243,243,260,260,260,274,3,84,58,92,92,92,109,109,109],"floor_reached":51,"campfire_rested":3,"playtime":2221,"current_hp_per_floor":[72,72,69,69,63,63,65,43,43,53,53,39,33,33,57,21,68,64,64,41,41,41,41,41,39,39,43,43,43,45,26,39,35,43,40,47,47,51,45,45,50,50,50,50,29,51,51,52,52,41],"items_purged":["Strike_R"],"gold":109,"score":1275,"play_id":"b5916a93-e800-4eca-a8ad-398453eb4c33","local_time":"20180414132134","is_prod":false,"is_daily":false,"chose_seed":false,"is_ascension_mode":true,"campfire_upgraded":3,"timestamp":1523726494,"path_taken":["M","?","?","$","M","R","M","E","T","M","R","E","M","$","R","BOSS","M","?","?","$","?","R","?","E","T","?","E","R","M","M","R","BOSS","M","M","?","M","?","R","M","$","T","?","E","R","$","M","R","BOSS"],"build_version":"2018-04-12","seed_source_timestamp":311683083208201,"purchased_purges":2,"victory":true,"master_deck":["Bash+1","AscendersBane","Disarm+1","Disarm","Impervious","Havoc+1","Offering","Ghostly","Ghostly","Ghostly+1","Ghostly","Ghostly","Feel No Pain","Uppercut","Inflame","Reckless Charge","Feel No Pain+1","Demon Form","Armaments","Twin Strike","Thunderclap","Heavy Blade","Reckless Charge","Body Slam","Twin Strike","Body Slam","Madness","Madness","Feed","Intimidate","Evolve","True Grit","Havoc+1","Armaments+1"],"max_hp_per_floor":[80,80,83,83,83,83,83,83,83,83,83,83,83,83,83,83,83,83,83,41,41,41,41,41,41,41,43,43,43,45,45,45,45,45,47,49,49,51,51,51,51,51,51,51,51,51,51,54,54,54],"relics":["Burning Blood","Dead Branch","Shuriken","Paper Frog","Centennial Puzzle","Girya","Mark of Pain","Singing Bowl","Anchor","Red Skull","Pandora\u0027s Box","War Paint","Letter Opener","Regal Pillow"],"card_choices":[{"not_picked":["Flex","Headbutt"],"picked":"Disarm","floor":1},{"not_picked":["Anger","Battle Trance"],"picked":"Disarm","floor":7},{"not_picked":["Hemokinesis","Flex"],"picked":"Impervious","floor":8},{"not_picked":["Twin Strike","Heavy Blade"],"picked":"Havoc","floor":13},{"not_picked":["Brutality","Feed"],"picked":"Offering","floor":16},{"not_picked":["Juggernaut","Body Slam"],"picked":"Inflame","floor":25},{"not_picked":["Searing Blow","Dropkick"],"picked":"Reckless Charge","floor":28},{"not_picked":["Cleave","Havoc"],"picked":"Feel No Pain","floor":31},{"not_picked":["Dark Embrace","Feed"],"picked":"Demon Form","floor":33},{"not_picked":["Iron Wave","Heavy Blade"],"picked":"Feed","floor":41},{"not_picked":["Fire Breathing","Demon Form"],"picked":"Havoc","floor":45},{"not_picked":["Thunderclap","Anger"],"picked":"Armaments","floor":48}],"player_experience":287793,"potions_floor_usage":[8,10,12,12,18,30,31,45,48,50],"damage_taken":[{"damage":6,"enemies":"Cultist","floor":1,"turns":3},{"damage":12,"enemies":"Small Slimes","floor":3,"turns":4},{"damage":12,"enemies":"Jaw Worm","floor":5,"turns":2},{"damage":4,"enemies":"Large Slime","floor":7,"turns":5},{"damage":28,"enemies":"Lagavulin","floor":8,"turns":5},{"damage":12,"enemies":"2 Fungi Beasts","floor":10,"turns":5},{"damage":20,"enemies":"3 Sentries","floor":12,"turns":8},{"damage":12,"enemies":"Looter","floor":13,"turns":4},{"damage":42,"enemies":"The Guardian","floor":16,"turns":14},{"damage":10,"enemies":"3 Byrds","floor":18,"turns":4},{"damage":8,"enemies":"Slavers","floor":25,"turns":5},{"damage":0,"enemies":"2 Thieves","floor":27,"turns":5},{"damage":1,"enemies":"Gremlin Leader","floor":28,"turns":6},{"damage":3,"enemies":"Centurion and Healer","floor":30,"turns":5},{"damage":25,"enemies":"3 Cultists","floor":31,"turns":7},{"damage":10,"enemies":"Collector","floor":33,"turns":12},{"damage":11,"enemies":"3 Shapes","floor":35,"turns":4},{"damage":1,"enemies":"3 Darklings","floor":36,"turns":5},{"damage":4,"enemies":"Maw","floor":38,"turns":6},{"damage":1,"enemies":"Sphere and 2 Shapes","floor":41,"turns":3},{"damage":27,"enemies":"Giant Head","floor":45,"turns":8},{"damage":8,"enemies":"4 Shapes","floor":48,"turns":2},{"damage":17,"enemies":"Awakened One","floor":50,"turns":8}],"event_choices":[{"event_name":"Back to Basics","player_choice":"Simplicity","floor":19,"damage_taken":0},{"event_name":"Ghosts","player_choice":"Became a Ghost","floor":20,"damage_taken":0},{"event_name":"Addict","player_choice":"Ignored","floor":22,"damage_taken":0},{"event_name":"Mysterious Sphere","player_choice":"Ignore","floor":37,"damage_taken":0},{"event_name":"Winding Halls","player_choice":"Embrace Madness","floor":39,"damage_taken":0}],"boss_relics":[{"not_picked":["Philosopher\u0027s Stone","Velvet Choker"],"picked":"Mark of Pain"},{"not_picked":["Cursed Key","Snecko Eye"],"picked":"Pandora\u0027s Box"}],"potions_floor_spawned":[5,7,8,10,12,18,28,33,35,45],"seed_played":"-2532990781265005426","ascension_level":12,"is_trial":false}