{"path_per_floor":["M","?","M","M","?","R","M","?","T","M","E","M","R","M","R","B",null,"M","?","?","M","?","R"],"character_chosen":"IRONCLAD","items_purchased":[],"gold_per_floor":[110,110,130,140,315,315,326,306,306,320,346,358,358,370,370,474,474,488,488,488,505,505,505,505],"floor_reached":24,"campfire_rested":1,"playtime":827,"current_hp_per_floor":[80,80,80,80,80,80,77,77,77,53,47,55,55,63,63,21,80,49,49,49,41,41,65,0],"items_purged":[],"gold":505,"score":197,"play_id":"121ad2c6-87b2-4d85-9706-b545a56cb321","local_time":"20180412233637","is_prod":false,"is_daily":false,"chose_seed":false,"is_ascension_mode":false,"campfire_upgraded":3,"timestamp":1523568997,"path_taken":["M","?","M","M","?","R","M","?","T","M","E","?","R","M","R","BOSS","M","?","?","M","?","R","E"],"build_version":"2018-04-11","seed_source_timestamp":46987883796873,"purchased_purges":0,"victory":false,"master_deck":["Strike_R","Strike_R","Strike_R","Strike_R","Defend_R","Defend_R","Defend_R","Defend_R","Bash","Clash+1","Clash+1","Dual Wield+1","True Grit+1","Shockwave","Uppercut","Demon Form","Disarm","Dropkick","Metallicize","Warcry+1","Dropkick","Decay"],"max_hp_per_floor":[80,80,80,80,80,80,80,80,80,80,80,80,80,80,80,80,80,80,80,80,80,80,80,80],"relics":["Burning Blood","Bottled Flame","Blood Vial","Orrery","Spirit Poop","Question Card"],"card_choices":[{"not_picked":["Havoc","Evolve"],"picked":"Clash","floor":1},{"not_picked":["Sentinel","Sword Boomerang"],"picked":"Clash","floor":4},{"not_picked":["Combust","Clothesline"],"picked":"Dual Wield","floor":7},{"not_picked":["Iron Wave","Pommel Strike"],"picked":"True Grit","floor":10},{"not_picked":["Perfected Strike","Whirlwind"],"picked":"Shockwave","floor":12},{"not_picked":["Headbutt","Barricade"],"picked":"Uppercut","floor":14},{"not_picked":["Exhume","Immolate"],"picked":"Demon Form","floor":16},{"not_picked":["Fire Breathing","Rupture"],"picked":"Disarm","floor":17},{"not_picked":["Body Slam","Headbutt"],"picked":"Dropkick","floor":17},{"not_picked":["Body Slam","Blood for Blood"],"picked":"Metallicize","floor":17},{"not_picked":["Uppercut","Shrug It Off"],"picked":"Warcry","floor":18},{"not_picked":["Perfected Strike","Corruption","Anger"],"picked":"Dropkick","floor":21}],"player_experience":52130,"potions_floor_usage":[11,11,16,16,21],"damage_taken":[{"damage":0,"enemies":"2 Louse","floor":1,"turns":4},{"damage":0,"enemies":"Cultist","floor":3,"turns":3},{"damage":0,"enemies":"Jaw Worm","floor":4,"turns":1},{"damage":9,"enemies":"3 Louse","floor":7,"turns":5},{"damage":30,"enemies":"Exordium Wildlife","floor":10,"turns":7},{"damage":27,"enemies":"3 Sentries","floor":11,"turns":11},{"damage":0,"enemies":"Blue Slaver","floor":12,"turns":1},{"damage":0,"enemies":"Large Slime","floor":14,"turns":3},{"damage":65,"enemies":"Hexaghost","floor":16,"turns":12},{"damage":37,"enemies":"Chosen","floor":18,"turns":7},{"damage":16,"enemies":"2 Thieves","floor":21,"turns":4},{"damage":70,"enemies":"Slavers","floor":24,"turns":5}],"event_choices":[{"event_name":"Upgrade Shrine","player_choice":"Upgraded","floor":2,"damage_taken":0},{"event_name":"Liars Game","player_choice":"agreed","floor":5,"damage_taken":0},{"event_name":"The Woman in Blue","player_choice":"Bought 1 Potion","floor":8,"damage_taken":0},{"event_name":"Bonfire Elementals","player_choice":"CURSE","floor":19,"damage_taken":0},{"event_name":"The Mausoleum","player_choice":"Yes","floor":20,"damage_taken":0},{"event_name":"Wheel of Change","player_choice":"Curse","floor":22,"damage_taken":0}],"boss_relics":[{"not_picked":["Black Blood","Lizard Tail"],"picked":"Orrery"}],"potions_floor_spawned":[4,7,12,18],"seed_played":"4555094564315732262","killed_by":"Slavers","ascension_level":0,"is_trial":false}