{"path_per_floor":["M","?","M","$","?","R","M","$","T","R","$","M","M","E","R","B",null,"M","?","?","M"],"character_chosen":"IRONCLAD","items_purchased":["Double Tap","Uppercut","Sever Soul"],"gold_per_floor":[215,215,234,91,16,16,33,33,56,56,20,39,53,83,83,160,160,180,180,180,191,191],"floor_reached":22,"campfire_rested":0,"playtime":661,"current_hp_per_floor":[72,72,75,75,75,75,75,75,75,75,75,77,77,66,66,37,70,67,40,40,53,0],"items_purged":[],"gold":191,"score":322,"play_id":"52ab7370-46df-42a0-83f6-1ae9c4e7e0ad","local_time":"20180413012946","is_prod":false,"is_daily":false,"is_ascension_mode":true,"campfire_upgraded":3,"timestamp":1523575786,"path_taken":["M","?","M","$","?","R","M","?","T","R","$","M","M","E","R","BOSS","M","?","?","M","M"],"build_version":"2018-04-05v2","purchased_purges":0,"victory":false,"master_deck":["Strike_R","Strike_R","Strike_R","Strike_R","Defend_R","Defend_R","Defend_R","Defend_R","Bash","AscendersBane","Rampage+1","Shrug It Off","Double Tap","Uppercut+1","Sever Soul","Battle Trance+1","Bandage Up","Swift Strike","Feel No Pain","Reaper"],"max_hp_per_floor":[75,75,75,75,75,75,75,75,75,75,75,77,79,79,79,81,81,83,83,83,85,85],"relics":["Burning Blood","Singing Bowl","Ancient Tea Set","Velvet Choker"],"card_choices":[{"not_picked":["Wild Strike","Carnage"],"picked":"Rampage","floor":1},{"not_picked":["Heavy Blade","Anger"],"picked":"Shrug It Off","floor":3},{"not_picked":["Burning Pact","Flex"],"picked":"Battle Trance","floor":14}],"player_experience":401894,"potions_floor_usage":[12,22,22],"damage_taken":[{"damage":2,"enemies":"2 Louse","floor":1,"turns":3},{"damage":3,"enemies":"Jaw Worm","floor":3,"turns":4},{"damage":1,"enemies":"Cultist","floor":7,"turns":4},{"damage":3,"enemies":"3 Louse","floor":12,"turns":4},{"damage":8,"enemies":"Blue Slaver","floor":13,"turns":5},{"damage":17,"enemies":"Lagavulin","floor":14,"turns":6},{"damage":37,"enemies":"The Guardian","floor":16,"turns":9},{"damage":11,"enemies":"3 Byrds","floor":18,"turns":7},{"damage":3,"enemies":"Chosen","floor":21,"turns":5},{"damage":89,"enemies":"3 Cultists","floor":22,"turns":6}],"event_choices":[{"event_name":"Shining Light","player_choice":"Ignored","floor":2,"damage_taken":0},{"event_name":"The Cleric","player_choice":"Card Removal","floor":5,"damage_taken":0},{"event_name":"Knowing Skull","player_choice":"CARD CARD ","floor":19,"damage_taken":0},{"event_name":"Match and Keep!","player_choice":"2 cards matched","floor":20,"damage_taken":0}],"boss_relics":[{"not_picked":["Tiny House","Astrolabe"],"picked":"Velvet Choker"}],"potions_floor_spawned":[1,14,16,21],"seed_played":"1021137045804736126","killed_by":"3 Cultists","ascension_level":15,"is_trial":false}