{"path_per_floor":["M","M","M","$","M","R","M","R","T","R","E","M","E","$","R","B",null,"M","M","?","?","?","R"],"character_chosen":"IRONCLAD","items_purchased":["Perfected Strike","True Grit"],"gold_per_floor":[115,130,144,46,58,58,68,68,140,140,169,181,212,137,137,239,239,249,266,316,316,316,316,316],"floor_reached":24,"campfire_rested":0,"playtime":578,"current_hp_per_floor":[78,80,80,80,75,75,80,80,80,80,70,76,73,73,73,18,65,70,49,49,49,59,59,0],"items_purged":["Bash"],"gold":316,"score":319,"play_id":"5cc3b121-bae1-4f02-b615-cf24082d39ca","local_time":"20180409081635","is_prod":false,"is_daily":false,"is_ascension_mode":true,"campfire_upgraded":5,"timestamp":1523276195,"path_taken":["M","M","M","$","M","R","M","R","T","R","E","M","E","$","R","BOSS","M","M","?","?","?","R","E"],"build_version":"2018-04-05v2","purchased_purges":1,"victory":false,"master_deck":["Strike_R","Strike_R","Strike_R","Strike_R","Strike_R","Defend_R","Defend_R","Defend_R","Defend_R","AscendersBane","Perfected Strike+1","Headbutt","Perfected Strike+1","True Grit+1","Perfected Strike+1","Pommel Strike","Thunderclap","Demon Form","Seeing Red+1"],"max_hp_per_floor":[80,80,80,80,80,80,80,80,80,80,80,80,80,80,80,80,80,80,80,80,80,90,90,90],"relics":["Burning Blood","NeowsBlessing","Darkstone Periapt","Charon\u0027s Ashes","Dream Catcher","Black Star","Pear"],"card_choices":[{"not_picked":["Clash","Ghostly Armor"],"picked":"Perfected Strike","floor":1},{"not_picked":["Wild Strike","Dropkick"],"picked":"Headbutt","floor":2},{"not_picked":["Dropkick","Seeing Red"],"picked":"Perfected Strike","floor":5},{"not_picked":["Hemokinesis","Armaments"],"picked":"Pommel Strike","floor":7},{"not_picked":["Iron Wave","Berserk"],"picked":"Thunderclap","floor":13},{"not_picked":["Juggernaut","Fiend Fire"],"picked":"Demon Form","floor":16},{"not_picked":["Clash","Thunderclap"],"picked":"Seeing Red","floor":18}],"player_experience":512535,"potions_floor_usage":[19,24,24,24],"damage_taken":[{"damage":0,"enemies":"Jaw Worm","floor":1,"turns":1},{"damage":0,"enemies":"Cultist","floor":2,"turns":1},{"damage":0,"enemies":"Small Slimes","floor":3,"turns":1},{"damage":11,"enemies":"Blue Slaver","floor":5,"turns":3},{"damage":0,"enemies":"Large Slime","floor":7,"turns":4},{"damage":16,"enemies":"Gremlin Nob","floor":11,"turns":3},{"damage":0,"enemies":"3 Louse","floor":12,"turns":3},{"damage":9,"enemies":"3 Sentries","floor":13,"turns":3},{"damage":61,"enemies":"The Guardian","floor":16,"turns":10},{"damage":1,"enemies":"Spheric Guardian","floor":18,"turns":3},{"damage":27,"enemies":"Shell Parasite","floor":19,"turns":4},{"damage":66,"enemies":"Gremlin Leader","floor":24,"turns":4}],"event_choices":[{"event_name":"The Joust","player_choice":"Bet on Murderer","floor":20,"damage_taken":0},{"event_name":"Drug Dealer","player_choice":"Ignored","floor":21,"damage_taken":0},{"event_name":"The Mausoleum","player_choice":"Yes","floor":22,"damage_taken":0}],"boss_relics":[{"not_picked":["Eternal Feather","Runic Dome"],"picked":"Black Star"}],"potions_floor_spawned":[2,7,11,13,19],"seed_played":"-4353327549114921569","killed_by":"Gremlin Leader","ascension_level":11,"is_trial":false}