{"path_per_floor":["M","?","M","$","?","E","R","M","T","T","M","R","M","E","R","B",null],"character_chosen":"IRONCLAD","items_purchased":["Shrug It Off"],"gold_per_floor":[117,42,58,8,8,34,34,46,46,346,358,358,372,404,404,481,481,481],"floor_reached":18,"campfire_rested":0,"playtime":554,"current_hp_per_floor":[74,74,75,75,75,75,75,75,75,75,77,77,79,65,65,34,68,0],"items_purged":[],"gold":481,"score":341,"play_id":"6040685a-0a19-4e06-aaa2-7f4fac120a07","local_time":"20180413002041","is_prod":false,"is_daily":false,"is_ascension_mode":true,"campfire_upgraded":3,"timestamp":1523571641,"path_taken":["M","?","M","$","?","E","R","M","T","?","M","R","M","E","R","BOSS","M"],"build_version":"2018-04-05v2","purchased_purges":0,"victory":false,"master_deck":["Strike_R+1","Defend_R","Defend_R","Defend_R","Defend_R","Bash+1","AscendersBane","Metallicize+1","Pommel Strike","Shrug It Off+1","Clash+1","Impervious","Battle Trance","Bludgeon","Feed+1","Uppercut+1","Impervious+1"],"max_hp_per_floor":[75,75,75,75,75,75,75,75,75,75,77,77,79,79,79,79,79,83],"relics":["Burning Blood","NeowsBlessing","Singing Bowl","Red Skull","Old Coin","Whetstone","Astrolabe"],"card_choices":[{"not_picked":["Twin Strike","Cleave"],"picked":"Metallicize","floor":1},{"not_picked":["Infernal Blade","Thunderclap"],"picked":"Pommel Strike","floor":3},{"not_picked":["Corruption","Clothesline"],"picked":"Clash","floor":6},{"not_picked":["Infernal Blade","Twin Strike"],"picked":"Impervious","floor":8},{"not_picked":["Warcry","Heavy Blade"],"picked":"Battle Trance","floor":14},{"not_picked":["Immolate","Barricade"],"picked":"Bludgeon","floor":16}],"player_experience":397939,"potions_floor_usage":[16,16],"damage_taken":[{"damage":0,"enemies":"Small Slimes","floor":1,"turns":1},{"damage":0,"enemies":"Jaw Worm","floor":3,"turns":1},{"damage":0,"enemies":"3 Sentries","floor":6,"turns":1},{"damage":0,"enemies":"2 Louse","floor":8,"turns":5},{"damage":3,"enemies":"Looter","floor":11,"turns":3},{"damage":3,"enemies":"Exordium Thugs","floor":13,"turns":5},{"damage":20,"enemies":"Gremlin Nob","floor":14,"turns":5},{"damage":37,"enemies":"Slime Boss","floor":16,"turns":14},{"damage":75,"enemies":"3 Byrds","floor":18,"turns":5}],"event_choices":[{"event_name":"The Cleric","player_choice":"Card Removal","floor":2,"damage_taken":0},{"event_name":"Transmorgrifier","player_choice":"Transform","floor":5,"damage_taken":0}],"boss_relics":[{"not_picked":["Eternal Feather","White Beast Statue"],"picked":"Astrolabe"}],"potions_floor_spawned":[6,11,14],"seed_played":"7710914511420250984","killed_by":"3 Byrds","ascension_level":15,"is_trial":false}