{"path_per_floor":["M","$","?","?","M","R","E","M","T","E","?","R","M","M","R","B",null,"M","$","?","?","?","R","M","M","T","$","E","R","$","M","R","B",null,"M","M","M"],"character_chosen":"IRONCLAD","items_purchased":["Vajra","Entrench","Rupture"],"gold_per_floor":[118,43,8,83,100,100,125,141,141,170,240,240,258,272,272,346,346,361,104,104,104,104,104,118,137,163,87,119,119,45,56,56,131,131,145,165,182,182],"floor_reached":38,"campfire_rested":1,"playtime":1408,"current_hp_per_floor":[55,55,73,62,56,56,32,38,38,23,23,45,49,55,55,22,62,68,68,68,41,41,41,46,54,54,54,59,59,59,69,69,40,66,40,45,62,0],"items_purged":["Strike_R","Strike_R"],"gold":182,"score":707,"play_id":"7030760d-9202-412a-a653-3a452383ee33","local_time":"20180410004048","is_prod":false,"is_daily":false,"is_ascension_mode":true,"campfire_upgraded":5,"timestamp":1523313648,"path_taken":["M","$","?","?","M","R","E","?","T","E","?","R","M","M","R","BOSS","M","$","?","?","?","R","M","M","T","$","E","R","?","M","R","BOSS","M","M","?","?"],"build_version":"2018-04-05v2","purchased_purges":3,"victory":false,"master_deck":["Strike_R","Strike_R","Defend_R","Defend_R","Defend_R","Bash+1","AscendersBane","Combust","Impervious","Shockwave","Whirlwind+1","Clash","Feel No Pain+1","Double Tap","Disarm","Dark Shackles","Bandage Up","True Grit","Entrench+1","Rupture+1","Reaper","Burning Pact"],"max_hp_per_floor":[75,75,75,75,75,75,75,75,75,75,75,75,75,75,75,75,75,75,75,75,75,75,75,75,75,75,75,75,75,75,75,75,75,75,75,75,75,75],"relics":["Burning Blood","Orichalcum","Bag of Marbles","Thread and Needle","Velvet Choker","Vajra","Oddly Smooth Stone","Gremlin Horn","Cursed Key"],"card_choices":[{"not_picked":["Flex","Spot Weakness"],"picked":"Impervious","floor":1},{"not_picked":["Cleave","Second Wind"],"picked":"Shockwave","floor":5},{"not_picked":["Sword Boomerang","Shockwave"],"picked":"Whirlwind","floor":7},{"not_picked":["Body Slam","True Grit"],"picked":"Clash","floor":8},{"not_picked":["Dark Embrace","Iron Wave"],"picked":"Feel No Pain","floor":14},{"not_picked":["Exhume","Juggernaut"],"picked":"Double Tap","floor":16},{"not_picked":["Anger","Sword Boomerang"],"picked":"Disarm","floor":18},{"not_picked":["Thunderclap","Armaments"],"picked":"True Grit","floor":25},{"not_picked":["Feed","Double Tap"],"picked":"Reaper","floor":33},{"not_picked":["Ghostly Armor","Heavy Blade"],"picked":"Burning Pact","floor":36}],"player_experience":376695,"potions_floor_usage":[7,16,16,25,28,33,36],"damage_taken":[{"damage":19,"enemies":"Jaw Worm","floor":1,"turns":5},{"damage":12,"enemies":"Small Slimes","floor":5,"turns":5},{"damage":30,"enemies":"3 Sentries","floor":7,"turns":7},{"damage":0,"enemies":"2 Louse","floor":8,"turns":4},{"damage":21,"enemies":"Gremlin Nob","floor":10,"turns":4},{"damage":2,"enemies":"Looter","floor":13,"turns":4},{"damage":0,"enemies":"Blue Slaver","floor":14,"turns":4},{"damage":39,"enemies":"The Guardian","floor":16,"turns":12},{"damage":0,"enemies":"Spheric Guardian","floor":18,"turns":4},{"damage":5,"enemies":"2 Thieves","floor":24,"turns":5},{"damage":2,"enemies":"Snecko","floor":25,"turns":3},{"damage":5,"enemies":"Book of Stabbing","floor":28,"turns":7},{"damage":0,"enemies":"Slaver and Parasite","floor":31,"turns":5},{"damage":39,"enemies":"Collector","floor":33,"turns":10},{"damage":32,"enemies":"3 Shapes","floor":35,"turns":2},{"damage":5,"enemies":"Orb Walker","floor":36,"turns":5},{"damage":14,"enemies":"3 Darklings","floor":37,"turns":5},{"damage":80,"enemies":"Maw","floor":38,"turns":10}],"event_choices":[{"event_name":"The Cleric","player_choice":"Healed","floor":3,"damage_taken":0},{"event_name":"World of Goop","player_choice":"Gather Gold","floor":4,"damage_taken":0},{"event_name":"Golden Wing","player_choice":"Gained Gold","floor":11,"damage_taken":0},{"event_name":"Purifier","player_choice":"One Purge","floor":20,"damage_taken":0},{"event_name":"Knowing Skull","player_choice":"CARD CARD ","floor":21,"damage_taken":0},{"event_name":"Vampires","player_choice":"Ignored","floor":22,"damage_taken":0}],"boss_relics":[{"not_picked":["Snecko Eye","Orrery"],"picked":"Velvet Choker"},{"not_picked":["Runic Pyramid","Calling Bell"],"picked":"Cursed Key"}],"potions_floor_spawned":[5,10,13,14,24,25,35],"seed_played":"-2032827138303464289","killed_by":"Maw","ascension_level":15,"is_trial":false}