{"path_per_floor":["M","M","$","M","M","R","M","E","T","M","$","?","E","M","R","B",null,"M","$","M","?","M","R","E","$","T","?","$"],"character_chosen":"IRONCLAD","items_purchased":["Metallicize","Battle Trance","Feel No Pain","Vajra"],"gold_per_floor":[119,137,66,77,91,91,106,131,131,149,69,69,103,116,116,216,216,226,7,19,19,39,39,64,64,89,89,14,14],"floor_reached":29,"campfire_rested":0,"playtime":1169,"current_hp_per_floor":[74,80,80,80,80,80,80,58,58,54,54,80,60,54,54,39,75,69,69,75,75,62,62,7,7,7,7,7,0],"items_purged":["Strike_R"],"gold":14,"score":395,"play_id":"60adaed9-e091-4b15-ad48-146ea1e0fe91","local_time":"20180409233750","is_prod":false,"is_daily":false,"is_ascension_mode":true,"campfire_upgraded":2,"timestamp":1523331470,"path_taken":["M","M","$","M","M","R","M","E","T","M","$","?","E","M","R","BOSS","M","$","M","?","M","R","E","$","T","?","?","M"],"build_version":"2018-04-05v2","purchased_purges":1,"victory":false,"master_deck":["Strike_R","Strike_R","Strike_R","Strike_R","Defend_R","Defend_R","Defend_R","Defend_R","Bash","AscendersBane","Uppercut+1","Metallicize","Shrug It Off","Spot Weakness","True Grit","Shrug It Off","Battle Trance","Sword Boomerang","Limit Break+1","Seeing Red+1","Feel No Pain","Sword Boomerang+1","Feel No Pain","Ghostly Armor"],"max_hp_per_floor":[80,80,80,80,80,80,80,80,80,80,80,80,87,87,87,87,87,87,87,87,87,87,87,87,87,87,87,87,87],"relics":["Burning Blood","Ancient Tea Set","Regal Pillow","Girya","Strawberry","Sozu","Vajra","Bottled Lightning","Lantern"],"card_choices":[{"not_picked":["Combust","Sentinel"],"picked":"Uppercut","floor":1},{"not_picked":["Clash","Berserk"],"picked":"Shrug It Off","floor":5},{"not_picked":["Clothesline","Flex"],"picked":"Spot Weakness","floor":7},{"not_picked":["Rupture","Thunderclap"],"picked":"True Grit","floor":8},{"not_picked":["Pummel","Thunderclap"],"picked":"Shrug It Off","floor":10},{"not_picked":["Wild Strike","Carnage"],"picked":"Sword Boomerang","floor":13},{"not_picked":["Berserk","Double Tap"],"picked":"Limit Break","floor":16},{"not_picked":["Perfected Strike","Shockwave"],"picked":"Seeing Red","floor":18},{"not_picked":["Clash","Burning Pact"],"picked":"Sword Boomerang","floor":20},{"not_picked":["Battle Trance","Entrench"],"picked":"Ghostly Armor","floor":24}],"player_experience":516475,"potions_floor_usage":[10,24,24],"damage_taken":[{"damage":4,"enemies":"Small Slimes","floor":1,"turns":5},{"damage":0,"enemies":"Cultist","floor":2,"turns":3},{"damage":5,"enemies":"2 Louse","floor":4,"turns":3},{"damage":1,"enemies":"Blue Slaver","floor":5,"turns":8},{"damage":2,"enemies":"2 Fungi Beasts","floor":7,"turns":3},{"damage":28,"enemies":"3 Sentries","floor":8,"turns":9},{"damage":10,"enemies":"Looter","floor":10,"turns":4},{"damage":33,"enemies":"Lagavulin","floor":13,"turns":6},{"damage":12,"enemies":"Large Slime","floor":14,"turns":5},{"damage":21,"enemies":"The Guardian","floor":16,"turns":12},{"damage":12,"enemies":"Shell Parasite","floor":18,"turns":3},{"damage":0,"enemies":"Chosen","floor":20,"turns":3},{"damage":19,"enemies":"Snecko","floor":22,"turns":5},{"damage":61,"enemies":"Gremlin Leader","floor":24,"turns":7},{"damage":9,"enemies":"3 Cultists","floor":29,"turns":4}],"event_choices":[{"event_name":"Big Fish","player_choice":"Banana","floor":12,"damage_taken":0},{"event_name":"Duplicator","player_choice":"One dupe","floor":21,"damage_taken":0},{"event_name":"Vampires","player_choice":"Ignored","floor":27,"damage_taken":0}],"boss_relics":[{"not_picked":["Runic Pyramid","Snecko Eye"],"picked":"Sozu"}],"potions_floor_spawned":[1,4,7,8,14,22,24],"seed_played":"6698815149761100509","killed_by":"3 Cultists","ascension_level":11,"is_trial":false}