{"path_per_floor":["M","?","M","M","?","R","M","E","T","R","M","M","?","M","R","B",null,"M","?","M","$","?","R","E","R","T","R","M","M"],"character_chosen":"IRONCLAD","items_purchased":["Master of Strategy","Vajra"],"gold_per_floor":[114,173,183,196,196,196,209,242,265,265,290,315,315,339,339,428,428,428,428,428,20,20,20,20,20,20,20,20,20,20],"floor_reached":30,"campfire_rested":3,"playtime":741,"current_hp_per_floor":[63,63,63,63,63,63,58,37,37,59,59,59,59,59,59,38,66,50,50,41,41,23,45,32,32,32,54,38,8,0],"items_purged":["Injury"],"gold":20,"score":441,"play_id":"f99df827-0983-4cbd-b4f5-8f9a51863663","local_time":"20180413183023","is_prod":false,"is_daily":false,"chose_seed":false,"is_ascension_mode":true,"campfire_upgraded":3,"timestamp":1523662223,"path_taken":["M","?","M","?","?","R","M","E","T","R","M","M","?","?","R","BOSS","M","?","M","$","?","R","E","R","T","R","M","?","M"],"build_version":"2018-04-12","seed_source_timestamp":252997224077388,"purchased_purges":1,"victory":false,"master_deck":["Strike_R","Strike_R","Strike_R+1","Strike_R","Strike_R","Defend_R","Defend_R","Defend_R","Defend_R","Bash","AscendersBane","Uppercut+1","Clash","Cleave+1","Rage","Shockwave+1","Burning Pact","Fiend Fire","Shrug It Off+1","Infernal Blade","Master of Strategy","Blind+1","Limit Break"],"max_hp_per_floor":[75,75,75,75,75,75,75,75,75,75,75,75,75,75,75,75,75,75,75,75,75,75,75,75,75,75,75,75,75,75],"relics":["Runic Dome","Golden Idol","Bronze Scales","Whetstone","Ectoplasm","Vajra","Lantern","Question Card"],"card_choices":[{"not_picked":["Thunderclap","Inflame"],"picked":"Uppercut","floor":1},{"not_picked":["Pummel","True Grit"],"picked":"Clash","floor":3},{"not_picked":["Thunderclap","Twin Strike"],"picked":"Cleave","floor":4},{"not_picked":["Evolve","Clash"],"picked":"Rage","floor":8},{"not_picked":["Warcry","Blood for Blood"],"picked":"Shockwave","floor":11},{"not_picked":["Cleave","Havoc"],"picked":"Burning Pact","floor":14},{"not_picked":["Berserk","Brutality"],"picked":"Fiend Fire","floor":16},{"not_picked":["Flex","Twin Strike"],"picked":"Shrug It Off","floor":18},{"not_picked":["Armaments","Evolve","Reckless Charge"],"picked":"Limit Break","floor":29}],"player_experience":452560,"potions_floor_usage":[8,12,14,24,24],"damage_taken":[{"damage":5,"enemies":"Small Slimes","floor":1,"turns":3},{"damage":0,"enemies":"Jaw Worm","floor":3,"turns":3},{"damage":0,"enemies":"Cultist","floor":4,"turns":2},{"damage":5,"enemies":"2 Fungi Beasts","floor":7,"turns":4},{"damage":21,"enemies":"3 Sentries","floor":8,"turns":7},{"damage":0,"enemies":"Exordium Wildlife","floor":11,"turns":3},{"damage":0,"enemies":"3 Louse","floor":12,"turns":1},{"damage":0,"enemies":"Blue Slaver","floor":14,"turns":1},{"damage":21,"enemies":"The Guardian","floor":16,"turns":9},{"damage":16,"enemies":"Spheric Guardian","floor":18,"turns":4},{"damage":9,"enemies":"3 Byrds","floor":20,"turns":4},{"damage":25,"enemies":"Book of Stabbing","floor":24,"turns":5},{"damage":16,"enemies":"Sentry and Sphere","floor":28,"turns":4},{"damage":30,"enemies":"Cultist and Chosen","floor":29,"turns":7},{"damage":10,"enemies":"Centurion and Healer","floor":30,"turns":1}],"event_choices":[{"event_name":"Golden Wing","player_choice":"Gained Gold","floor":2,"damage_taken":0},{"event_name":"Golden Idol","player_choice":"Take Wound","floor":5,"damage_taken":0},{"event_name":"Liars Game","player_choice":"disagreed","floor":13,"damage_taken":0},{"event_name":"Match and Keep!","player_choice":"1 cards matched","floor":19,"damage_taken":0},{"event_name":"Knowing Skull","player_choice":"CARD ","floor":22,"damage_taken":0}],"boss_relics":[{"not_picked":["Philosopher\u0027s Stone","Runic Pyramid"],"picked":"Ectoplasm"}],"potions_floor_spawned":[1,7,8,14,16,28],"seed_played":"-4351408327272762419","killed_by":"Centurion and Healer","ascension_level":15,"is_trial":false}