{"path_per_floor":["M","M","?","M","?","R","M","M","T","R","E","R","?","M","R"],"character_chosen":"IRONCLAD","items_purchased":[],"gold_per_floor":[115,131,131,148,223,223,243,261,308,308,333,333,333,343,343,343],"floor_reached":16,"campfire_rested":1,"playtime":492,"current_hp_per_floor":[67,67,67,67,56,56,56,56,56,56,53,53,53,50,75,0],"items_purged":[],"gold":343,"score":179,"play_id":"4cfb5de0-c3f4-4394-8c20-4ff7e8a30ec0","local_time":"20180413180156","is_prod":false,"is_daily":false,"chose_seed":false,"is_ascension_mode":true,"campfire_upgraded":3,"timestamp":1523660516,"path_taken":["M","M","?","M","?","R","M","M","T","R","E","R","?","M","R","BOSS"],"build_version":"2018-04-12","seed_source_timestamp":251552663592941,"purchased_purges":0,"victory":false,"master_deck":["Strike_R","Strike_R","Strike_R","Strike_R","Defend_R","Defend_R","Defend_R","Defend_R","Bash+1","AscendersBane","Flame Barrier+1","Shrug It Off","Sword Boomerang","Intimidate+1","Impervious","Fiend Fire","Cleave"],"max_hp_per_floor":[75,75,75,75,75,75,75,75,75,75,75,75,75,75,75,75],"relics":["Runic Dome","Regal Pillow","Gremlin Horn"],"card_choices":[{"not_picked":["Shrug It Off","Hemokinesis"],"picked":"Flame Barrier","floor":1},{"not_picked":["Reckless Charge","Headbutt"],"picked":"Shrug It Off","floor":2},{"not_picked":["Perfected Strike","Headbutt"],"picked":"Intimidate","floor":4},{"not_picked":["Sword Boomerang","Armaments"],"picked":"Impervious","floor":8},{"not_picked":["Fire Breathing","Reckless Charge"],"picked":"Fiend Fire","floor":11},{"not_picked":["Armaments","Reckless Charge"],"picked":"Cleave","floor":14}],"player_experience":451136,"potions_floor_usage":[11,16],"damage_taken":[{"damage":1,"enemies":"Cultist","floor":1,"turns":3},{"damage":0,"enemies":"Small Slimes","floor":2,"turns":4},{"damage":0,"enemies":"2 Louse","floor":4,"turns":2},{"damage":0,"enemies":"Large Slime","floor":7,"turns":7},{"damage":0,"enemies":"2 Fungi Beasts","floor":8,"turns":4},{"damage":3,"enemies":"3 Sentries","floor":11,"turns":6},{"damage":3,"enemies":"Looter","floor":14,"turns":4},{"damage":75,"enemies":"Hexaghost","floor":16,"turns":12}],"event_choices":[{"event_name":"Living Wall","player_choice":"Change","floor":3,"damage_taken":0},{"event_name":"World of Goop","player_choice":"Gather Gold","floor":5,"damage_taken":0},{"event_name":"Liars Game","player_choice":"disagreed","floor":13,"damage_taken":0}],"boss_relics":[],"potions_floor_spawned":[2,7,11],"seed_played":"-9020922054910745401","killed_by":"Hexaghost","ascension_level":15,"is_trial":false}