{"path_per_floor":["M","M","$","M","M","R","T","?","T","R","E","R","M","M","R","B"],"character_chosen":"IRONCLAD","items_purchased":[],"gold_per_floor":[147,167,92,106,116,116,189,189,189,189,216,216,233,253,253,358,358],"floor_reached":17,"campfire_rested":3,"playtime":407,"current_hp_per_floor":[57,44,44,33,30,54,54,54,54,54,42,66,50,39,63,43,69],"items_purged":["Regret"],"gold":358,"score":236,"play_id":"77505524-a181-4603-a10d-c5acd19686b2","local_time":"20180408192102","is_prod":false,"is_daily":false,"is_ascension_mode":true,"campfire_upgraded":1,"timestamp":1523229662,"path_taken":["M","M","$","M","M","R","?","?","T","R","E","R","M","M","R","BOSS"],"build_version":"2018-04-05v2","purchased_purges":1,"victory":false,"master_deck":["Strike_R","Strike_R","Strike_R","Strike_R","Defend_R","Defend_R+1","Defend_R","Defend_R+1","Bash","AscendersBane","Cleave","Thunderclap","Flex+1","Headbutt","Pommel Strike","Pummel","Reaper","Doubt","Clumsy","Bloodletting+1"],"max_hp_per_floor":[80,80,80,80,80,80,80,80,80,80,80,80,80,80,80,80,77],"relics":["Calling Bell","War Paint","Tiny Chest","Happy Flower","Shuriken","Toolbox","Prayer Wheel","Astrolabe"],"card_choices":[{"not_picked":["Sword Boomerang","Second Wind"],"picked":"Cleave","floor":1},{"not_picked":["Heavy Blade","Body Slam"],"picked":"Thunderclap","floor":2},{"not_picked":["Wild Strike","Headbutt"],"picked":"Flex","floor":5},{"not_picked":["Brutality","Wild Strike"],"picked":"Headbutt","floor":11},{"not_picked":["Twin Strike","Iron Wave"],"picked":"Pommel Strike","floor":13},{"not_picked":["Corruption","Body Slam"],"picked":"Pummel","floor":14},{"not_picked":["Offering","Fiend Fire"],"picked":"Reaper","floor":16}],"player_experience":232550,"potions_floor_usage":[5],"damage_taken":[{"damage":15,"enemies":"Cultist","floor":1,"turns":5},{"damage":13,"enemies":"Small Slimes","floor":2,"turns":4},{"damage":11,"enemies":"Jaw Worm","floor":4,"turns":3},{"damage":3,"enemies":"Gremlin Gang","floor":5,"turns":3},{"damage":12,"enemies":"Gremlin Nob","floor":11,"turns":3},{"damage":16,"enemies":"Looter","floor":13,"turns":2},{"damage":11,"enemies":"Exordium Thugs","floor":14,"turns":2},{"damage":20,"enemies":"Slime Boss","floor":16,"turns":7}],"event_choices":[{"event_name":"Liars Game","player_choice":"disagreed","floor":8,"damage_taken":0}],"boss_relics":[{"not_picked":["Ectoplasm","Pandora\u0027s Box"],"picked":"Astrolabe"}],"potions_floor_spawned":[2,4,5,11],"seed_played":"-6843882105039666395","ascension_level":10,"is_trial":false}