{"path_per_floor":["M","M","?","M","?","E","$","E","T","R","M","M","R","M","R"],"character_chosen":"IRONCLAD","items_purchased":[],"gold_per_floor":[12,30,30,40,40,79,4,45,45,45,66,81,81,94,94,94],"floor_reached":16,"campfire_rested":2,"playtime":458,"current_hp_per_floor":[70,73,73,74,68,36,36,19,19,39,34,38,38,20,40,0],"items_purged":["Strike_R"],"gold":94,"score":196,"play_id":"c27679ec-02f4-4955-96e5-69fa10293477","local_time":"20180411001600","is_prod":false,"is_daily":false,"is_ascension_mode":true,"campfire_upgraded":1,"timestamp":1523398560,"path_taken":["M","?","?","M","?","E","$","E","T","R","M","?","R","M","R","BOSS"],"build_version":"2018-04-05v2","purchased_purges":1,"victory":false,"master_deck":["Strike_R","Strike_R","Defend_R","Defend_R","Defend_R","Defend_R","Bash","AscendersBane","Hemokinesis","Body Slam","Uppercut+1","Rampage","Double Tap","Metallicize+1","Sentinel","Seeing Red","Clash"],"max_hp_per_floor":[75,75,75,75,68,68,68,68,68,68,68,68,68,68,68,68],"relics":["Burning Blood","Golden Idol","Dodecahedron","Omamori","Dead Branch"],"card_choices":[{"not_picked":["Twin Strike","Anger"],"picked":"Uppercut","floor":1},{"not_picked":["Headbutt","Clothesline"],"picked":"Rampage","floor":4},{"not_picked":["Perfected Strike","Thunderclap"],"picked":"Double Tap","floor":6},{"not_picked":["Perfected Strike","Spot Weakness"],"picked":"Metallicize","floor":8},{"not_picked":["Sword Boomerang","Heavy Blade"],"picked":"Sentinel","floor":11},{"not_picked":["Anger","Combust"],"picked":"Seeing Red","floor":12},{"not_picked":["Shrug It Off","Havoc"],"picked":"Clash","floor":14}],"player_experience":382418,"potions_floor_usage":[12,14,16],"damage_taken":[{"damage":4,"enemies":"Cultist","floor":1,"turns":3},{"damage":3,"enemies":"2 Louse","floor":2,"turns":3},{"damage":5,"enemies":"Jaw Worm","floor":4,"turns":3},{"damage":38,"enemies":"Lagavulin","floor":6,"turns":5},{"damage":23,"enemies":"Gremlin Nob","floor":8,"turns":4},{"damage":11,"enemies":"Looter","floor":11,"turns":3},{"damage":2,"enemies":"Exordium Wildlife","floor":12,"turns":3},{"damage":24,"enemies":"Lots of Slimes","floor":14,"turns":5},{"damage":41,"enemies":"The Guardian","floor":16,"turns":9}],"event_choices":[{"event_name":"Accursed Blacksmith","player_choice":"Forge","floor":3,"damage_taken":0},{"event_name":"Golden Idol","player_choice":"Lose Max HP","floor":5,"damage_taken":0}],"boss_relics":[],"potions_floor_spawned":[1,8,12,14],"seed_played":"9019182756904829862","killed_by":"The Guardian","ascension_level":15,"is_trial":false}