{"path_per_floor":["M","?","M","$","?","R","E","?","T","M","M","M","M","M","R","B",null,"M","?","$","$","?","R","E","R","T","E","R","M","M","$","R","B",null,"M","?","M","M","M","R","?","R","T","M","R","M","R","?","R","B"],"character_chosen":"IRONCLAD","items_purchased":["Apotheosis","Self Forming Clay","Infernal Blade"],"gold_per_floor":[117,192,205,0,0,0,32,60,60,77,92,112,130,143,143,241,241,261,261,3,3,3,3,30,30,30,59,59,70,86,50,50,150,150,168,168,179,192,206,206,206,206,506,521,521,531,531,531,531,531],"floor_reached":51,"campfire_rested":6,"playtime":4377,"current_hp_per_floor":[80,69,68,68,52,52,48,44,44,48,54,58,47,43,68,44,84,69,53,53,53,53,79,33,60,62,35,63,61,48,48,77,67,103,103,103,91,55,51,83,85,85,85,100,100,104,104,104,104,52],"items_purged":[],"gold":531,"score":712,"play_id":"9cabd7b7-21e1-4454-8a55-e8fc49e6e41f","local_time":"20180416182227","is_prod":false,"is_daily":false,"chose_seed":false,"is_ascension_mode":false,"campfire_upgraded":5,"timestamp":1523917347,"path_taken":["M","?","?","$","?","R","E","?","T","M","M","?","M","M","R","BOSS","M","?","?","$","?","R","E","R","T","E","R","M","?","$","R","BOSS","M","?","?","M","?","R","?","R","T","M","R","M","R","?","R","BOSS"],"build_version":"2018-04-12","seed_source_timestamp":0,"purchased_purges":0,"victory":true,"master_deck":["Strike_R","Strike_R+1","Strike_R","Strike_R","Strike_R","Defend_R","Defend_R","Defend_R","Defend_R","Bash+1","Double Tap","Flex","Ghostly Armor","Apotheosis+1","Reckless Charge","Reckless Charge","Cleave","Havoc","Disarm","Corruption+1","Infernal Blade+1","Offering+1","Flex+1","Sentinel+1","Entrench+1","Flame Barrier+1","Bloodletting+1","Corruption+1"],"max_hp_per_floor":[80,80,80,80,80,80,80,80,80,84,84,84,84,84,84,84,84,84,89,89,89,89,89,91,91,93,95,95,97,99,99,99,99,103,105,105,105,105,107,107,109,109,109,111,111,116,116,116,116,116],"relics":["Burning Blood","Dead Branch","Odd Mushroom","Centennial Puzzle","Black Star","Self Forming Clay","Singing Bowl","Prayer Wheel","Molten Egg 2","Bag of Marbles","Bronze Scales","Orrery","Old Coin"],"card_choices":[{"not_picked":["Anger","True Grit"],"picked":"Flex","floor":1.0},{"not_picked":["Perfected Strike","Flex"],"picked":"Ghostly Armor","floor":3.0},{"not_picked":["Clothesline","Double Tap"],"picked":"Reckless Charge","floor":7.0},{"not_picked":["Pommel Strike","Warcry"],"picked":"Reckless Charge","floor":8.0},{"not_picked":["True Grit","Juggernaut"],"picked":"Cleave","floor":10.0},{"not_picked":["Armaments","Cleave"],"picked":"Havoc","floor":11.0},{"not_picked":["Fiend Fire","Sword Boomerang"],"picked":"Disarm","floor":14.0},{"not_picked":["Double Tap","Immolate"],"picked":"Juggernaut","floor":16.0},{"not_picked":["Whirlwind","Carnage"],"picked":"Corruption","floor":18.0},{"not_picked":["Berserk","Feed"],"picked":"Offering","floor":33.0},{"not_picked":["Havoc","Carnage"],"picked":"Flex","floor":34.0},{"not_picked":["Flex","Pommel Strike"],"picked":"Sentinel","floor":34.0},{"not_picked":["Disarm","Perfected Strike"],"picked":"Entrench","floor":34.0},{"not_picked":["Cleave","Warcry"],"picked":"Flame Barrier","floor":37.0},{"not_picked":["Heavy Blade","Flex"],"picked":"Bloodletting","floor":38},{"not_picked":["Pommel Strike","Clothesline"],"picked":"Corruption","floor":43}],"player_experience":53551,"potions_floor_usage":[39],"damage_taken":[{"damage":2.0,"enemies":"Small Slimes","floor":1.0,"turns":4.0},{"damage":7.0,"enemies":"2 Louse","floor":3.0,"turns":4.0},{"damage":10.0,"enemies":"Lagavulin","floor":7.0,"turns":7.0},{"damage":10.0,"enemies":"The Mushroom Lair","floor":8.0,"turns":4.0},{"damage":6.0,"enemies":"Cultist","floor":10.0,"turns":3.0},{"damage":0.0,"enemies":"Looter","floor":11.0,"turns":2.0},{"damage":2.0,"enemies":"Blue Slaver","floor":12.0,"turns":2.0},{"damage":17.0,"enemies":"3 Louse","floor":13.0,"turns":2.0},{"damage":10.0,"enemies":"Looter","floor":14.0,"turns":2.0},{"damage":30.0,"enemies":"Slime Boss","floor":16.0,"turns":6.0},{"damage":21.0,"enemies":"Chosen","floor":18.0,"turns":5.0},{"damage":54.0,"enemies":"Slavers","floor":24.0,"turns":5.0},{"damage":35.0,"enemies":"Gremlin Leader","floor":27.0,"turns":4.0},{"damage":10.0,"enemies":"Spheric Guardian","floor":29.0,"turns":3.0},{"damage":21.0,"enemies":"Centurion and Healer","floor":30.0,"turns":4.0},{"damage":25.0,"enemies":"Collector","floor":33.0,"turns":5.0},{"damage":8.0,"enemies":"Orb Walker","floor":35.0,"turns":2.0},{"damage":18.0,"enemies":"3 Darklings","floor":37.0,"turns":3.0},{"damage":42,"enemies":"Sphere and 2 Shapes","floor":38,"turns":5},{"damage":12,"enemies":"Maw","floor":39,"turns":5},{"damage":11,"enemies":"3 Darklings","floor":44,"turns":2},{"damage":7,"enemies":"Sphere and 2 Shapes","floor":46,"turns":2},{"damage":73,"enemies":"Awakened One","floor":50,"turns":9}],"event_choices":[{"event_name":"World of Goop","player_choice":"Gather Gold","floor":2.0,"damage_taken":0.0},{"event_name":"Shining Light","player_choice":"Entered Light","floor":5.0,"damage_taken":0.0},{"event_name":"Mushrooms","player_choice":"Fought Mushrooms","floor":8.0,"damage_taken":0.0},{"event_name":"Forgotten Altar","player_choice":"Shed Blood","floor":19.0,"damage_taken":0.0},{"event_name":"Addict","player_choice":"Ignored","floor":22.0,"damage_taken":0.0},{"event_name":"Mysterious Sphere","player_choice":"Ignore","floor":36.0,"damage_taken":0.0},{"event_name":"SensoryStone","player_choice":"Memory 1","floor":41,"damage_taken":0}],"boss_relics":[],"potions_floor_spawned":[8,10,11,12,13,27,29,30,37],"seed_played":"-8813629816248989168","ascension_level":0,"is_trial":false}