{"path_per_floor":["M","M","?","?","M","R","E","R","T","?","R","?","?","M","R","B",null,"M","?","M","?","?","R","M","R","T","M","$","?","M","$","R","B",null,"M","M","?","?","$","E","R","M","T","?","?","?"],"character_chosen":"IRONCLAD","items_purchased":["Pen Nib"],"gold_per_floor":[114,133,133,133,151,151,180,180,203,203,203,203,153,172,172,302,302,326,326,340,340,430,430,450,450,473,493,263,263,284,184,184,309,309,330,355,355,355,230,273,273,289,338,338,671,671,671],"floor_reached":47,"campfire_rested":1,"playtime":1215,"current_hp_per_floor":[45,51,51,51,57,57,40,40,40,40,40,40,40,46,46,26,74,74,74,74,74,58,58,64,64,64,65,65,65,66,66,66,31,74,74,74,74,74,74,22,44,39,39,41,41,41,0],"items_purged":["Battle Trance","Strike_R","Defend_R"],"gold":671,"score":499,"play_id":"93db6ee3-cf40-45fd-9c45-3a56af8c6bac","local_time":"20180407103005","is_prod":false,"is_daily":false,"is_ascension_mode":false,"campfire_upgraded":7,"timestamp":1523115005,"path_taken":["M","M","?","?","?","R","E","R","T","?","R","?","?","M","R","BOSS","M","?","M","?","?","R","M","R","T","M","$","?","M","$","R","BOSS","M","M","?","?","$","E","R","M","T","?","?","?","E"],"build_version":"2018-04-05v2","purchased_purges":4,"victory":false,"master_deck":["Defend_R+1","Defend_R+1","Bash+1","Clash+1","Dropkick+1","Whirlwind+1"],"max_hp_per_floor":[80,80,80,80,80,80,80,80,80,80,80,74,74,74,74,74,74,74,74,74,74,74,74,74,74,74,74,74,74,74,74,74,74,74,74,74,74,74,74,76,76,78,78,80,80,80,80],"relics":["Burning Blood","Happy Flower","Bag of Preparation","Sozu","Juzu Bracelet","Pen Nib","Orrery","Singing Bowl","Oddly Smooth Stone"],"card_choices":[{"not_picked":["Armaments","Disarm"],"picked":"Clash","floor":1},{"not_picked":["Sever Soul","Cleave"],"picked":"Thunderclap","floor":2},{"not_picked":["Shrug It Off","Wild Strike"],"picked":"Dropkick","floor":14},{"not_picked":["Fire Breathing","Bloodletting"],"picked":"Whirlwind","floor":24}],"player_experience":425736,"potions_floor_usage":[7,40],"damage_taken":[{"damage":1,"enemies":"Jaw Worm","floor":1,"turns":7},{"damage":0,"enemies":"Small Slimes","floor":2,"turns":3},{"damage":0,"enemies":"2 Louse","floor":5,"turns":2},{"damage":23,"enemies":"Lagavulin","floor":7,"turns":6},{"damage":0,"enemies":"2 Fungi Beasts","floor":14,"turns":3},{"damage":26,"enemies":"The Guardian","floor":16,"turns":10},{"damage":0,"enemies":"Shell Parasite","floor":18,"turns":2},{"damage":0,"enemies":"3 Byrds","floor":20,"turns":4},{"damage":0,"enemies":"3 Cultists","floor":24,"turns":4},{"damage":5,"enemies":"Cultist and Chosen","floor":27,"turns":4},{"damage":5,"enemies":"Snake Plant","floor":30,"turns":2},{"damage":41,"enemies":"Automaton","floor":33,"turns":9},{"damage":0,"enemies":"3 Shapes","floor":35,"turns":2},{"damage":0,"enemies":"Orb Walker","floor":36,"turns":3},{"damage":60,"enemies":"2 Orb Walkers","floor":40,"turns":5},{"damage":13,"enemies":"Sphere and 2 Shapes","floor":42,"turns":4},{"damage":48,"enemies":"Nemesis","floor":47,"turns":3}],"event_choices":[{"event_name":"Living Wall","player_choice":"Forget","floor":3,"damage_taken":0},{"event_name":"Liars Game","player_choice":"disagreed","floor":4,"damage_taken":0},{"event_name":"Upgrade Shrine","player_choice":"Upgraded","floor":10,"damage_taken":0},{"event_name":"Golden Idol","player_choice":"Lose Max HP","floor":12,"damage_taken":0},{"event_name":"The Cleric","player_choice":"Card Removal","floor":13,"damage_taken":0},{"event_name":"Bonfire Elementals","player_choice":"BASIC","floor":19,"damage_taken":0},{"event_name":"Match and Keep!","player_choice":"1 cards matched","floor":21,"damage_taken":0},{"event_name":"Knowing Skull","player_choice":"GOLD ","floor":22,"damage_taken":0},{"event_name":"The Mausoleum","player_choice":"No","floor":29,"damage_taken":0},{"event_name":"Tomb of Lord Red Mask","player_choice":"Ignored","floor":37,"damage_taken":0},{"event_name":"SensoryStone","player_choice":"Memory 1","floor":44,"damage_taken":0},{"event_name":"The Moai Head","player_choice":"Gave Idol","floor":45,"damage_taken":0},{"event_name":"The Woman in Blue","player_choice":"Bought 0 Potions","floor":46,"damage_taken":0}],"boss_relics":[{"not_picked":["Ectoplasm","Snecko Eye"],"picked":"Sozu"},{"not_picked":["Astrolabe","Pandora\u0027s Box"],"picked":"Orrery"}],"potions_floor_spawned":[2,5,14,18,33,36,42],"seed_played":"1182991996783738998","killed_by":"Nemesis","ascension_level":0,"is_trial":false}