{"path_per_floor":["M","M","?","?","M","R","T","$","T","$","M","R","$","M","R","B",null,"M","M","?","M","?","R"],"character_chosen":"IRONCLAD","items_purchased":["Flex","Bandage Up"],"gold_per_floor":[110,126,201,201,226,226,252,25,25,25,38,38,38,62,62,183,183,197,222,147,161,161,161,161],"floor_reached":24,"campfire_rested":3,"playtime":674,"current_hp_per_floor":[56,47,36,36,25,47,47,47,47,47,43,65,65,69,69,33,64,46,48,48,13,13,35,0],"items_purged":["Decay"],"gold":161,"score":279,"play_id":"39bede76-23a1-4ecf-b6a6-3eb3559134b0","local_time":"20180406202928","is_prod":false,"is_daily":false,"is_ascension_mode":true,"campfire_upgraded":1,"timestamp":1523060968,"path_taken":["M","M","?","?","M","R","?","$","T","?","?","R","$","M","R","BOSS","M","M","?","M","?","R","E"],"build_version":"2018-04-05v2","purchased_purges":1,"victory":false,"master_deck":["Strike_R+1","Strike_R+1","Strike_R+1","Strike_R+1","Defend_R+1","Defend_R+1","Defend_R+1","Defend_R+1","Bash","AscendersBane","Clumsy","Clumsy","Spot Weakness","Demon Form+1","Pummel","Flex","Bandage Up","Uppercut","Dual Wield","Demon Form","Pummel+1","Armaments+1"],"max_hp_per_floor":[80,80,80,74,74,74,74,74,74,74,74,74,74,74,74,74,74,74,74,74,74,74,74,74],"relics":["Calling Bell","Pen Nib","Ancient Tea Set","Centennial Puzzle","Golden Idol","Anchor","Unceasing Top","Sozu"],"card_choices":[{"not_picked":["Clothesline","Uppercut"],"picked":"Spot Weakness","floor":1},{"not_picked":["Havoc","Anger"],"picked":"Demon Form","floor":2},{"not_picked":["True Grit","Clash"],"picked":"Pummel","floor":5},{"not_picked":["True Grit","Pommel Strike"],"picked":"Uppercut","floor":11},{"not_picked":["Clash","Havoc"],"picked":"Dual Wield","floor":14},{"not_picked":["Dark Embrace","Exhume"],"picked":"Demon Form","floor":16},{"not_picked":["Second Wind","Body Slam"],"picked":"Pummel","floor":18},{"not_picked":["Thunderclap","Clothesline"],"picked":"Armaments","floor":19}],"player_experience":216104,"potions_floor_usage":[16,18],"damage_taken":[{"damage":16,"enemies":"Small Slimes","floor":1,"turns":5},{"damage":9,"enemies":"Jaw Worm","floor":2,"turns":3},{"damage":11,"enemies":"2 Louse","floor":5,"turns":2},{"damage":8,"enemies":"Blue Slaver","floor":11,"turns":3},{"damage":0,"enemies":"Red Slaver","floor":14,"turns":4},{"damage":53,"enemies":"The Guardian","floor":16,"turns":9},{"damage":22,"enemies":"Spheric Guardian","floor":18,"turns":4},{"damage":2,"enemies":"Chosen","floor":19,"turns":3},{"damage":39,"enemies":"Snake Plant","floor":21,"turns":5},{"damage":44,"enemies":"Book of Stabbing","floor":24,"turns":4}],"event_choices":[{"event_name":"World of Goop","player_choice":"Gather Gold","floor":3,"damage_taken":0},{"event_name":"Golden Idol","player_choice":"Lose Max HP","floor":4,"damage_taken":0},{"event_name":"Beggar","player_choice":"Gave Gold","floor":20,"damage_taken":0},{"event_name":"Back to Basics","player_choice":"Simplicity","floor":22,"damage_taken":0}],"boss_relics":[{"not_picked":["Eternal Feather","Astrolabe"],"picked":"Sozu"}],"potions_floor_spawned":[1,14,16,21],"seed_played":"3692916909484498304","killed_by":"Book of Stabbing","ascension_level":10,"is_trial":false}