{"path_per_floor":["M","M","?","M","T","?","?","$","T","M","?","M","R","M","R","B",null,"M","M","?","?","?","R","?","M","T","R","M","E","$","E","R","B",null,"M","$","?","M","M","E","R","M","T","E","M","M","?","M","R"],"character_chosen":"IRONCLAD","items_purchased":["Bronze Scales","Metallicize","Combust","Combust"],"gold_per_floor":[116,130,305,319,319,319,319,22,22,38,38,55,55,74,74,177,177,192,204,204,204,204,204,119,138,138,138,150,184,43,74,74,175,175,192,122,0,18,37,62,62,78,126,160,176,188,188,203,203,203],"floor_reached":50,"campfire_rested":6,"playtime":3397,"current_hp_per_floor":[80,73,73,62,69,52,40,40,40,6,35,28,54,54,80,35,87,84,73,73,57,57,57,57,47,47,73,73,71,71,49,75,37,87,86,86,86,69,47,42,68,55,55,51,49,36,36,29,55,0],"items_purged":["Doubt","Decay"],"gold":203,"score":559,"play_id":"64aaabc8-60b1-4374-9167-335151f72305","local_time":"20180415211632","is_prod":false,"is_daily":false,"chose_seed":false,"is_ascension_mode":false,"campfire_upgraded":1,"timestamp":1523841392,"path_taken":["M","M","?","?","?","?","?","?","T","?","?","M","R","M","R","BOSS","M","M","?","?","?","R","?","M","T","R","M","E","$","E","R","BOSS","M","$","?","M","M","E","R","M","T","E","M","M","?","M","R","BOSS"],"build_version":"2018-04-12","seed_source_timestamp":37154122778301,"purchased_purges":2,"victory":false,"master_deck":["Strike_R+1","Strike_R+1","Strike_R+1","Defend_R+1","Defend_R+1","Bash","Metallicize","Shrug It Off","Thunderclap","Spot Weakness","Metallicize","Infernal Blade","Evolve","Bludgeon+1","Shrug It Off+1","Necronomicurse","Infernal Blade","Uppercut+1","Combust","Metallicize+1","Berserk","Pummel+1","Heavy Blade+1","Berserk+1","Flame Barrier","Combust","Carnage","Double Tap","Uppercut+1","Brutality","Flame Barrier","Uppercut"],"max_hp_per_floor":[80,80,80,80,87,87,87,87,87,87,87,87,87,87,87,87,87,87,87,87,87,87,87,87,87,87,87,87,87,87,87,87,87,87,87,87,87,87,87,87,87,87,87,87,87,87,87,87,87,87],"relics":["Orrery","Strawberry","Mummified Hand","Bronze Scales","Bottled Tornado","Snecko Eye","Necronomicon","Kunai","Orichalcum","Lantern","Shuriken","Astrolabe","Red Mask","Champion Belt","Anchor","Paper Frog"],"card_choices":[{"not_picked":["Clash","Body Slam"],"picked":"Metallicize","floor":0},{"not_picked":["Pommel Strike","Body Slam"],"picked":"Shrug It Off","floor":0},{"not_picked":["Reckless Charge","Clothesline"],"picked":"Thunderclap","floor":0},{"not_picked":["Clash","Dropkick"],"picked":"Spot Weakness","floor":0},{"not_picked":["Heavy Blade","Anger"],"picked":"Infernal Blade","floor":10},{"not_picked":["Entrench","Sentinel"],"picked":"Evolve","floor":14},{"not_picked":["Barricade","Reaper"],"picked":"Bludgeon","floor":16},{"not_picked":["Sword Boomerang","Burning Pact"],"picked":"Shrug It Off","floor":18},{"not_picked":["Reckless Charge","Power Through"],"picked":"Infernal Blade","floor":25},{"not_picked":["Offering","Battle Trance"],"picked":"Uppercut","floor":29},{"not_picked":["Reaper","Anger"],"picked":"Metallicize","floor":31},{"not_picked":["Exhume","Offering"],"picked":"Berserk","floor":33},{"not_picked":["Rupture","Twin Strike"],"picked":"Flame Barrier","floor":35},{"not_picked":["Sword Boomerang","Flex"],"picked":"Carnage","floor":38},{"not_picked":["Sword Boomerang","True Grit"],"picked":"Double Tap","floor":39},{"not_picked":["Havoc","Battle Trance"],"picked":"Uppercut","floor":40},{"not_picked":["Fire Breathing","Body Slam"],"picked":"Brutality","floor":45},{"not_picked":["Spot Weakness","Perfected Strike"],"picked":"Flame Barrier","floor":46},{"not_picked":["Perfected Strike","Sword Boomerang"],"picked":"Uppercut","floor":48}],"player_experience":48496,"potions_floor_usage":[18,18,44,44,50,50],"damage_taken":[{"damage":0,"enemies":"2 Louse","floor":1,"turns":2},{"damage":7,"enemies":"Small Slimes","floor":2,"turns":2},{"damage":11,"enemies":"Jaw Worm","floor":4,"turns":3},{"damage":34,"enemies":"Gremlin Gang","floor":10,"turns":3},{"damage":7,"enemies":"Exordium Thugs","floor":12,"turns":3},{"damage":0,"enemies":"3 Louse","floor":14,"turns":3},{"damage":45,"enemies":"The Guardian","floor":16,"turns":12},{"damage":7,"enemies":"Shell Parasite","floor":18,"turns":4},{"damage":11,"enemies":"Spheric Guardian","floor":19,"turns":3},{"damage":10,"enemies":"Snake Plant","floor":25,"turns":2},{"damage":0,"enemies":"Cultist and Chosen","floor":28,"turns":3},{"damage":2,"enemies":"Gremlin Leader","floor":29,"turns":4},{"damage":22,"enemies":"Slavers","floor":31,"turns":4},{"damage":38,"enemies":"Automaton","floor":33,"turns":8},{"damage":1,"enemies":"Orb Walker","floor":35,"turns":2},{"damage":17,"enemies":"3 Darklings","floor":38,"turns":5},{"damage":22,"enemies":"4 Shapes","floor":39,"turns":4},{"damage":5,"enemies":"Giant Head","floor":40,"turns":5},{"damage":13,"enemies":"Maw","floor":42,"turns":5},{"damage":4,"enemies":"2 Orb Walkers","floor":44,"turns":4},{"damage":2,"enemies":"3 Darklings","floor":45,"turns":3},{"damage":13,"enemies":"Sphere and 2 Shapes","floor":46,"turns":5},{"damage":7,"enemies":"4 Shapes","floor":48,"turns":2},{"damage":55,"enemies":"Time Eater","floor":50,"turns":6}],"event_choices":[{"event_name":"Liars Game","player_choice":"agreed","floor":3,"damage_taken":0},{"event_name":"Shining Light","player_choice":"Entered Light","floor":6,"damage_taken":0},{"event_name":"Scrap Ooze","player_choice":"success","floor":7,"damage_taken":12},{"event_name":"Big Fish","player_choice":"Banana","floor":11,"damage_taken":0},{"event_name":"Back to Basics","player_choice":"Simplicity","floor":20,"damage_taken":0},{"event_name":"Cursed Tome","player_choice":"Obtained Book","floor":21,"damage_taken":0},{"event_name":"Forgotten Altar","player_choice":"Smashed Altar","floor":22,"damage_taken":0},{"event_name":"Addict","player_choice":"Obtained Relic","floor":24,"damage_taken":0},{"event_name":"Tomb of Lord Red Mask","player_choice":"Paid","floor":37,"damage_taken":0}],"boss_relics":[{"not_picked":["Philosopher\u0027s Stone","Tiny House"],"picked":"Snecko Eye"},{"not_picked":["Cursed Key","Sozu"],"picked":"Astrolabe"}],"potions_floor_spawned":[1,10,16,25,28,33,35,40,42,46,48],"seed_played":"-2993526864223983411","killed_by":"Time Eater","ascension_level":0,"is_trial":false}