{"path_per_floor":["M","?","?","$","M","E","R","M","T","M","M","?","R","M","R"],"character_chosen":"IRONCLAD","items_purchased":[],"gold_per_floor":[118,118,118,43,57,85,85,100,100,110,122,182,182,195,195,195],"floor_reached":16,"campfire_rested":3,"playtime":3552,"current_hp_per_floor":[78,71,68,68,68,26,52,52,52,42,29,29,55,61,87,0],"items_purged":["Strike_R"],"gold":195,"score":102,"play_id":"5ea6827a-3ce2-4bd2-92b6-e86a4e7ea234","local_time":"20180415170301","is_prod":false,"is_daily":false,"chose_seed":false,"is_ascension_mode":false,"campfire_upgraded":0,"timestamp":1523826181,"path_taken":["M","?","?","$","M","E","R","M","T","M","M","?","R","M","R","BOSS"],"build_version":"2018-04-12","seed_source_timestamp":0,"purchased_purges":1,"victory":false,"master_deck":["Strike_R","Strike_R","Strike_R","Defend_R","Defend_R","Defend_R","Bash","Thunderclap","Seeing Red","Shrug It Off","Iron Wave","Ghostly Armor","Metallicize"],"max_hp_per_floor":[80,80,80,80,80,87,87,87,87,87,87,87,87,87,87,87],"relics":["Burning Blood","Ancient Tea Set","Strawberry","Bottled Lightning","Ornamental Fan"],"card_choices":[{"not_picked":["Pommel Strike","Seeing Red"],"picked":"Thunderclap","floor":1.0},{"not_picked":["Uppercut","Battle Trance"],"picked":"Seeing Red","floor":8.0},{"not_picked":["Havoc","Warcry"],"picked":"Shrug It Off","floor":10},{"not_picked":["Flex","Reckless Charge"],"picked":"Iron Wave","floor":11},{"not_picked":["Rupture","Reckless Charge"],"picked":"Ghostly Armor","floor":12},{"not_picked":["Heavy Blade","Second Wind"],"picked":"Metallicize","floor":14}],"player_experience":39557,"potions_floor_usage":[12],"damage_taken":[{"damage":8.0,"enemies":"Small Slimes","floor":1.0,"turns":3.0},{"damage":6.0,"enemies":"2 Louse","floor":5.0,"turns":2.0},{"damage":67.0,"enemies":"Lagavulin","floor":6.0,"turns":7.0},{"damage":6.0,"enemies":"Cultist","floor":8.0,"turns":3.0},{"damage":16,"enemies":"Blue Slaver","floor":10,"turns":4},{"damage":19,"enemies":"Exordium Wildlife","floor":11,"turns":5},{"damage":6,"enemies":"3 Sentries","floor":12,"turns":7},{"damage":0,"enemies":"2 Fungi Beasts","floor":14,"turns":2},{"damage":87,"enemies":"The Guardian","floor":16,"turns":21}],"event_choices":[{"event_name":"Golden Wing","player_choice":"Card Removal","floor":2.0,"damage_taken":0.0},{"event_name":"Scrap Ooze","player_choice":"success","floor":3.0,"damage_taken":3.0},{"event_name":"Dead Adventurer","player_choice":"Searched \u00271\u0027 times","floor":12,"damage_taken":0}],"boss_relics":[],"potions_floor_spawned":[5,6,11],"seed_played":"-5165166690713834666","killed_by":"The Guardian","ascension_level":0,"is_trial":false}