{"path_per_floor":["M","?","?","T","M","E","M","E","T","R","?","M","?","?","R","B",null,"M","?","?","?","M","R","M","M","T","M","M","E","R","?","R"],"character_chosen":"IRONCLAD","items_purchased":[],"gold_per_floor":[114,114,114,114,124,154,170,201,225,225,225,245,316,316,316,420,420,437,362,262,262,273,273,290,303,326,336,350,383,383,383,383,383],"floor_reached":33,"campfire_rested":1,"playtime":2911,"current_hp_per_floor":[80,64,64,71,74,73,77,41,41,41,46,52,52,52,52,27,92,82,82,82,82,75,75,78,61,61,51,41,41,41,23,52,0],"items_purged":[],"gold":383,"score":300,"play_id":"e828a649-aaad-4a97-b70e-5d8382095438","local_time":"20180416215549","is_prod":false,"is_daily":false,"chose_seed":false,"is_ascension_mode":false,"campfire_upgraded":4,"timestamp":1523912149,"path_taken":["M","?","?","?","M","E","M","E","T","R","?","M","?","?","R","BOSS","M","?","?","?","M","R","M","M","T","M","M","E","R","?","R","BOSS"],"build_version":"2018-04-12","seed_source_timestamp":248984578804709,"purchased_purges":0,"victory":false,"master_deck":["Strike_R","Strike_R","Strike_R","Defend_R+1","Defend_R","Defend_R","Bash+1","Metallicize+1","True Grit","Whirlwind+1","Metallicize+1","Shockwave","Fiend Fire+1","Rampage+1","Dual Wield+1","Infernal Blade+1","Headbutt+1","J.A.X.+1","Normality","Intimidate","Searing Blow+1","Flame Barrier","Body Slam","Seeing Red","Flex"],"max_hp_per_floor":[80,80,80,87,87,87,87,87,87,87,92,92,92,92,92,92,92,92,92,92,92,92,92,92,92,92,92,92,92,92,97,97,97],"relics":["Burning Blood","Strawberry","Juzu Bracelet","Unceasing Top","Oddly Smooth Stone","Astrolabe","Ancient Tea Set","Anchor","Pen Nib"],"card_choices":[{"not_picked":["Searing Blow","Carnage"],"picked":"Metallicize","floor":1},{"not_picked":["Perfected Strike","Twin Strike"],"picked":"True Grit","floor":5},{"not_picked":["Headbutt","Clash"],"picked":"Whirlwind","floor":6},{"not_picked":["Thunderclap","Twin Strike"],"picked":"Clothesline","floor":7},{"not_picked":["Dual Wield","Fire Breathing"],"picked":"Metallicize","floor":8},{"not_picked":["Twin Strike","Armaments"],"picked":"Pommel Strike","floor":12},{"not_picked":["Reaper","Dark Embrace"],"picked":"Fiend Fire","floor":16},{"not_picked":["Cleave","Corruption"],"picked":"Headbutt","floor":18},{"not_picked":["Reckless Charge","Clothesline"],"picked":"Intimidate","floor":22},{"not_picked":["Entrench","Blood for Blood"],"picked":"Searing Blow","floor":24},{"not_picked":["Cleave","Dropkick"],"picked":"Flame Barrier","floor":25},{"not_picked":["Combust","Reckless Charge"],"picked":"Body Slam","floor":27},{"not_picked":["Headbutt","Sword Boomerang"],"picked":"Seeing Red","floor":28},{"not_picked":["Anger","Brutality"],"picked":"Flex","floor":29}],"player_experience":0,"potions_floor_usage":[18,28,28,29,29,33],"damage_taken":[{"damage":0,"enemies":"Small Slimes","floor":1,"turns":4},{"damage":3,"enemies":"2 Louse","floor":5,"turns":3},{"damage":7,"enemies":"3 Sentries","floor":6,"turns":17},{"damage":2,"enemies":"Cultist","floor":7,"turns":3},{"damage":42,"enemies":"Gremlin Nob","floor":8,"turns":6},{"damage":0,"enemies":"3 Louse","floor":12,"turns":1},{"damage":31,"enemies":"The Guardian","floor":16,"turns":16},{"damage":16,"enemies":"Spheric Guardian","floor":18,"turns":6},{"damage":13,"enemies":"Chosen","floor":22,"turns":5},{"damage":3,"enemies":"Centurion and Healer","floor":24,"turns":4},{"damage":23,"enemies":"Chosen and Byrds","floor":25,"turns":7},{"damage":16,"enemies":"Snecko","floor":27,"turns":5},{"damage":16,"enemies":"Centurion and Healer","floor":28,"turns":6},{"damage":21,"enemies":"Gremlin Leader","floor":29,"turns":6},{"damage":68,"enemies":"Champ","floor":33,"turns":10}],"event_choices":[{"event_name":"Shining Light","player_choice":"Entered Light","floor":2,"damage_taken":0},{"event_name":"Living Wall","player_choice":"Grow","floor":3,"damage_taken":0},{"event_name":"Big Fish","player_choice":"Donut","floor":11,"damage_taken":0},{"event_name":"Golden Wing","player_choice":"Gained Gold","floor":13,"damage_taken":0},{"event_name":"Transmorgrifier","player_choice":"Transform","floor":14,"damage_taken":0},{"event_name":"Beggar","player_choice":"Gave Gold","floor":19,"damage_taken":0},{"event_name":"Drug Dealer","player_choice":"Got JAXXED","floor":20,"damage_taken":0},{"event_name":"Accursed Blacksmith","player_choice":"Rummage","floor":21,"damage_taken":0},{"event_name":"Forgotten Altar","player_choice":"Shed Blood","floor":31,"damage_taken":0}],"boss_relics":[{"not_picked":["Black Star","Calling Bell"],"picked":"Astrolabe"}],"potions_floor_spawned":[1,5,6,8,22,25,27,28,29],"seed_played":"7747272805806091122","killed_by":"Champ","ascension_level":0,"is_trial":false}