{"path_per_floor":["M","M","?","?","M","E","R","M","T","?","?","R","M","M","R"],"character_chosen":"IRONCLAD","items_purchased":[],"gold_per_floor":[117,135,135,135,146,180,180,198,198,198,148,148,164,145,145,145],"floor_reached":16,"campfire_rested":2,"playtime":1134,"current_hp_per_floor":[80,80,80,77,67,56,56,39,39,23,23,47,49,37,61,0],"items_purged":[],"gold":145,"score":102,"play_id":"1423f063-7dda-468e-8551-6892e0122dae","local_time":"20180415131159","is_prod":false,"is_daily":false,"chose_seed":false,"is_ascension_mode":false,"campfire_upgraded":1,"timestamp":1523812319,"path_taken":["M","?","?","?","?","E","R","M","T","?","?","R","M","M","R","BOSS"],"build_version":"2018-04-12","seed_source_timestamp":10345113201388,"purchased_purges":0,"victory":false,"master_deck":["Strike_R","Strike_R","Strike_R","Defend_R","Defend_R+1","Defend_R","Defend_R+1","Bash","Corruption+1","Feel No Pain","Havoc","Burning Pact","Shrug It Off","Intimidate"],"max_hp_per_floor":[80,80,80,80,80,80,80,80,80,80,80,80,80,80,80,80],"relics":["Burning Blood","Gambling Chip","Bronze Scales","Unceasing Top"],"card_choices":[{"not_picked":["Entrench","Perfected Strike"],"picked":"Corruption","floor":0},{"not_picked":["Power Through","Searing Blow"],"picked":"Feel No Pain","floor":5},{"not_picked":["Twin Strike","Pommel Strike"],"picked":"Havoc","floor":6},{"not_picked":["Searing Blow","Reckless Charge"],"picked":"Burning Pact","floor":8},{"not_picked":["Inflame","Rupture"],"picked":"Shrug It Off","floor":13},{"not_picked":["Clothesline","Heavy Blade"],"picked":"Intimidate","floor":14}],"player_experience":32703,"potions_floor_usage":[],"damage_taken":[{"damage":6,"enemies":"Cultist","floor":1,"turns":3},{"damage":5,"enemies":"Small Slimes","floor":2,"turns":4},{"damage":16,"enemies":"2 Louse","floor":5,"turns":3},{"damage":17,"enemies":"3 Sentries","floor":6,"turns":16},{"damage":23,"enemies":"Gremlin Gang","floor":8,"turns":6},{"damage":4,"enemies":"Blue Slaver","floor":13,"turns":4},{"damage":18,"enemies":"Exordium Thugs","floor":14,"turns":6},{"damage":64,"enemies":"Hexaghost","floor":16,"turns":13}],"event_choices":[{"event_name":"Living Wall","player_choice":"Forget","floor":3,"damage_taken":0},{"event_name":"Scrap Ooze","player_choice":"success","floor":4,"damage_taken":3},{"event_name":"Shining Light","player_choice":"Entered Light","floor":10,"damage_taken":0},{"event_name":"The Cleric","player_choice":"Card Removal","floor":11,"damage_taken":0}],"boss_relics":[],"potions_floor_spawned":[13],"seed_played":"-5632269623635561474","killed_by":"Hexaghost","ascension_level":0,"is_trial":false}