{"path_per_floor":["M","M","M","?","M","R","?","$","T","$","E","R","?","M","R","B",null,"M","M","?","?","?","$","?","T","T","E","M","?","R","M","R","B",null,"M","?","?","T","T"],"character_chosen":"IRONCLAD","items_purchased":["Juzu Bracelet","Fire Potion"],"gold_per_floor":[144,159,176,176,193,193,193,38,68,19,45,45,45,62,62,166,166,178,198,198,198,98,23,23,23,23,48,63,63,63,80,80,180,180,196,196,196,196,196,196],"floor_reached":40,"campfire_rested":1,"playtime":983,"current_hp_per_floor":[75,75,75,75,55,55,38,38,38,38,20,45,45,45,45,19,85,75,65,42,49,49,49,49,49,49,43,45,45,45,46,46,18,49,36,26,20,20,20,0],"items_purged":["Defend_R"],"gold":196,"score":451,"play_id":"0d943d49-1552-4ff9-88ad-f7e117aa99f3","local_time":"20180409223117","is_prod":false,"is_daily":false,"is_ascension_mode":false,"campfire_upgraded":2,"timestamp":1523327477,"path_taken":["M","M","?","?","M","R","?","$","T","$","E","R","?","M","R","BOSS","M","M","?","?","?","?","?","?","T","E","M","?","R","M","R","BOSS","M","?","?","?","?","E"],"build_version":"2018-04-05v2","purchased_purges":1,"victory":false,"master_deck":["Strike_R","Strike_R","Strike_R+1","Strike_R","Strike_R+1","Defend_R","Defend_R+1","Defend_R","Bash","Inflame+1","Uppercut+1","Whirlwind+1","Heavy Blade","Shrug It Off","Pummel","Double Tap","Shrug It Off","Ghostly","Ghostly","Ghostly","Ghostly","Ghostly","J.A.X.","Reaper","Flex","Flex+1","Limit Break","Secret Technique","Master of Strategy","Jack Of All Trades","Madness","Madness"],"max_hp_per_floor":[85,85,85,85,85,85,85,85,85,85,85,85,85,85,85,85,85,85,85,42,49,49,49,49,49,49,49,49,49,49,49,49,49,49,49,49,49,49,49,49],"relics":["Tiny House","Juzu Bracelet","Tiny Chest","Meat on the Bone","Sozu","Strawberry","Calipers","Girya","Self Forming Clay","Black Star","Vajra","Gambling Chip"],"card_choices":[{"not_picked":["Power Through","Body Slam"],"picked":"Inflame","floor":0},{"not_picked":["Bloodletting","Ghostly Armor"],"picked":"Uppercut","floor":2},{"not_picked":["Power Through","Clothesline"],"picked":"Whirlwind","floor":3},{"not_picked":["Twin Strike","Corruption"],"picked":"Heavy Blade","floor":5},{"not_picked":["Feel No Pain","Rage"],"picked":"Shrug It Off","floor":11},{"not_picked":["Twin Strike","Havoc"],"picked":"Pummel","floor":14},{"not_picked":["Dark Embrace","Berserk"],"picked":"Double Tap","floor":16},{"not_picked":["Fire Breathing","Anger"],"picked":"Shrug It Off","floor":19},{"not_picked":["Armaments","Havoc"],"picked":"Reaper","floor":27},{"not_picked":["Perfected Strike","Clothesline"],"picked":"Flex","floor":28},{"not_picked":["Armaments","Twin Strike"],"picked":"Flex","floor":31},{"not_picked":["Feed","Immolate"],"picked":"Limit Break","floor":33},{"not_picked":["Panacea","Mind Blast"],"picked":"Secret Technique","floor":36},{"not_picked":["Blind","Dark Shackles"],"picked":"Master of Strategy","floor":36},{"not_picked":["Panacea","Trip"],"picked":"Jack Of All Trades","floor":36}],"player_experience":264810,"potions_floor_usage":[2,11,16,33],"damage_taken":[{"damage":10,"enemies":"Cultist","floor":1,"turns":4},{"damage":0,"enemies":"Small Slimes","floor":2,"turns":3},{"damage":0,"enemies":"2 Louse","floor":3,"turns":3},{"damage":20,"enemies":"Looter","floor":5,"turns":3},{"damage":18,"enemies":"Lagavulin","floor":11,"turns":5},{"damage":0,"enemies":"2 Fungi Beasts","floor":14,"turns":2},{"damage":53,"enemies":"The Guardian","floor":16,"turns":11},{"damage":10,"enemies":"Chosen","floor":18,"turns":3},{"damage":10,"enemies":"Spheric Guardian","floor":19,"turns":3},{"damage":6,"enemies":"Slavers","floor":27,"turns":6},{"damage":4,"enemies":"Snake Plant","floor":28,"turns":5},{"damage":3,"enemies":"3 Cultists","floor":31,"turns":5},{"damage":40,"enemies":"Automaton","floor":33,"turns":8},{"damage":13,"enemies":"3 Darklings","floor":35,"turns":5},{"damage":35,"enemies":"Nemesis","floor":40,"turns":2}],"event_choices":[{"event_name":"Liars Game","player_choice":"disagreed","floor":4,"damage_taken":0},{"event_name":"Shining Light","player_choice":"Entered Light","floor":7,"damage_taken":0},{"event_name":"Upgrade Shrine","player_choice":"Upgraded","floor":13,"damage_taken":0},{"event_name":"Ghosts","player_choice":"Became a Ghost","floor":20,"damage_taken":0},{"event_name":"The Mausoleum","player_choice":"Yes","floor":21,"damage_taken":0},{"event_name":"Drug Dealer","player_choice":"Got JAXXED","floor":22,"damage_taken":0},{"event_name":"Beggar","player_choice":"Ignored","floor":24,"damage_taken":0},{"event_name":"Vampires","player_choice":"Ignored","floor":29,"damage_taken":0},{"event_name":"SensoryStone","player_choice":"Memory 3","floor":36,"damage_taken":0},{"event_name":"Winding Halls","player_choice":"Embrace Madness","floor":37,"damage_taken":0}],"boss_relics":[{"not_picked":["Lizard Tail","Runic Dome"],"picked":"Sozu"},{"not_picked":["Runic Pyramid","Eternal Feather"],"picked":"Black Star"}],"potions_floor_spawned":[1,11,16,18,19,35],"seed_played":"6685506377450886356","killed_by":"Nemesis","ascension_level":0,"is_trial":false}