{"path_per_floor":["M","$","?","?","$","R","?","E","T","?","M","R","M","?","R","B",null,"M","$","M","?","M","R","E","R","T","$","?","R","M","M","R","B",null,"M","?","M","?","T","R"],"character_chosen":"IRONCLAD","items_purchased":["Vajra","Double Tap"],"gold_per_floor":[115,40,40,40,40,40,40,65,65,65,82,82,97,172,172,270,300,319,18,32,32,32,32,59,59,59,59,59,59,79,95,95,191,191,201,201,214,214,214,214,214],"floor_reached":41,"campfire_rested":0,"playtime":949,"current_hp_per_floor":[80,80,80,80,80,80,64,34,34,34,40,40,46,35,35,18,85,81,81,83,83,81,81,46,46,46,46,42,42,42,42,42,7,42,42,42,42,42,42,42,0],"items_purged":["Defend_R"],"gold":214,"score":431,"play_id":"079acc3e-45de-40c0-a732-e3568c40a483","local_time":"20180409230414","is_prod":false,"is_daily":false,"is_ascension_mode":false,"campfire_upgraded":8,"timestamp":1523336654,"path_taken":["M","$","?","?","?","R","?","E","T","?","M","R","M","?","R","BOSS","M","$","M","?","M","R","E","R","T","$","?","R","M","M","R","BOSS","M","?","M","?","?","R","E"],"build_version":"2018-04-05","purchased_purges":1,"victory":false,"master_deck":["Strike_R","Strike_R","Strike_R","Strike_R+1","Defend_R+1","Defend_R","Defend_R","Bash+1","Flex+1","Cleave+1","Bludgeon+1","Flame Barrier+1","Double Tap+1","Flame Barrier+1","Inflame+1","Ghostly+1","Ghostly","Ghostly","Ghostly","Ghostly"],"max_hp_per_floor":[80,80,80,80,80,80,80,80,80,80,80,80,80,80,80,80,85,85,85,85,85,85,85,85,85,85,85,42,42,42,42,42,42,42,42,42,42,42,42,42,42],"relics":["Burning Blood","Oddly Smooth Stone","Charon\u0027s Ashes","Juzu Bracelet","Tiny House","Vajra","Mercury Hourglass","Ice Cream","Velvet Choker","Calipers"],"card_choices":[{"not_picked":["Sword Boomerang","Burning Pact"],"picked":"Flex","floor":1},{"not_picked":["Pommel Strike","Bloodletting"],"picked":"Cleave","floor":8},{"not_picked":["Demon Form","Fiend Fire"],"picked":"Bludgeon","floor":16},{"not_picked":["Sword Boomerang","Uppercut"],"picked":"Flame Barrier","floor":17},{"not_picked":["Headbutt","Feel No Pain"],"picked":"Flame Barrier","floor":20},{"not_picked":["Shrug It Off","Pommel Strike"],"picked":"Inflame","floor":22}],"player_experience":1466,"potions_floor_usage":[8,16,24,33,33,41],"damage_taken":[{"damage":0,"enemies":"Small Slimes","floor":1,"turns":3},{"damage":36,"enemies":"Lagavulin","floor":8,"turns":4},{"damage":0,"enemies":"Cultist","floor":11,"turns":2},{"damage":0,"enemies":"2 Louse","floor":13,"turns":2},{"damage":23,"enemies":"Slime Boss","floor":16,"turns":7},{"damage":10,"enemies":"Chosen","floor":18,"turns":3},{"damage":4,"enemies":"3 Byrds","floor":20,"turns":4},{"damage":8,"enemies":"Centurion and Healer","floor":22,"turns":5},{"damage":41,"enemies":"Slavers","floor":24,"turns":4},{"damage":3,"enemies":"Snake Plant","floor":30,"turns":3},{"damage":1,"enemies":"Snecko","floor":31,"turns":5},{"damage":41,"enemies":"Collector","floor":33,"turns":10},{"damage":1,"enemies":"3 Shapes","floor":35,"turns":5},{"damage":2,"enemies":"Orb Walker","floor":37,"turns":3},{"damage":49,"enemies":"Giant Head","floor":41,"turns":7}],"event_choices":[{"event_name":"Match and Keep!","player_choice":"0 cards matched","floor":3,"damage_taken":0},{"event_name":"The Cleric","player_choice":"Leave","floor":4,"damage_taken":0},{"event_name":"Shining Light","player_choice":"Entered Light","floor":7,"damage_taken":0},{"event_name":"The Lab","player_choice":"Got Potions","floor":10,"damage_taken":0},{"event_name":"World of Goop","player_choice":"Gather Gold","floor":14,"damage_taken":0},{"event_name":"Beggar","player_choice":"Ignored","floor":21,"damage_taken":0},{"event_name":"Ghosts","player_choice":"Became a Ghost","floor":28,"damage_taken":0},{"event_name":"Tomb of Lord Red Mask","player_choice":"Ignored","floor":36,"damage_taken":0}],"boss_relics":[{"not_picked":["Runic Cube","Black Star"],"picked":"Tiny House"},{"not_picked":["White Beast Statue","Philosopher\u0027s Stone"],"picked":"Velvet Choker"}],"potions_floor_spawned":[1,13,16,22,24,30,33,37],"seed_played":"3097296775909876093","killed_by":"Giant Head","ascension_level":0,"is_trial":false}