{"path_per_floor":["M","?","M","$","?","R","E","M","T","R","M","R","E","?","R","B",null,"M","?","?","?","M","E","R","M","T","M","R","E","R","E","R","B",null,"M","?","?","M","M","R"],"character_chosen":"IRONCLAD","items_purchased":["Hemokinesis"],"gold_per_floor":[116,41,59,19,19,19,53,65,65,65,76,76,106,106,106,183,183,201,201,201,126,145,175,175,190,213,226,226,260,260,293,293,366,366,376,376,376,395,414,414,414],"floor_reached":41,"campfire_rested":4,"playtime":1822,"current_hp_per_floor":[61,61,65,65,65,65,33,37,37,37,34,57,46,35,35,12,64,45,45,40,40,42,14,29,36,38,37,54,55,55,39,56,30,50,55,55,55,55,58,58,0],"items_purged":[],"gold":414,"score":870,"play_id":"2fca34bf-494d-46d7-a354-421b482482f4","local_time":"20180410001651","is_prod":false,"is_daily":false,"is_ascension_mode":true,"campfire_upgraded":5,"timestamp":1523312211,"path_taken":["M","?","?","?","?","R","E","M","T","R","?","R","E","?","R","BOSS","M","?","?","?","M","E","R","M","T","M","R","E","R","E","R","BOSS","M","?","?","M","M","R","E"],"build_version":"2018-04-05v2","purchased_purges":0,"victory":false,"master_deck":["Bash","AscendersBane","Metallicize","Uppercut","Hemokinesis+1","Clash","Clash","True Grit+1","Metallicize+1","Cleave","Flex","Iron Wave","Sentinel","Rampage+1","Anger","Anger","Clash","Ghostly","Ghostly","Ghostly","Ghostly+1","Ghostly+1","Double Tap","Clash","Offering","Corruption+1","Body Slam+1"],"max_hp_per_floor":[75,75,75,75,75,75,75,75,75,75,77,77,79,79,79,81,81,81,81,40,40,42,44,46,48,50,52,54,56,56,56,56,56,56,58,58,58,60,60,60,60],"relics":["Burning Blood","Dream Catcher","Prayer Wheel","Singing Bowl","Unceasing Top","Gremlin Horn","Juzu Bracelet","Pandora\u0027s Box","Bronze Scales","Regal Pillow","War Paint","Oddly Smooth Stone","Sozu","Spirit Poop"],"card_choices":[{"not_picked":["Headbutt","Reckless Charge"],"picked":"Metallicize","floor":1},{"not_picked":["Reckless Charge","Dual Wield"],"picked":"Uppercut","floor":3},{"not_picked":["Dark Embrace","Fiend Fire"],"picked":"Clash","floor":7},{"not_picked":["Clothesline","Entrench"],"picked":"Clash","floor":8},{"not_picked":["Flame Barrier","Burning Pact"],"picked":"True Grit","floor":9},{"not_picked":["Rupture","Havoc"],"picked":"Metallicize","floor":12},{"not_picked":["Rupture","Evolve"],"picked":"Clash","floor":18},{"not_picked":["Rampage","Whirlwind"],"picked":"Double Tap","floor":31},{"not_picked":["Iron Wave","Flame Barrier"],"picked":"Clash","floor":32},{"not_picked":["Dark Embrace","Impervious"],"picked":"Offering","floor":33},{"not_picked":["Perfected Strike","Heavy Blade"],"picked":"Body Slam","floor":39}],"player_experience":374873,"potions_floor_usage":[11,16,23,23,27,27,29,33],"damage_taken":[{"damage":13,"enemies":"Small Slimes","floor":1,"turns":5},{"damage":2,"enemies":"Cultist","floor":3,"turns":4},{"damage":38,"enemies":"3 Sentries","floor":7,"turns":11},{"damage":2,"enemies":"2 Louse","floor":8,"turns":4},{"damage":11,"enemies":"Blue Slaver","floor":11,"turns":2},{"damage":19,"enemies":"Gremlin Nob","floor":13,"turns":4},{"damage":31,"enemies":"The Guardian","floor":16,"turns":16},{"damage":25,"enemies":"Shell Parasite","floor":18,"turns":5},{"damage":0,"enemies":"Spheric Guardian","floor":22,"turns":6},{"damage":36,"enemies":"Book of Stabbing","floor":23,"turns":8},{"damage":1,"enemies":"3 Cultists","floor":25,"turns":6},{"damage":9,"enemies":"Slaver and Parasite","floor":27,"turns":5},{"damage":7,"enemies":"Gremlin Leader","floor":29,"turns":7},{"damage":22,"enemies":"Book of Stabbing","floor":31,"turns":7},{"damage":32,"enemies":"Collector","floor":33,"turns":10},{"damage":3,"enemies":"3 Darklings","floor":35,"turns":4},{"damage":8,"enemies":"3 Shapes","floor":38,"turns":3},{"damage":3,"enemies":"Maw","floor":39,"turns":6},{"damage":60,"enemies":"Nemesis","floor":41,"turns":10}],"event_choices":[{"event_name":"The Cleric","player_choice":"Card Removal","floor":2,"damage_taken":0},{"event_name":"Big Fish","player_choice":"Box","floor":5,"damage_taken":0},{"event_name":"Scrap Ooze","player_choice":"success","floor":14,"damage_taken":11},{"event_name":"The Mausoleum","player_choice":"No","floor":19,"damage_taken":0},{"event_name":"Ghosts","player_choice":"Became a Ghost","floor":20,"damage_taken":0},{"event_name":"Beggar","player_choice":"Gave Gold","floor":21,"damage_taken":0},{"event_name":"Match and Keep!","player_choice":"1 cards matched","floor":36,"damage_taken":0},{"event_name":"Bonfire Elementals","player_choice":"CURSE","floor":37,"damage_taken":0}],"boss_relics":[{"not_picked":["Snecko Eye","Black Star"],"picked":"Pandora\u0027s Box"},{"not_picked":["Orrery","Runic Pyramid"],"picked":"Sozu"}],"potions_floor_spawned":[7,11,13,18,23,25,27,29,38,39],"seed_played":"1059100503820467204","killed_by":"Nemesis","ascension_level":15,"is_trial":false}