{"path_per_floor":["M","?","M","$","?","R","M","R","T","M","E","R","M","?","R","B",null,"M","$","M","M","$","R","E","R","T","M","E","M","E","M","R","B",null,"M","$","?","?","?","B"],"character_chosen":"IRONCLAD","items_purchased":["Apotheosis","Bag of Preparation","Shuriken"],"gold_per_floor":[12,12,23,23,98,98,110,110,110,127,161,161,176,176,176,278,278,291,81,101,118,118,118,147,147,196,207,239,250,282,297,297,393,393,407,1,1,101,101,101],"floor_reached":41,"campfire_rested":2,"playtime":2943,"current_hp_per_floor":[80,80,80,80,69,69,70,70,70,76,65,65,69,69,69,30,80,80,80,80,74,74,74,30,54,54,52,41,42,16,9,33,17,80,66,66,66,66,66,13],"items_purged":[],"gold":101,"score":624,"play_id":"957e4352-f278-4b99-b853-c4362aca75ce","local_time":"20180415113750","is_prod":false,"is_daily":false,"chose_seed":true,"is_ascension_mode":false,"campfire_upgraded":5,"timestamp":1523806670,"path_taken":["M","?","M","$","?","R","M","R","T","?","E","R","M","?","R","BOSS","M","$","M","M","$","R","E","R","T","M","E","M","E","M","R","BOSS","M","$","?","?","?","BOSS"],"build_version":"2018-04-12","seed_source_timestamp":2831765759123,"purchased_purges":0,"victory":true,"master_deck":["Strike_R","Strike_R","Strike_R","Strike_R","Strike_R","Defend_R","Defend_R","Defend_R","Defend_R","Bash","Burning Pact+1","Metallicize+1","Twin Strike","Combust+1","Thunderclap+1","Demon Form+1","Metallicize","Apotheosis","Cleave+1","Demon Form","Combust","Berserk","Dual Wield"],"max_hp_per_floor":[80,80,80,80,80,80,80,80,80,80,80,80,80,80,80,80,80,80,80,80,80,80,80,80,80,80,80,80,80,80,80,80,80,80,80,80,80,80,80,80],"relics":["Burning Blood","Thread and Needle","Bronze Scales","Anchor","Snecko Eye","Gambling Chip","Omamori","Bottled Tornado","Oddly Smooth Stone","Mark of Pain","Bag of Preparation","Shuriken"],"card_choices":[{"not_picked":["Heavy Blade","Searing Blow"],"picked":"Burning Pact","floor":3},{"not_picked":["Cleave","Shockwave"],"picked":"Metallicize","floor":7},{"not_picked":["Perfected Strike","Clothesline"],"picked":"Twin Strike","floor":10},{"not_picked":["Heavy Blade","Spot Weakness"],"picked":"Combust","floor":11},{"not_picked":["Entrench","Second Wind"],"picked":"Thunderclap","floor":13},{"not_picked":["Brutality","Juggernaut"],"picked":"Demon Form","floor":16},{"not_picked":["Blood for Blood","Clothesline"],"picked":"Metallicize","floor":18},{"not_picked":["Pommel Strike","Thunderclap"],"picked":"Cleave","floor":20},{"not_picked":["Clash","Shrug It Off"],"picked":"Demon Form","floor":28},{"not_picked":["Iron Wave","Dropkick"],"picked":"Combust","floor":29},{"not_picked":["Bludgeon","Offering"],"picked":"Berserk","floor":33},{"not_picked":["Reckless Charge","Second Wind"],"picked":"Dual Wield","floor":35}],"player_experience":28845,"potions_floor_usage":[11,11,16,16,24,31,31,40,40,40],"damage_taken":[{"damage":6,"enemies":"Jaw Worm","floor":1,"turns":2},{"damage":1,"enemies":"Cultist","floor":3,"turns":3},{"damage":5,"enemies":"Small Slimes","floor":7,"turns":4},{"damage":0,"enemies":"Blue Slaver","floor":10,"turns":4},{"damage":17,"enemies":"Lagavulin","floor":11,"turns":6},{"damage":2,"enemies":"Looter","floor":13,"turns":3},{"damage":45,"enemies":"Hexaghost","floor":16,"turns":9},{"damage":4,"enemies":"Shell Parasite","floor":18,"turns":4},{"damage":3,"enemies":"Chosen","floor":20,"turns":4},{"damage":12,"enemies":"Snake Plant","floor":21,"turns":3},{"damage":50,"enemies":"Slavers","floor":24,"turns":5},{"damage":8,"enemies":"Centurion and Healer","floor":27,"turns":3},{"damage":17,"enemies":"Gremlin Leader","floor":28,"turns":5},{"damage":5,"enemies":"Snecko","floor":29,"turns":3},{"damage":32,"enemies":"Slavers","floor":30,"turns":3},{"damage":13,"enemies":"Snake Plant","floor":31,"turns":4},{"damage":22,"enemies":"Collector","floor":33,"turns":8},{"damage":20,"enemies":"3 Darklings","floor":35,"turns":4},{"damage":59,"enemies":"Donu and Deca","floor":40,"turns":6}],"event_choices":[{"event_name":"The Lab","player_choice":"Got Potions","floor":2,"damage_taken":0},{"event_name":"World of Goop","player_choice":"Gather Gold","floor":5,"damage_taken":0},{"event_name":"The Woman in Blue","player_choice":"Bought 0 Potions","floor":14,"damage_taken":0},{"event_name":"Wheel of Change","player_choice":"Curse","floor":37,"damage_taken":0},{"event_name":"Golden Shrine","player_choice":"Pray","floor":38,"damage_taken":0},{"event_name":"SecretPortal","player_choice":"Took Portal.","floor":39,"damage_taken":0}],"boss_relics":[{"not_picked":["Velvet Choker","Black Blood"],"picked":"Snecko Eye"},{"not_picked":["Sozu","Philosopher\u0027s Stone"],"picked":"Mark of Pain"}],"potions_floor_spawned":[1,11,13,16,27,28,31,33,35],"seed_played":"8194894130408480367","ascension_level":0,"is_trial":false}