{"path_per_floor":["M","$","?","M","M","R","E","M","T","R","E","?","E","M","R","B",null,"M","$","?","?","M","R","E","R","T","E","?","M","$","E","R","B",null,"M","M","$","M","?","R","T","R","T","M","M","E","M","?","R","B"],"character_chosen":"IRONCLAD","items_purchased":["Feel No Pain","Bag of Marbles","Seeing Red","Uppercut"],"gold_per_floor":[111,30,30,40,53,53,82,94,94,94,128,128,159,176,176,272,272,292,64,64,64,74,74,106,106,133,166,81,91,11,36,36,140,140,156,174,38,54,54,54,84,84,160,173,190,225,244,244,244,244],"floor_reached":51,"campfire_rested":1,"playtime":2409,"current_hp_per_floor":[76,76,68,73,70,70,58,56,56,56,43,43,46,52,76,28,67,64,64,64,40,40,40,38,38,38,52,52,52,52,54,54,29,48,55,56,56,53,53,53,53,53,53,42,58,58,57,47,47,55],"items_purged":["Defend_R","Defend_R"],"gold":244,"score":1370,"play_id":"56db3335-f0a8-4cf0-bdd3-e4f93be92d1a","local_time":"20180414112932","is_prod":false,"is_daily":false,"chose_seed":false,"is_ascension_mode":true,"campfire_upgraded":7,"timestamp":1523719772,"path_taken":["M","$","?","?","M","R","E","M","T","R","E","?","E","M","R","BOSS","M","$","?","?","M","R","E","R","T","E","?","?","$","E","R","BOSS","M","M","$","M","?","R","?","R","T","M","M","E","M","?","R","BOSS"],"build_version":"2018-04-12","seed_source_timestamp":0,"purchased_purges":2,"victory":true,"master_deck":["Strike_R","Strike_R","Strike_R","Strike_R","Strike_R","Defend_R","Defend_R","Bash+1","AscendersBane","Feel No Pain+1","True Grit+1","Infernal Blade+1","Infernal Blade+1","Spot Weakness","Battle Trance","Barricade+1","Infernal Blade+1","Ghostly","Ghostly","Ghostly","Ghostly","Ghostly","Spot Weakness+1","Feed","Seeing Red","Inflame+1","Exhume","Havoc+1","Uppercut+1","Disarm+1","Decay","Infernal Blade+1","Inflame+1","Evolve","Jack Of All Trades","Panacea","Panacea"],"max_hp_per_floor":[80,80,80,80,80,80,80,80,80,80,80,80,80,80,80,80,80,80,80,80,40,40,40,47,47,47,52,52,54,54,54,54,54,54,56,56,56,56,56,56,56,56,56,56,58,58,61,61,61,61],"relics":["Burning Blood","Meat on the Bone","Bronze Scales","Sundial","Singing Bowl","Mark of Pain","Bag of Marbles","Strawberry","Anchor","Blood Vial","Question Card","Mummified Hand","Cursed Key","Tiny Chest","Gremlin Horn","Peace Pipe"],"card_choices":[{"not_picked":["Sword Boomerang","Headbutt"],"picked":"True Grit","floor":4.0},{"not_picked":["Inflame","Perfected Strike"],"picked":"Infernal Blade","floor":5.0},{"not_picked":["Iron Wave","Rupture"],"picked":"Infernal Blade","floor":11.0},{"not_picked":["Hemokinesis","Anger"],"picked":"Spot Weakness","floor":13.0},{"not_picked":["Flex","Metallicize"],"picked":"Battle Trance","floor":14.0},{"not_picked":["Brutality","Juggernaut"],"picked":"Barricade","floor":16.0},{"not_picked":["Perfected Strike","Heavy Blade"],"picked":"Infernal Blade","floor":18.0},{"not_picked":["Armaments","Pommel Strike"],"picked":"Spot Weakness","floor":22.0},{"not_picked":["Brutality","Reckless Charge"],"picked":"Feed","floor":24.0},{"not_picked":["Iron Wave","Entrench","Battle Trance"],"picked":"Inflame","floor":31.0},{"not_picked":["Brutality","Barricade","Feed"],"picked":"Exhume","floor":33.0},{"not_picked":["Twin Strike","Armaments","Entrench"],"picked":"Havoc","floor":36},{"not_picked":["Twin Strike","Heavy Blade","True Grit"],"picked":"Disarm","floor":38},{"not_picked":["Pommel Strike","Armaments","Headbutt"],"picked":"Infernal Blade","floor":44},{"not_picked":["Flex","Dual Wield","Entrench"],"picked":"Inflame","floor":46},{"not_picked":["Fire Breathing","Iron Wave","Seeing Red"],"picked":"Evolve","floor":47},{"not_picked":["Flash of Steel","Finesse","Apotheosis"],"picked":"Jack Of All Trades","floor":48},{"not_picked":["Sadistic Nature","Secret Technique","Madness"],"picked":"Panacea","floor":48},{"not_picked":["Dark Shackles","Panache","Good Instincts"],"picked":"Panacea","floor":48}],"player_experience":281011,"potions_floor_usage":[45,46,50],"damage_taken":[{"damage":2.0,"enemies":"2 Louse","floor":1.0,"turns":3.0},{"damage":1.0,"enemies":"Cultist","floor":4.0,"turns":3.0},{"damage":9.0,"enemies":"Jaw Worm","floor":5.0,"turns":4.0},{"damage":18.0,"enemies":"3 Sentries","floor":7.0,"turns":11.0},{"damage":8.0,"enemies":"Red Slaver","floor":8.0,"turns":5.0},{"damage":31.0,"enemies":"Lagavulin","floor":11.0,"turns":7.0},{"damage":15.0,"enemies":"3 Sentries","floor":13.0,"turns":10.0},{"damage":0.0,"enemies":"2 Fungi Beasts","floor":14.0,"turns":3.0},{"damage":66.0,"enemies":"Hexaghost","floor":16.0,"turns":9.0},{"damage":9.0,"enemies":"3 Byrds","floor":18.0,"turns":3.0},{"damage":2.0,"enemies":"Chosen","floor":22.0,"turns":8.0},{"damage":36.0,"enemies":"Gremlin Leader","floor":24.0,"turns":9.0},{"damage":2.0,"enemies":"Slavers","floor":27.0,"turns":7.0},{"damage":8.0,"enemies":"Centurion and Healer","floor":29.0,"turns":6.0},{"damage":0.0,"enemies":"Gremlin Leader","floor":31.0,"turns":6.0},{"damage":43.0,"enemies":"Automaton","floor":33.0,"turns":11.0},{"damage":14.0,"enemies":"Orb Walker","floor":35.0,"turns":4.0},{"damage":0,"enemies":"Maw","floor":36,"turns":7},{"damage":9,"enemies":"Sphere and 2 Shapes","floor":38,"turns":5},{"damage":19,"enemies":"4 Shapes","floor":44,"turns":3},{"damage":0,"enemies":"3 Darklings","floor":45,"turns":4},{"damage":14,"enemies":"Giant Head","floor":46,"turns":8},{"damage":10,"enemies":"Sphere and 2 Shapes","floor":47,"turns":6},{"damage":0,"enemies":"Time Eater","floor":50,"turns":10}],"event_choices":[{"event_name":"Wheel of Change","player_choice":"Damage","floor":3.0,"damage_taken":0.0},{"event_name":"Living Wall","player_choice":"Grow","floor":12.0,"damage_taken":0.0},{"event_name":"Beggar","player_choice":"Ignored","floor":20.0,"damage_taken":0.0},{"event_name":"Ghosts","player_choice":"Became a Ghost","floor":21.0,"damage_taken":0.0},{"event_name":"Addict","player_choice":"Obtained Relic","floor":28.0,"damage_taken":0.0},{"event_name":"Mysterious Sphere","player_choice":"Ignore","floor":39,"damage_taken":0},{"event_name":"SensoryStone","player_choice":"Memory 3","floor":48,"damage_taken":0}],"boss_relics":[],"potions_floor_spawned":[4,7,8,14,16,18,22,24,33,36,38,44,47],"seed_played":"-3827270530582753101","ascension_level":11,"is_trial":false}