{"path_per_floor":["M","$","M","?","T","E","R","$","T","M","E","R","M","M","R","B",null,"M","?","?","$","?","R","E","M","T","M","M","$","M"],"character_chosen":"IRONCLAD","items_purchased":["Inflame","Entrench","Feel No Pain","Feel No Pain"],"gold_per_floor":[119,9,21,96,166,193,193,25,25,41,66,66,85,105,105,178,178,194,194,194,30,30,30,64,77,77,92,102,65,77,77],"floor_reached":31,"campfire_rested":1,"playtime":1277,"current_hp_per_floor":[74,74,75,64,74,80,80,80,80,85,73,73,70,70,70,29,71,48,48,48,48,27,67,30,24,24,12,15,15,10,0],"items_purged":["Strike_R","Strike_R","Defend_R"],"gold":77,"score":508,"play_id":"57261d99-ef33-4531-9b95-3843d4603966","local_time":"20180416235728","is_prod":false,"is_daily":false,"chose_seed":false,"is_ascension_mode":true,"campfire_upgraded":3,"timestamp":1523915848,"path_taken":["M","$","M","?","?","E","R","$","T","M","E","R","M","?","R","BOSS","M","?","?","?","?","R","E","M","T","?","M","$","M","M"],"build_version":"2018-04-12","seed_source_timestamp":44607077124215,"purchased_purges":3,"victory":false,"master_deck":["Defend_R","Defend_R","Defend_R","Bash+1","AscendersBane","Inflame","Inflame","Evolve","Clothesline+1","Entrench","True Grit+1","Feel No Pain+1","Carnage","Limit Break+1","Twin Strike+1","Juggernaut+1","Sentinel+1","Inflame","Feel No Pain","Reckless Charge+1","Ghostly Armor+1","Wild Strike","Dual Wield","Feel No Pain","Ghostly Armor+1"],"max_hp_per_floor":[75,75,75,75,85,85,85,85,85,85,85,85,85,85,85,85,85,85,85,85,85,85,85,85,85,85,85,85,85,85,85],"relics":["Burning Blood","NeowsBlessing","Pear","Toolbox","Matryoshka","Regal Pillow","Astrolabe","Oddly Smooth Stone","Enchiridion","Shuriken","Whetstone","Anchor"],"card_choices":[{"not_picked":["Twin Strike","Thunderclap"],"picked":"Inflame","floor":1},{"not_picked":["Spot Weakness","Cleave"],"picked":"Evolve","floor":3},{"not_picked":["Shrug It Off","Anger"],"picked":"Clothesline","floor":6},{"not_picked":["Ghostly Armor","Impervious"],"picked":"True Grit","floor":11},{"not_picked":["True Grit","Flex"],"picked":"Feel No Pain","floor":13},{"not_picked":["Shrug It Off","Pommel Strike"],"picked":"Carnage","floor":14},{"not_picked":["Double Tap","Reaper"],"picked":"Limit Break","floor":16},{"not_picked":["Havoc","Armaments"],"picked":"Inflame","floor":18},{"not_picked":["Thunderclap","Heavy Blade"],"picked":"Reckless Charge","floor":24},{"not_picked":["Clash","Sword Boomerang"],"picked":"Ghostly Armor","floor":25},{"not_picked":["Anger","Twin Strike"],"picked":"Wild Strike","floor":27},{"not_picked":["Intimidate","Warcry"],"picked":"Dual Wield","floor":28},{"not_picked":["Hemokinesis","Warcry"],"picked":"Ghostly Armor","floor":30}],"player_experience":417162,"potions_floor_usage":[24,25,27,27,30,31],"damage_taken":[{"damage":0,"enemies":"Jaw Worm","floor":1,"turns":1},{"damage":0,"enemies":"2 Louse","floor":3,"turns":1},{"damage":0,"enemies":"Lagavulin","floor":6,"turns":2},{"damage":1,"enemies":"Cultist","floor":10,"turns":3},{"damage":18,"enemies":"3 Sentries","floor":11,"turns":10},{"damage":9,"enemies":"Large Slime","floor":13,"turns":8},{"damage":6,"enemies":"Blue Slaver","floor":14,"turns":5},{"damage":47,"enemies":"The Guardian","floor":16,"turns":14},{"damage":29,"enemies":"Shell Parasite","floor":18,"turns":8},{"damage":43,"enemies":"Slavers","floor":24,"turns":8},{"damage":12,"enemies":"Spheric Guardian","floor":25,"turns":5},{"damage":18,"enemies":"Snecko","floor":27,"turns":6},{"damage":3,"enemies":"Centurion and Healer","floor":28,"turns":8},{"damage":11,"enemies":"Snake Plant","floor":30,"turns":4},{"damage":20,"enemies":"Cultist and Chosen","floor":31,"turns":3}],"event_choices":[{"event_name":"World of Goop","player_choice":"Gather Gold","floor":4,"damage_taken":0},{"event_name":"Upgrade Shrine","player_choice":"Upgraded","floor":19,"damage_taken":0},{"event_name":"Wheel of Change","player_choice":"Relic","floor":20,"damage_taken":0},{"event_name":"Cursed Tome","player_choice":"Obtained Book","floor":22,"damage_taken":0}],"boss_relics":[{"not_picked":["Snecko Eye","Orrery"],"picked":"Astrolabe"}],"potions_floor_spawned":[3,6,10,16,24,27,30],"seed_played":"6947233302850083576","killed_by":"Cultist and Chosen","ascension_level":15,"is_trial":false}