{"path_per_floor":["M","$","M","?","?","R","E","M","T","R","M","T","M","M","R","B",null,"M","$","?","M"],"character_chosen":"IRONCLAD","items_purchased":["Whirlwind","Dead Branch","True Grit","Flex"],"gold_per_floor":[142,29,40,215,215,215,246,257,257,257,268,268,283,294,294,397,397,413,46,46,60,60],"floor_reached":22,"campfire_rested":1,"playtime":867,"current_hp_per_floor":[59,59,48,48,76,76,56,44,44,44,37,37,27,25,51,14,70,42,42,42,30,0],"items_purged":["Strike_R"],"gold":60,"score":279,"play_id":"1287d618-cb30-4f99-85d8-21d666614f92","local_time":"20180406204408","is_prod":false,"is_daily":false,"is_ascension_mode":true,"campfire_upgraded":1,"timestamp":1523061848,"path_taken":["M","$","M","?","?","R","E","M","T","R","M","?","?","M","R","BOSS","M","$","?","M","M"],"build_version":"2018-04-05v2","purchased_purges":1,"victory":false,"master_deck":["Bash+1","AscendersBane","Clothesline","Barricade","Whirlwind+1","Pummel","Doubt","Armaments","Ghostly Armor","Metallicize","Limit Break+1","Twin Strike","Iron Wave","Seeing Red","Headbutt","Perfected Strike","Evolve","Warcry","Sword Boomerang","True Grit","Flex","Disarm+1"],"max_hp_per_floor":[85,85,85,85,85,85,85,85,85,85,87,87,87,89,89,89,89,91,91,91,91,91],"relics":["Tiny House","Singing Bowl","Girya","Bird Faced Urn","Pandora\u0027s Box","Dead Branch"],"card_choices":[{"not_picked":["Body Slam","Havoc"],"picked":"Clothesline","floor":0},{"not_picked":["Warcry","Twin Strike"],"picked":"Barricade","floor":1},{"not_picked":["Searing Blow","Blood for Blood"],"picked":"Pummel","floor":3},{"not_picked":["Reckless Charge","True Grit"],"picked":"Armaments","floor":7},{"not_picked":["Clothesline","Body Slam"],"picked":"Ghostly Armor","floor":8},{"not_picked":["Spot Weakness","Feel No Pain"],"picked":"Metallicize","floor":13},{"not_picked":["Barricade","Brutality"],"picked":"Limit Break","floor":16},{"not_picked":["Sword Boomerang","Second Wind"],"picked":"Disarm","floor":21}],"player_experience":216778,"potions_floor_usage":[7,16,22],"damage_taken":[{"damage":18,"enemies":"2 Louse","floor":1,"turns":3},{"damage":11,"enemies":"Jaw Worm","floor":3,"turns":4},{"damage":20,"enemies":"Gremlin Nob","floor":7,"turns":4},{"damage":12,"enemies":"Small Slimes","floor":8,"turns":2},{"damage":9,"enemies":"3 Louse","floor":11,"turns":2},{"damage":10,"enemies":"2 Fungi Beasts","floor":13,"turns":4},{"damage":6,"enemies":"Blue Slaver","floor":14,"turns":5},{"damage":41,"enemies":"Slime Boss","floor":16,"turns":19},{"damage":32,"enemies":"Shell Parasite","floor":18,"turns":5},{"damage":12,"enemies":"3 Byrds","floor":21,"turns":4},{"damage":41,"enemies":"Sentry and Sphere","floor":22,"turns":5}],"event_choices":[{"event_name":"Liars Game","player_choice":"agreed","floor":4,"damage_taken":0},{"event_name":"Big Fish","player_choice":"Banana","floor":5,"damage_taken":0},{"event_name":"Accursed Blacksmith","player_choice":"Forge","floor":20,"damage_taken":0}],"boss_relics":[{"not_picked":["Cursed Key","Orrery"],"picked":"Pandora\u0027s Box"}],"potions_floor_spawned":[3,14,21],"seed_played":"-3204223517489299923","killed_by":"Sentry and Sphere","ascension_level":10,"is_trial":false}