{"path_per_floor":["M","?","M","M","?","E","R","M","T","R","$","M","?","?","R"],"character_chosen":"IRONCLAD","items_purchased":["Happy Flower","Magic Flower"],"gold_per_floor":[113,63,76,91,91,421,421,431,457,457,4,14,34,34,34,34],"floor_reached":16,"campfire_rested":1,"playtime":289,"current_hp_per_floor":[79,79,79,79,84,53,53,42,42,42,42,35,12,12,37,37],"items_purged":[],"gold":34,"score":100,"play_id":"5f971911-a35d-4fbd-80aa-4d0ea946ea7c","local_time":"20180407190003","is_prod":false,"is_daily":false,"is_ascension_mode":false,"campfire_upgraded":2,"timestamp":1523145603,"path_taken":["M","?","M","M","?","E","R","M","T","R","$","?","?","?","R","BOSS"],"build_version":"2018-04-05v2","purchased_purges":0,"victory":false,"master_deck":["Strike_R","Strike_R","Strike_R","Defend_R","Defend_R","Defend_R","Defend_R","Bash","Inflame","Fiend Fire+1","Sentinel","Warcry","Flex+1","Sword Boomerang","Cleave","Sword Boomerang","Double Tap"],"max_hp_per_floor":[80,80,80,80,85,85,85,85,85,85,85,85,85,85,85,85],"relics":["Orrery","Old Coin","Bag of Marbles","Happy Flower","Magic Flower","Odd Mushroom"],"card_choices":[{"not_picked":["Hemokinesis","Pommel Strike"],"picked":"Inflame","floor":0},{"not_picked":["Iron Wave","Dropkick"],"picked":"Fiend Fire","floor":0},{"not_picked":["Headbutt","Uppercut"],"picked":"Sentinel","floor":0},{"not_picked":["Sword Boomerang","Rampage"],"picked":"Warcry","floor":0},{"not_picked":["Shrug It Off","Clash"],"picked":"Flex","floor":0},{"not_picked":["Sever Soul","Twin Strike"],"picked":"Sword Boomerang","floor":1},{"not_picked":["Headbutt","Body Slam"],"picked":"Cleave","floor":3},{"not_picked":["Havoc","Twin Strike"],"picked":"Sword Boomerang","floor":6},{"not_picked":["Uppercut","Entrench"],"picked":"Double Tap","floor":8}],"player_experience":432236,"potions_floor_usage":[],"damage_taken":[{"damage":1,"enemies":"2 Louse","floor":1,"turns":3},{"damage":0,"enemies":"Small Slimes","floor":3,"turns":2},{"damage":0,"enemies":"Cultist","floor":4,"turns":3},{"damage":31,"enemies":"Lagavulin","floor":6,"turns":5},{"damage":11,"enemies":"Lots of Slimes","floor":8,"turns":3},{"damage":7,"enemies":"Blue Slaver","floor":12,"turns":2},{"damage":23,"enemies":"The Mushroom Lair","floor":13,"turns":4},{"damage":0,"enemies":"The Guardian","floor":16,"turns":1}],"event_choices":[{"event_name":"The Cleric","player_choice":"Card Removal","floor":2,"damage_taken":0},{"event_name":"Big Fish","player_choice":"Donut","floor":5,"damage_taken":0},{"event_name":"Mushrooms","player_choice":"Fought Mushrooms","floor":13,"damage_taken":0},{"event_name":"Purifier","player_choice":"One Purge","floor":14,"damage_taken":0}],"boss_relics":[],"potions_floor_spawned":[1,4,8],"seed_played":"-4848063400341674736","killed_by":"The Guardian","ascension_level":0,"is_trial":false}