{"path_per_floor":["M","T","$","?","$","E","M","M","T","M","$","R","M","M","R","B",null,"M","M","$","M","M","R","M","$","T","R","E","M","$","?","R","B",null,"M","?","?","$","M","E","?","E","T"],"character_chosen":"IRONCLAD","items_purchased":["Rampage","Feel No Pain","Intimidate","Master of Strategy","Pummel","Apotheosis"],"gold_per_floor":[113,113,38,213,32,64,80,97,120,134,18,18,35,49,49,148,148,159,179,2,22,34,34,47,47,119,119,151,166,99,128,128,228,228,239,239,239,59,69,99,99,130,156,156],"floor_reached":44,"campfire_rested":0,"playtime":1686,"current_hp_per_floor":[80,80,80,80,80,58,64,60,60,48,48,48,54,55,55,18,80,75,77,77,80,78,78,75,75,75,75,79,80,80,80,80,55,80,64,64,64,64,63,65,65,48,48,0],"items_purged":["Defend_R","Doubt"],"gold":156,"score":513,"play_id":"7cd62629-8b73-4988-93a6-2c5a5cc4ee6f","local_time":"20180412195922","is_prod":false,"is_daily":false,"chose_seed":false,"is_ascension_mode":false,"campfire_upgraded":5,"timestamp":1523577562,"path_taken":["M","?","$","?","?","E","M","M","T","M","$","R","?","M","R","BOSS","M","M","$","M","M","R","?","?","T","R","E","M","?","?","R","BOSS","M","?","?","?","M","E","?","E","T","M"],"build_version":"2018-04-12","seed_source_timestamp":163288859096826,"purchased_purges":2,"victory":false,"master_deck":["Strike_R","Strike_R","Strike_R","Defend_R+1","Defend_R+1","Bash","Pommel Strike","Rampage","Bludgeon+1","Pommel Strike+1","Headbutt","Reckless Charge","Feel No Pain+1","Intimidate+1","Battle Trance","Reaper","Offering+1","Iron Wave+1","Shockwave+1","Thunderclap","Master of Strategy","Demon Form+1","Rupture","Reckless Charge+1","Pummel","Double Tap+1","Dark Embrace","Shrug It Off+1","Apotheosis","Infernal Blade","Reckless Charge+1"],"max_hp_per_floor":[80,80,80,80,80,80,80,80,80,80,80,80,80,80,80,80,80,80,80,80,80,80,80,80,80,80,80,80,80,80,80,80,80,80,80,80,80,80,80,80,80,80,80,80],"relics":["Burning Blood","War Paint","Vajra","Pen Nib","Astrolabe","Paper Frog","Happy Flower","Red Mask","Sozu","Anchor","Regal Pillow","Juzu Bracelet"],"card_choices":[{"not_picked":["True Grit","Rage"],"picked":"Pommel Strike","floor":1},{"not_picked":["Armaments","Anger"],"picked":"Bludgeon","floor":6},{"not_picked":["Blood for Blood","Body Slam"],"picked":"Pommel Strike","floor":7},{"not_picked":["Pommel Strike","Clothesline"],"picked":"Headbutt","floor":8},{"not_picked":["Clash","Ghostly Armor"],"picked":"Reckless Charge","floor":10},{"not_picked":["Sword Boomerang","Reckless Charge"],"picked":"Battle Trance","floor":13},{"not_picked":["Offering","Berserk"],"picked":"Reaper","floor":16},{"not_picked":["Corruption","Clash"],"picked":"Thunderclap","floor":18},{"not_picked":["Anger","Corruption"],"picked":"Demon Form","floor":24},{"not_picked":["Twin Strike","Armaments"],"picked":"Rupture","floor":28},{"not_picked":["Warcry","Carnage"],"picked":"Reckless Charge","floor":29},{"not_picked":["Anger","Twin Strike"],"picked":"Double Tap","floor":31},{"not_picked":["Fiend Fire","Impervious"],"picked":"Dark Embrace","floor":33},{"not_picked":["Shockwave","Anger"],"picked":"Shrug It Off","floor":35},{"not_picked":["Inflame","Sword Boomerang"],"picked":"Infernal Blade","floor":39},{"not_picked":["Pommel Strike","Sword Boomerang"],"picked":"Dropkick","floor":40},{"not_picked":["Armaments","Headbutt"],"picked":"Reckless Charge","floor":42}],"player_experience":0,"potions_floor_usage":[13,16,16,22,29,33,39],"damage_taken":[{"damage":6,"enemies":"Cultist","floor":1,"turns":4},{"damage":28,"enemies":"Lagavulin","floor":6,"turns":6},{"damage":0,"enemies":"2 Louse","floor":7,"turns":2},{"damage":10,"enemies":"Small Slimes","floor":8,"turns":2},{"damage":18,"enemies":"Exordium Wildlife","floor":10,"turns":4},{"damage":0,"enemies":"Lots of Slimes","floor":13,"turns":2},{"damage":5,"enemies":"Red Slaver","floor":14,"turns":3},{"damage":43,"enemies":"The Guardian","floor":16,"turns":8},{"damage":11,"enemies":"2 Thieves","floor":18,"turns":3},{"damage":4,"enemies":"Chosen","floor":19,"turns":3},{"damage":14,"enemies":"Centurion and Healer","floor":21,"turns":4},{"damage":15,"enemies":"Snecko","floor":22,"turns":3},{"damage":16,"enemies":"3 Cultists","floor":24,"turns":4},{"damage":15,"enemies":"Slavers","floor":28,"turns":4},{"damage":7,"enemies":"Snake Plant","floor":29,"turns":4},{"damage":4,"enemies":"Masked Bandits","floor":31,"turns":3},{"damage":31,"enemies":"Champ","floor":33,"turns":6},{"damage":28,"enemies":"Flame Bruiser 1 Orb","floor":35,"turns":3},{"damage":7,"enemies":"Orb Walker","floor":39,"turns":2},{"damage":4,"enemies":"2 Orb Walkers","floor":40,"turns":3},{"damage":23,"enemies":"Nemesis","floor":42,"turns":5},{"damage":49,"enemies":"Sphere and 2 Shapes","floor":44,"turns":2}],"event_choices":[{"event_name":"Liars Game","player_choice":"agreed","floor":4,"damage_taken":0},{"event_name":"Masked Bandits","player_choice":"Fought over 99 gold","floor":31,"damage_taken":0},{"event_name":"Upgrade Shrine","player_choice":"Upgraded","floor":36,"damage_taken":0},{"event_name":"Mysterious Sphere","player_choice":"Ignore","floor":37,"damage_taken":0}],"boss_relics":[{"not_picked":["Philosopher\u0027s Stone","Ectoplasm"],"picked":"Astrolabe"},{"not_picked":["Runic Pyramid","Black Star"],"picked":"Sozu"}],"potions_floor_spawned":[6,8,13,19,22,28,29,42],"seed_played":"1395660466692266926","killed_by":"Sphere and 2 Shapes","ascension_level":0,"is_trial":false}