{"path_per_floor":["M","?","?","?","$","R","E","M","T","E","R","M","M","?","R","B",null,"M","M","?","M","?","R","M","M","T","?","M","R","E","$","R","B",null,"M","?","?","M","M","E","R","M","T","R","E","M","R","?","R","B"],"character_chosen":"IRONCLAD","items_purchased":["Inflame"],"gold_per_floor":[99,99,99,99,32,32,32,32,32,32,32,32,32,32,32,32,32,32,32,32,32,32,32,32,32,32,32,32,32,32,32,32,32,32,32,32,32,32,32,32,32,32,32,32,32,32,32,32,32,32],"floor_reached":51,"campfire_rested":2,"playtime":2255,"current_hp_per_floor":[70,75,75,75,75,75,45,38,38,22,47,43,38,38,63,43,75,82,82,82,85,85,85,85,85,85,85,84,84,85,85,85,67,81,81,71,60,58,65,53,53,68,68,68,75,77,77,77,77,32],"items_purged":[],"gold":32,"score":1153,"play_id":"53eefbfb-26a9-4a81-9a57-0bcf8cbb5640","local_time":"20180408202106","is_prod":false,"is_daily":false,"is_ascension_mode":true,"campfire_upgraded":8,"timestamp":1523233266,"path_taken":["M","?","?","?","$","R","E","?","T","E","R","M","M","?","R","BOSS","M","M","?","M","?","R","M","M","T","?","M","R","E","$","R","BOSS","M","?","?","M","M","E","R","?","T","R","E","M","R","?","R","BOSS"],"build_version":"2018-04-05v2","purchased_purges":0,"victory":true,"master_deck":["Strike_R","Strike_R","Defend_R+1","Defend_R+1","Defend_R","Bash","AscendersBane","Pommel Strike","Inflame+1","Rampage+1","Spot Weakness","Disarm","Corruption+1","Reaper","Power Through+1","Feel No Pain+1","Juggernaut+1","True Grit+1","Havoc+1","Dark Embrace+1","Flex+1","Havoc","Demon Form+1","Warcry+1","Mind Blast","Madness","Bandage Up","Madness","Madness","Body Slam+1","Shockwave+1","Feel No Pain+1","Limit Break","Havoc+1"],"max_hp_per_floor":[80,85,85,85,85,85,85,85,85,85,85,85,85,85,85,85,85,85,85,85,85,85,85,85,85,85,85,85,85,85,85,85,85,85,85,85,85,85,85,85,85,85,85,85,85,85,85,85,85,85],"relics":["Ectoplasm","Vajra","Dead Branch","Astrolabe","Nloth\u0027s Gift","Gambling Chip","Matryoshka","Black Star","Tiny Chest","Regal Pillow","Bottled Flame","Juzu Bracelet","Lantern","Pen Nib"],"card_choices":[{"not_picked":["Iron Wave","Combust"],"picked":"Pommel Strike","floor":1},{"not_picked":["Warcry","Body Slam"],"picked":"Rampage","floor":7},{"not_picked":["Cleave","Iron Wave"],"picked":"Spot Weakness","floor":8},{"not_picked":["Second Wind","Berserk"],"picked":"Disarm","floor":10},{"not_picked":["Entrench","Havoc"],"picked":"Corruption","floor":12},{"not_picked":["Offering","Bludgeon"],"picked":"Reaper","floor":16},{"not_picked":["Spot Weakness","Twin Strike"],"picked":"True Grit","floor":18},{"not_picked":["Warcry","Twin Strike"],"picked":"Havoc","floor":19},{"not_picked":["True Grit","Twin Strike"],"picked":"Dark Embrace","floor":21},{"not_picked":["Pommel Strike","Perfected Strike"],"picked":"Flex","floor":28},{"not_picked":["Twin Strike","Pommel Strike"],"picked":"Havoc","floor":30},{"not_picked":["Brutality","Limit Break"],"picked":"Demon Form","floor":33},{"not_picked":["Pummel","Wild Strike"],"picked":"Warcry","floor":35},{"not_picked":["Dramatic Entrance","Finesse"],"picked":"Mind Blast","floor":36},{"not_picked":["Panacea","Deep Breath"],"picked":"Madness","floor":36},{"not_picked":["Thinking Ahead","Blind"],"picked":"Bandage Up","floor":36},{"not_picked":["Spot Weakness","Headbutt"],"picked":"Body Slam","floor":39},{"not_picked":["Inflame","Rupture"],"picked":"Shockwave","floor":40},{"not_picked":["Flame Barrier","Battle Trance"],"picked":"Feel No Pain","floor":42},{"not_picked":["Pommel Strike","Clothesline"],"picked":"Limit Break","floor":45},{"not_picked":["Infernal Blade","Clash"],"picked":"Havoc","floor":46}],"player_experience":234255,"potions_floor_usage":[10,16,40,45,45,50,50],"damage_taken":[{"damage":2,"enemies":"Jaw Worm","floor":1,"turns":3},{"damage":30,"enemies":"3 Sentries","floor":7,"turns":7},{"damage":7,"enemies":"Small Slimes","floor":8,"turns":2},{"damage":25,"enemies":"Lagavulin","floor":10,"turns":4},{"damage":4,"enemies":"Cultist","floor":12,"turns":2},{"damage":5,"enemies":"2 Fungi Beasts","floor":13,"turns":3},{"damage":20,"enemies":"Slime Boss","floor":16,"turns":5},{"damage":0,"enemies":"Shell Parasite","floor":18,"turns":4},{"damage":0,"enemies":"Chosen","floor":19,"turns":3},{"damage":5,"enemies":"Snake Plant","floor":21,"turns":4},{"damage":0,"enemies":"Centurion and Healer","floor":24,"turns":2},{"damage":0,"enemies":"Snecko","floor":25,"turns":3},{"damage":1,"enemies":"Cultist and Chosen","floor":28,"turns":4},{"damage":1,"enemies":"Slavers","floor":30,"turns":2},{"damage":26,"enemies":"Champ","floor":33,"turns":8},{"damage":0,"enemies":"Orb Walker","floor":35,"turns":1},{"damage":6,"enemies":"3 Shapes","floor":38,"turns":4},{"damage":20,"enemies":"3 Darklings","floor":39,"turns":5},{"damage":16,"enemies":"Nemesis","floor":40,"turns":5},{"damage":4,"enemies":"Maw","floor":42,"turns":3},{"damage":11,"enemies":"2 Orb Walkers","floor":45,"turns":4},{"damage":2,"enemies":"Sphere and 2 Shapes","floor":46,"turns":3},{"damage":64,"enemies":"Time Eater","floor":50,"turns":9}],"event_choices":[{"event_name":"Big Fish","player_choice":"Donut","floor":2,"damage_taken":0},{"event_name":"Bonfire Elementals","player_choice":"BASIC","floor":3,"damage_taken":0},{"event_name":"Liars Game","player_choice":"disagreed","floor":4,"damage_taken":0},{"event_name":"The Cleric","player_choice":"Leave","floor":14,"damage_taken":0},{"event_name":"N\u0027loth","player_choice":"Traded a War Paint","floor":20,"damage_taken":0},{"event_name":"The Mausoleum","player_choice":"No","floor":22,"damage_taken":0},{"event_name":"Addict","player_choice":"Ignored","floor":27,"damage_taken":0},{"event_name":"SensoryStone","player_choice":"Memory 3","floor":36,"damage_taken":0},{"event_name":"Winding Halls","player_choice":"Embrace Madness","floor":37,"damage_taken":0},{"event_name":"Mysterious Sphere","player_choice":"Ignore","floor":48,"damage_taken":0}],"boss_relics":[{"not_picked":["Orrery","Runic Pyramid"],"picked":"Astrolabe"},{"not_picked":["Runic Dome","White Beast Statue"],"picked":"Black Star"}],"potions_floor_spawned":[8,12,16,21,24,28,30,39,42,46],"seed_played":"-3564924657544930423","ascension_level":10,"is_trial":false}