{"path_per_floor":["M","?","M","M","$","R","M","?","T","R","?","?","?","T","R","B",null,"M","?","M","?","$"],"character_chosen":"IRONCLAD","items_purchased":["Inflame","Meat on the Bone"],"gold_per_floor":[116,116,132,145,67,67,86,86,111,111,186,186,186,186,186,316,316,335,335,360,275,31,31],"floor_reached":23,"campfire_rested":1,"playtime":541,"current_hp_per_floor":[72,72,66,71,71,71,66,66,66,66,55,48,33,33,55,43,66,38,38,31,45,45,0],"items_purged":[],"gold":31,"score":266,"play_id":"37d34253-050b-440a-a4d7-d402d4d040f6","local_time":"20180406155539","is_prod":false,"is_daily":false,"is_ascension_mode":true,"campfire_upgraded":2,"timestamp":1523044539,"path_taken":["M","?","?","M","$","R","M","?","T","R","?","?","?","?","R","BOSS","M","?","M","?","$","E"],"build_version":"2018-04-05v2","purchased_purges":0,"victory":false,"master_deck":["Strike_R+1","Strike_R","Defend_R","Defend_R","Bash","AscendersBane","Pommel Strike+1","Inflame+1","Flex+1","Impervious","Second Wind+1","Feed+1","Brutality+1","Rupture","Cleave"],"max_hp_per_floor":[80,74,74,74,74,74,74,74,74,74,74,74,74,74,74,74,74,78,78,78,92,92,92],"relics":["Burning Blood","Golden Idol","Bag of Marbles","Dodecahedron","Astrolabe","Mango","Meat on the Bone"],"card_choices":[{"not_picked":["Twin Strike","Fire Breathing"],"picked":"Pommel Strike","floor":1},{"not_picked":["Armaments","Shrug It Off"],"picked":"Flex","floor":7},{"not_picked":["Bludgeon","Fiend Fire"],"picked":"Impervious","floor":16},{"not_picked":["Iron Wave","Anger"],"picked":"Rupture","floor":18}],"player_experience":210803,"potions_floor_usage":[7,16,18,20],"damage_taken":[{"damage":6,"enemies":"2 Louse","floor":1,"turns":2},{"damage":12,"enemies":"Small Slimes","floor":3,"turns":3},{"damage":1,"enemies":"Cultist","floor":4,"turns":3},{"damage":11,"enemies":"Red Slaver","floor":7,"turns":3},{"damage":18,"enemies":"Slime Boss","floor":16,"turns":8},{"damage":38,"enemies":"2 Thieves","floor":18,"turns":4},{"damage":13,"enemies":"Chosen","floor":20,"turns":4},{"damage":57,"enemies":"Gremlin Leader","floor":23,"turns":5}],"event_choices":[{"event_name":"Golden Idol","player_choice":"Lose Max HP","floor":2,"damage_taken":0},{"event_name":"The Lab","player_choice":"Got Potions","floor":8,"damage_taken":0},{"event_name":"World of Goop","player_choice":"Gather Gold","floor":11,"damage_taken":0},{"event_name":"Golden Wing","player_choice":"Card Removal","floor":12,"damage_taken":0},{"event_name":"Shining Light","player_choice":"Entered Light","floor":13,"damage_taken":0},{"event_name":"Transmorgrifier","player_choice":"Transform","floor":19,"damage_taken":0},{"event_name":"Addict","player_choice":"Obtained Relic","floor":21,"damage_taken":0}],"boss_relics":[{"not_picked":["Black Blood","Velvet Choker"],"picked":"Astrolabe"}],"potions_floor_spawned":[3,4],"seed_played":"-602343487078315257","killed_by":"Gremlin Leader","ascension_level":10,"is_trial":false}