{"path_per_floor":["M","M","$","?","?","E","?","E","T","E","R","M","$","M","R","B",null,"M","?","?","M","$","R","M"],"character_chosen":"IRONCLAD","items_purchased":["Bronze Scales","Orichalcum","Armaments"],"gold_per_floor":[110,126,126,126,126,169,169,212,291,326,326,342,187,212,212,336,336,351,351,381,404,125,125,148,148],"floor_reached":25,"campfire_rested":2,"playtime":752,"current_hp_per_floor":[78,80,80,80,60,80,85,77,77,50,50,51,51,47,76,16,78,62,46,46,22,22,51,28,0],"items_purged":["Normality"],"gold":148,"score":403,"play_id":"d7f86994-d6fe-4c78-bb49-719a2074e0f9","local_time":"20180407230640","is_prod":false,"is_daily":false,"is_ascension_mode":true,"campfire_upgraded":1,"timestamp":1523156800,"path_taken":["M","M","$","?","?","E","?","E","T","E","R","M","$","M","R","BOSS","M","?","?","?","$","R","M","M"],"build_version":"2018-04-05v2","purchased_purges":1,"victory":false,"master_deck":["Strike_R","Strike_R","Strike_R","Strike_R","Strike_R","Defend_R","Defend_R","Defend_R","Defend_R","Bash","AscendersBane","Perfected Strike","Uppercut+1","Cleave","Sword Boomerang","Berserk","Perfected Strike","Battle Trance","Thunderclap","Iron Wave","Purity","Armaments"],"max_hp_per_floor":[80,80,80,80,80,94,99,99,99,99,99,99,99,99,99,99,99,99,99,99,99,99,99,99,99],"relics":["Burning Blood","NeowsBlessing","Golden Idol","Mango","Blood Vial","Question Card","Self Forming Clay","Bronze Scales","Orrery","Tiny Chest","Orichalcum"],"card_choices":[{"not_picked":["Dual Wield","Searing Blow"],"picked":"Perfected Strike","floor":2},{"not_picked":["Brutality","Fire Breathing"],"picked":"Uppercut","floor":6},{"not_picked":["Armaments","Flex","Havoc"],"picked":"Cleave","floor":12},{"not_picked":["Armaments","Iron Wave","Pummel"],"picked":"Sword Boomerang","floor":14},{"not_picked":["Dark Embrace","Fiend Fire","Barricade"],"picked":"Berserk","floor":16},{"not_picked":["Dropkick","Infernal Blade","Armaments"],"picked":"Perfected Strike","floor":17},{"not_picked":["Body Slam","Heavy Blade","Impervious"],"picked":"Battle Trance","floor":17},{"not_picked":["Heavy Blade","Armaments","True Grit"],"picked":"Thunderclap","floor":17},{"not_picked":["Disarm","Clothesline","Sword Boomerang"],"picked":"Iron Wave","floor":17}],"player_experience":508206,"potions_floor_usage":[8,18,18,21,24],"damage_taken":[{"damage":0,"enemies":"Cultist","floor":1,"turns":1},{"damage":0,"enemies":"2 Louse","floor":2,"turns":2},{"damage":0,"enemies":"3 Sentries","floor":6,"turns":1},{"damage":14,"enemies":"Gremlin Nob","floor":8,"turns":4},{"damage":35,"enemies":"Lagavulin","floor":10,"turns":6},{"damage":7,"enemies":"Small Slimes","floor":12,"turns":3},{"damage":12,"enemies":"3 Louse","floor":14,"turns":2},{"damage":68,"enemies":"Hexaghost","floor":16,"turns":12},{"damage":24,"enemies":"2 Thieves","floor":18,"turns":4},{"damage":32,"enemies":"Chosen","floor":21,"turns":5},{"damage":37,"enemies":"Sentry and Sphere","floor":24,"turns":6},{"damage":30,"enemies":"Snake Plant","floor":25,"turns":3}],"event_choices":[{"event_name":"Liars Game","player_choice":"disagreed","floor":4,"damage_taken":0},{"event_name":"Golden Idol","player_choice":"Take Damage","floor":5,"damage_taken":0},{"event_name":"Big Fish","player_choice":"Donut","floor":7,"damage_taken":0},{"event_name":"Knowing Skull","player_choice":"CARD ","floor":19,"damage_taken":0},{"event_name":"Accursed Blacksmith","player_choice":"Rummage","floor":20,"damage_taken":0}],"boss_relics":[{"not_picked":["Eternal Feather","Astrolabe"],"picked":"Orrery"}],"potions_floor_spawned":[2,6,12,16,21],"seed_played":"-5788677388464237411","killed_by":"Snake Plant","ascension_level":11,"is_trial":false}