{"path_per_floor":["M","M","$","?","M","R","E","R","T","M","M","$","R","?","R","B",null,"M","?","?","$","$","E","R"],"character_chosen":"IRONCLAD","items_purchased":["Searing Blow","Inflame","Headbutt"],"gold_per_floor":[118,129,20,20,40,40,73,73,73,86,104,11,11,11,11,88,88,99,99,99,99,99,133,133,133],"floor_reached":25,"campfire_rested":2,"playtime":955,"current_hp_per_floor":[77,78,78,78,80,80,54,54,54,49,35,35,59,79,79,36,69,76,76,61,61,61,25,50,0],"items_purged":["Strike_R"],"gold":133,"score":358,"play_id":"89ca132f-103b-488b-b09b-88f2c5c8cfbd","local_time":"20180416122310","is_prod":false,"is_daily":false,"chose_seed":false,"is_ascension_mode":true,"campfire_upgraded":3,"timestamp":1523895790,"path_taken":["M","M","?","?","?","R","E","R","T","M","?","$","R","?","R","BOSS","M","?","?","?","$","E","R","E"],"build_version":"2018-04-12","seed_source_timestamp":0,"purchased_purges":1,"victory":false,"master_deck":["Strike_R","Strike_R","Strike_R","Strike_R","Defend_R","Defend_R","Defend_R","Defend_R","Bash","AscendersBane","Headbutt","Searing Blow+3","Disarm","Thunderclap","Inflame","Headbutt","Parasite","Reaper","Whirlwind+1","Armaments+1"],"max_hp_per_floor":[80,80,80,80,80,80,80,80,80,80,80,80,80,80,80,80,80,80,80,85,85,85,85,85,85],"relics":["Burning Blood","Gremlin Horn","Ornamental Fan","Snecko Eye","Du-Vu Doll"],"card_choices":[{"not_picked":["Shrug It Off","Sword Boomerang"],"picked":"Headbutt","floor":1},{"not_picked":["Carnage","Havoc"],"picked":"Disarm","floor":7},{"not_picked":["Clash","Second Wind"],"picked":"Thunderclap","floor":10},{"not_picked":["Bludgeon","Barricade"],"picked":"Reaper","floor":16},{"not_picked":["True Grit","Pommel Strike"],"picked":"Whirlwind","floor":18},{"not_picked":["Flame Barrier","Bludgeon"],"picked":"Armaments","floor":23}],"player_experience":290259,"potions_floor_usage":[16,23,25],"damage_taken":[{"damage":1,"enemies":"Cultist","floor":1,"turns":3},{"damage":5,"enemies":"Small Slimes","floor":2,"turns":5},{"damage":0,"enemies":"2 Louse","floor":5,"turns":3},{"damage":32,"enemies":"Gremlin Nob","floor":7,"turns":4},{"damage":11,"enemies":"Large Slime","floor":10,"turns":6},{"damage":20,"enemies":"Red Slaver","floor":11,"turns":5},{"damage":49,"enemies":"The Guardian","floor":16,"turns":10},{"damage":8,"enemies":"Chosen","floor":18,"turns":3},{"damage":56,"enemies":"Slavers","floor":23,"turns":5},{"damage":62,"enemies":"Book of Stabbing","floor":25,"turns":4}],"event_choices":[{"event_name":"Liars Game","player_choice":"disagreed","floor":4,"damage_taken":0},{"event_name":"Mushrooms","player_choice":"Healed and dodged fight","floor":14,"damage_taken":0},{"event_name":"Drug Dealer","player_choice":"Ignored","floor":19,"damage_taken":0},{"event_name":"Forgotten Altar","player_choice":"Shed Blood","floor":20,"damage_taken":0}],"boss_relics":[{"not_picked":["Runic Pyramid","Lizard Tail"],"picked":"Snecko Eye"}],"potions_floor_spawned":[10,11,23],"seed_played":"2519840141567285114","killed_by":"Book of Stabbing","ascension_level":13,"is_trial":false}