{"path_per_floor":["M","M","?","$","M","?","E","R","T","R","$","M","R","E","R","B",null,"M","?","?","M","M","R","?","R","T","$","R","?","M","E","R","B",null,"M","M","?","?","$","E","?","R","T","$","T","R","?","$","R"],"character_chosen":"IRONCLAD","items_purchased":["Armaments","Molten Egg 2","Finesse","Flash of Steel"],"gold_per_floor":[116,135,135,37,51,51,82,82,82,82,82,98,98,131,131,230,230,243,243,243,253,268,268,268,268,268,28,28,28,45,71,71,168,168,180,192,192,192,192,224,224,224,224,128,128,128,128,29,29,29],"floor_reached":50,"campfire_rested":5,"playtime":1546,"current_hp_per_floor":[60,59,59,59,59,80,48,48,48,48,48,37,61,35,59,21,65,40,40,40,36,32,56,40,40,40,40,40,35,33,44,44,43,45,44,44,44,38,38,6,6,19,19,19,19,32,32,32,32,0],"items_purged":["Defend_R"],"gold":29,"score":899,"play_id":"5bdcf0af-fdd6-4292-b1a7-4dae5622983e","local_time":"20180406163936","is_prod":false,"is_daily":false,"is_ascension_mode":true,"campfire_upgraded":3,"timestamp":1523047176,"path_taken":["M","M","?","?","M","?","E","R","T","R","?","?","R","E","R","BOSS","M","?","?","?","M","R","?","R","T","$","R","?","M","E","R","BOSS","M","M","?","?","?","E","?","R","T","?","?","R","?","$","R","BOSS"],"build_version":"2018-04-05v2","purchased_purges":4,"victory":false,"master_deck":["Strike_R+1","Strike_R+1","Defend_R+1","Defend_R+1","Defend_R+1","Bash+1","AscendersBane","Whirlwind+1","Flex+1","Armaments","Seeing Red","Dropkick+1","Limit Break+1","Offering","Warcry","Ghostly","Ghostly","Ghostly","Ghostly","Ghostly","Seeing Red","Double Tap","Thunderclap+1","Cleave+1","Warcry","Heavy Blade+1","Madness","Madness","Inflame","Finesse","Flash of Steel+1"],"max_hp_per_floor":[80,80,80,80,80,80,80,80,80,80,80,80,80,80,80,80,80,80,80,80,80,80,80,40,40,40,40,40,45,45,45,45,45,45,45,45,45,45,45,45,45,45,45,45,45,45,45,45,45,45],"relics":["Velvet Choker","Dodecahedron","Paper Frog","Ancient Tea Set","Snecko Eye","Girya","Molten Egg 2","Bottled Flame","Orrery","Anchor","Singing Bowl","Whetstone"],"card_choices":[{"not_picked":["Thunderclap","Dual Wield"],"picked":"Whirlwind","floor":1},{"not_picked":["Havoc","Body Slam"],"picked":"Flex","floor":2},{"not_picked":["Thunderclap","Rage"],"picked":"Seeing Red","floor":5},{"not_picked":["Pommel Strike","Second Wind"],"picked":"Dropkick","floor":7},{"not_picked":["Uppercut","Iron Wave"],"picked":"Limit Break","floor":14},{"not_picked":["Feed","Fiend Fire"],"picked":"Offering","floor":16},{"not_picked":["Armaments","Immolate"],"picked":"Seeing Red","floor":31},{"not_picked":["Brutality","Berserk"],"picked":"Double Tap","floor":33},{"not_picked":["Hemokinesis","True Grit"],"picked":"Thunderclap","floor":34},{"not_picked":["Corruption","Shrug It Off"],"picked":"Cleave","floor":34},{"not_picked":["Pommel Strike","Headbutt"],"picked":"Warcry","floor":35},{"not_picked":["Flex","Double Tap"],"picked":"Heavy Blade","floor":36},{"not_picked":["Havoc","True Grit"],"picked":"Inflame","floor":40}],"player_experience":212405,"potions_floor_usage":[7,14,18,31,31,33,40],"damage_taken":[{"damage":12,"enemies":"Jaw Worm","floor":1,"turns":3},{"damage":1,"enemies":"Cultist","floor":2,"turns":3},{"damage":0,"enemies":"Small Slimes","floor":5,"turns":2},{"damage":32,"enemies":"Gremlin Nob","floor":7,"turns":4},{"damage":11,"enemies":"Looter","floor":12,"turns":2},{"damage":26,"enemies":"3 Sentries","floor":14,"turns":6},{"damage":38,"enemies":"Slime Boss","floor":16,"turns":8},{"damage":25,"enemies":"Shell Parasite","floor":18,"turns":3},{"damage":4,"enemies":"Chosen","floor":21,"turns":2},{"damage":4,"enemies":"Sentry and Sphere","floor":22,"turns":3},{"damage":2,"enemies":"Cultist and Chosen","floor":30,"turns":3},{"damage":4,"enemies":"Book of Stabbing","floor":31,"turns":6},{"damage":1,"enemies":"Collector","floor":33,"turns":6},{"damage":1,"enemies":"Orb Walker","floor":35,"turns":2},{"damage":0,"enemies":"3 Shapes","floor":36,"turns":2},{"damage":47,"enemies":"Nemesis","floor":40,"turns":7},{"damage":45,"enemies":"Awakened One","floor":50,"turns":8}],"event_choices":[{"event_name":"Purifier","player_choice":"One Purge","floor":3,"damage_taken":0},{"event_name":"Big Fish","player_choice":"Banana","floor":6,"damage_taken":0},{"event_name":"Transmorgrifier","player_choice":"Transform","floor":19,"damage_taken":0},{"event_name":"Back to Basics","player_choice":"Simplicity","floor":20,"damage_taken":0},{"event_name":"Ghosts","player_choice":"Became a Ghost","floor":24,"damage_taken":0},{"event_name":"Forgotten Altar","player_choice":"Shed Blood","floor":29,"damage_taken":0},{"event_name":"Winding Halls","player_choice":"Embrace Madness","floor":38,"damage_taken":0},{"event_name":"Tomb of Lord Red Mask","player_choice":"Ignored","floor":41,"damage_taken":0},{"event_name":"Mysterious Sphere","player_choice":"Ignore","floor":47,"damage_taken":0}],"boss_relics":[{"not_picked":["Tiny House","Black Star"],"picked":"Snecko Eye"},{"not_picked":["Runic Dome","Philosopher\u0027s Stone"],"picked":"Orrery"}],"potions_floor_spawned":[5,12,16,18,21,22,35],"seed_played":"3703771468045304022","killed_by":"Awakened One","ascension_level":10,"is_trial":false}