{"path_per_floor":["M","M","?","M","M","R","?","R","T","?","M","?","R","E","R","B",null,"M","?","$","?","$","R","M","R","T","R","M","M","?","M","R"],"character_chosen":"IRONCLAD","items_purchased":["Peace Pipe"],"gold_per_floor":[115,132,382,401,411,411,411,411,411,411,421,421,421,449,449,546,546,562,562,182,182,82,82,93,93,120,120,137,150,50,70,70,70],"floor_reached":33,"campfire_rested":2,"playtime":1284,"current_hp_per_floor":[76,76,76,69,60,60,60,60,60,60,51,33,57,52,52,21,80,45,45,45,45,45,45,50,50,50,50,46,24,24,13,37,0],"items_purged":["Regret","Injury"],"gold":70,"score":245,"play_id":"fd89065f-1df7-4766-8a2e-bc8e92a4bdd5","local_time":"20180415142237","is_prod":false,"is_daily":false,"chose_seed":false,"is_ascension_mode":false,"campfire_upgraded":1,"timestamp":1523816557,"path_taken":["BOSS","M","M","?","M","?","R","?","R","T","?","M","?","R","E","R","BOSS","M","?","?","?","$","R","?","R","T","R","M","M","?","M","R","BOSS"],"build_version":"2018-04-12","seed_source_timestamp":0,"purchased_purges":2,"victory":false,"master_deck":["Strike_R","Strike_R","Strike_R","Defend_R","Defend_R","Defend_R","Defend_R","Bash","Anger","Combust+1","Clash","Warcry+1","Clash","J.A.X.","Feel No Pain"],"max_hp_per_floor":[80,80,80,80,80,80,80,80,80,80,80,80,80,80,80,80,80,80,80,80,80,80,80,80,80,80,80,80,80,80,80,80,80],"relics":["Burning Blood","Girya","Matryoshka","Pen Nib","Bottled Lightning","Sozu","Peace Pipe","Dream Catcher","Omamori"],"card_choices":[{"not_picked":["Ghostly Armor","Carnage"],"picked":"Anger","floor":1},{"not_picked":["Headbutt","Rampage"],"picked":"Combust","floor":4},{"not_picked":["Hemokinesis","Havoc"],"picked":"Clash","floor":14},{"not_picked":["Reaper","Feed"],"picked":"Fiend Fire","floor":16},{"not_picked":["Reckless Charge","Iron Wave"],"picked":"Warcry","floor":24},{"not_picked":["Reaper","Ghostly Armor"],"picked":"Clash","floor":29},{"not_picked":["Iron Wave","Reckless Charge"],"picked":"Feel No Pain","floor":31}],"player_experience":33837,"potions_floor_usage":[16],"damage_taken":[{"damage":10,"enemies":"Jaw Worm","floor":1,"turns":4},{"damage":6,"enemies":"Cultist","floor":2,"turns":3},{"damage":13,"enemies":"2 Louse","floor":4,"turns":3},{"damage":15,"enemies":"Red Slaver","floor":5,"turns":3},{"damage":15,"enemies":"Looter","floor":11,"turns":3},{"damage":11,"enemies":"Gremlin Nob","floor":14,"turns":3},{"damage":37,"enemies":"Slime Boss","floor":16,"turns":9},{"damage":41,"enemies":"Chosen","floor":18,"turns":4},{"damage":1,"enemies":"Spheric Guardian","floor":24,"turns":3},{"damage":10,"enemies":"Centurion and Healer","floor":28,"turns":3},{"damage":28,"enemies":"Snake Plant","floor":29,"turns":3},{"damage":17,"enemies":"Snecko","floor":31,"turns":5},{"damage":41,"enemies":"Collector","floor":33,"turns":3}],"event_choices":[{"event_name":"Golden Shrine","player_choice":"Desecrate","floor":3,"damage_taken":0},{"event_name":"Bonfire Elementals","player_choice":"BASIC","floor":7,"damage_taken":0},{"event_name":"Dead Adventurer","player_choice":"Searched \u00271\u0027 times","floor":10,"damage_taken":0},{"event_name":"Scrap Ooze","player_choice":"success","floor":12,"damage_taken":18},{"event_name":"Ghosts","player_choice":"Ignored","floor":19,"damage_taken":0},{"event_name":"The Lab","player_choice":"Got Potions","floor":21,"damage_taken":0},{"event_name":"Drug Dealer","player_choice":"Got JAXXED","floor":30,"damage_taken":0}],"boss_relics":[{"not_picked":["Velvet Choker","Runic Pyramid"],"picked":"Sozu"}],"potions_floor_spawned":[1,4,14,24,28,31],"seed_played":"-4359117535294378460","killed_by":"Collector","ascension_level":0,"is_trial":false}