{"path_per_floor":["M","?","M","?","M","E","?","R","T","E","R","M","R","?","R"],"character_chosen":"IRONCLAD","items_purchased":[],"gold_per_floor":[113,113,123,123,140,167,167,167,167,192,192,205,205,130,130,130],"floor_reached":16,"campfire_rested":0,"playtime":413,"current_hp_per_floor":[74,74,75,75,75,42,42,42,42,50,50,55,55,55,55,0],"items_purged":[],"gold":130,"score":233,"play_id":"277bcf3a-8d53-488d-877c-f750566bf725","local_time":"20180411000812","is_prod":false,"is_daily":false,"is_ascension_mode":true,"campfire_upgraded":4,"timestamp":1523398092,"path_taken":["M","?","M","?","M","E","?","R","T","E","R","M","R","?","R","BOSS"],"build_version":"2018-04-05v2","purchased_purges":0,"victory":false,"master_deck":["Strike_R","Strike_R","Strike_R","Defend_R","Defend_R","Defend_R","Defend_R","Bash","AscendersBane","Iron Wave","Regret","Shrug It Off","Bludgeon+1","Dual Wield+1","Seeing Red","Feel No Pain+1","Havoc+1"],"max_hp_per_floor":[75,75,75,75,75,75,75,75,75,75,75,75,75,75,75,75],"relics":["Burning Blood","NeowsBlessing","Centennial Puzzle","Blood Vial","Shuriken","Du-Vu Doll"],"card_choices":[{"not_picked":["Clash","Reaper"],"picked":"Iron Wave","floor":1},{"not_picked":["Infernal Blade","Sword Boomerang"],"picked":"Shrug It Off","floor":3},{"not_picked":["Rage","Clothesline"],"picked":"Dual Wield","floor":5},{"not_picked":["Sword Boomerang","Uppercut"],"picked":"Seeing Red","floor":6},{"not_picked":["Wild Strike","Berserk"],"picked":"Feel No Pain","floor":10},{"not_picked":["Combust","Disarm"],"picked":"Havoc","floor":12}],"player_experience":382005,"potions_floor_usage":[16],"damage_taken":[{"damage":0,"enemies":"2 Louse","floor":1,"turns":1},{"damage":0,"enemies":"Jaw Worm","floor":3,"turns":1},{"damage":0,"enemies":"Cultist","floor":5,"turns":1},{"damage":39,"enemies":"3 Sentries","floor":6,"turns":10},{"damage":0,"enemies":"Gremlin Nob","floor":10,"turns":2},{"damage":3,"enemies":"Looter","floor":12,"turns":2},{"damage":57,"enemies":"Slime Boss","floor":16,"turns":12}],"event_choices":[{"event_name":"Big Fish","player_choice":"Box","floor":2,"damage_taken":0},{"event_name":"Transmorgrifier","player_choice":"Transform","floor":4,"damage_taken":0},{"event_name":"The Lab","player_choice":"Got Potions","floor":7,"damage_taken":0},{"event_name":"The Cleric","player_choice":"Card Removal","floor":14,"damage_taken":0}],"boss_relics":[],"potions_floor_spawned":[3,6,12],"seed_played":"-544486638635810639","killed_by":"Slime Boss","ascension_level":15,"is_trial":false}