{"path_per_floor":["M","$","?","M","?","E","R","E","T","M","M","$","M","?","R","B",null,"M","M","M","$","M","R","$","R","T","M","?","R","?","M","R","B",null,"M","$","?","?","$","M","M","R","T"],"character_chosen":"IRONCLAD","items_purchased":["Inflame","Bird Faced Urn","Shrug It Off","Evolve","Metallicize","Combust"],"gold_per_floor":[118,48,223,234,334,360,360,389,415,427,447,30,46,46,46,145,145,161,171,181,142,156,156,79,79,102,117,117,117,42,57,57,157,157,169,95,0,0,0,16,33,33,112,112],"floor_reached":44,"campfire_rested":3,"playtime":3108,"current_hp_per_floor":[80,80,80,80,80,80,80,55,55,61,50,50,50,50,74,47,80,66,55,55,55,41,41,41,41,41,46,80,80,80,42,80,21,80,45,45,45,45,45,52,51,80,80,0],"items_purged":["Doubt"],"gold":112,"score":468,"play_id":"ea7c45c4-1365-4458-98c9-0ca4e23361ab","local_time":"20180414220734","is_prod":false,"is_daily":false,"chose_seed":false,"is_ascension_mode":false,"campfire_upgraded":4,"timestamp":1523758054,"path_taken":["M","$","?","M","?","E","R","E","T","M","M","$","?","?","R","BOSS","M","M","M","$","M","R","$","R","T","M","?","R","?","?","R","BOSS","M","$","?","?","$","M","M","R","T","E"],"build_version":"2018-04-12","seed_source_timestamp":0,"purchased_purges":1,"victory":false,"master_deck":["Strike_R","Strike_R","Strike_R","Strike_R","Strike_R","Defend_R","Defend_R","Defend_R","Defend_R","Bash","Combust+1","Inflame","Twin Strike","Fire Breathing+1","Thunderclap","Shrug It Off","Pommel Strike","Pommel Strike","Reaper","Fire Breathing","Rage","Inflame","Cleave","Combust+1","Ghostly Armor","Seeing Red","Evolve","Barricade+1","Metallicize","Thunderclap+1","Clash+1","Feed","Metallicize+1","Combust","Wild Strike"],"max_hp_per_floor":[80,80,80,80,80,80,80,80,80,80,80,80,80,80,80,80,80,80,80,80,80,80,80,80,80,80,80,80,80,80,80,80,80,80,80,80,80,80,80,80,80,80,80,80],"relics":["Burning Blood","NeowsBlessing","Lantern","Matryoshka","Vajra","Blood Vial","Bird Faced Urn","Orrery","Pen Nib","Regal Pillow","Black Star","Red Mask","Dodecahedron"],"card_choices":[{"not_picked":["Headbutt","Reckless Charge"],"picked":"Combust","floor":1.0},{"not_picked":["Clothesline","Flex"],"picked":"Twin Strike","floor":4.0},{"not_picked":["Flame Barrier","Perfected Strike"],"picked":"Warcry","floor":6.0},{"not_picked":["Barricade","Battle Trance"],"picked":"Fire Breathing","floor":8.0},{"not_picked":["Perfected Strike","Flex"],"picked":"Fire Breathing","floor":10},{"not_picked":["Body Slam","Power Through"],"picked":"Thunderclap","floor":11},{"not_picked":["Iron Wave","Flex"],"picked":"Pommel Strike","floor":13},{"not_picked":["Offering","Immolate"],"picked":"Reaper","floor":16},{"not_picked":["Flex","Shockwave"],"picked":"Fire Breathing","floor":17},{"not_picked":["Pummel","Wild Strike"],"picked":"Rage","floor":17},{"not_picked":["Dual Wield","Warcry"],"picked":"Inflame","floor":17},{"not_picked":["Shockwave","Heavy Blade"],"picked":"Cleave","floor":17},{"not_picked":["Twin Strike","True Grit"],"picked":"Combust","floor":17},{"not_picked":["Body Slam","Heavy Blade"],"picked":"Dual Wield","floor":18},{"not_picked":["Reckless Charge","Anger"],"picked":"Ghostly Armor","floor":19},{"not_picked":["Perfected Strike","Corruption"],"picked":"Seeing Red","floor":20},{"not_picked":["Twin Strike","Evolve"],"picked":"Barricade","floor":22},{"not_picked":["Reckless Charge","Warcry"],"picked":"Thunderclap","floor":27},{"not_picked":["Thunderclap","Cleave"],"picked":"Clash","floor":31},{"not_picked":["Impervious","Immolate"],"picked":"Feed","floor":33},{"not_picked":["Body Slam","Blood for Blood"],"picked":"Metallicize","floor":35}],"player_experience":22761,"potions_floor_usage":[16,16,27,33,33,41,44],"damage_taken":[{"damage":0.0,"enemies":"2 Louse","floor":1.0,"turns":1.0},{"damage":1.0,"enemies":"Small Slimes","floor":4.0,"turns":1.0},{"damage":0.0,"enemies":"3 Sentries","floor":6.0,"turns":2.0},{"damage":31.0,"enemies":"Gremlin Nob","floor":8.0,"turns":4.0},{"damage":2,"enemies":"Cultist","floor":10,"turns":3},{"damage":19,"enemies":"3 Louse","floor":11,"turns":3},{"damage":14,"enemies":"Exordium Thugs","floor":13,"turns":3},{"damage":43,"enemies":"Hexaghost","floor":16,"turns":7},{"damage":24,"enemies":"Spheric Guardian","floor":18,"turns":4},{"damage":41,"enemies":"2 Thieves","floor":19,"turns":3},{"damage":32,"enemies":"Centurion and Healer","floor":20,"turns":6},{"damage":40,"enemies":"Snake Plant","floor":22,"turns":5},{"damage":34,"enemies":"3 Cultists","floor":27,"turns":6},{"damage":49,"enemies":"Cultist and Chosen","floor":31,"turns":5},{"damage":81,"enemies":"Collector","floor":33,"turns":9},{"damage":51,"enemies":"3 Darklings","floor":35,"turns":4},{"damage":20,"enemies":"3 Shapes","floor":40,"turns":4},{"damage":31,"enemies":"Maw","floor":41,"turns":8},{"damage":90,"enemies":"2 Orb Walkers","floor":44,"turns":4}],"event_choices":[{"event_name":"Liars Game","player_choice":"agreed","floor":3.0,"damage_taken":0.0},{"event_name":"Wheel of Change","player_choice":"Gold","floor":5.0,"damage_taken":0.0},{"event_name":"Living Wall","player_choice":"Change","floor":14,"damage_taken":0},{"event_name":"Wheel of Change","player_choice":"Full Heal","floor":28,"damage_taken":0},{"event_name":"Beggar","player_choice":"Gave Gold","floor":30,"damage_taken":0},{"event_name":"Tomb of Lord Red Mask","player_choice":"Paid","floor":37,"damage_taken":0},{"event_name":"Transmorgrifier","player_choice":"Transform","floor":38,"damage_taken":0}],"boss_relics":[{"not_picked":["Mark of Pain","Philosopher\u0027s Stone"],"picked":"Orrery"},{"not_picked":["Eternal Feather","Black Blood"],"picked":"Black Star"}],"potions_floor_spawned":[1,4,11,13,20,27,31,33,41],"seed_played":"-5149141134303506634","killed_by":"2 Orb Walkers","ascension_level":0,"is_trial":false}