{"path_per_floor":["M","?","M","M","M","R","?","$","T","E","M","R","?","E","R","B",null,"M","M","?","?","M","R"],"character_chosen":"IRONCLAD","items_purchased":[],"gold_per_floor":[10,10,26,37,52,52,81,6,56,84,102,102,102,137,137,215,215,231,249,174,174,190,190,190],"floor_reached":24,"campfire_rested":2,"playtime":1105,"current_hp_per_floor":[74,81,74,74,68,68,50,50,50,27,33,57,57,59,59,38,82,70,58,58,58,8,42,0],"items_purged":["Regret"],"gold":190,"score":386,"play_id":"3781c74b-415e-4fdc-bd59-8fdd884e46b1","local_time":"20180417010634","is_prod":false,"is_daily":false,"chose_seed":false,"is_ascension_mode":true,"campfire_upgraded":2,"timestamp":1523919994,"path_taken":["M","?","M","M","M","R","?","$","T","E","M","R","?","E","R","BOSS","M","M","?","?","M","R","M"],"build_version":"2018-04-12","seed_source_timestamp":48927077029513,"purchased_purges":1,"victory":false,"master_deck":["Strike_R","Strike_R","Defend_R","Defend_R","Defend_R","Defend_R","Bash","AscendersBane","Iron Wave","Ghostly Armor","True Grit+1","Spot Weakness","Barricade+1","Clothesline","Demon Form","True Grit+1","Body Slam+1","Shrug It Off"],"max_hp_per_floor":[75,82,82,82,82,82,82,82,82,82,82,82,82,96,96,96,96,96,96,96,96,96,96,96],"relics":["Burning Blood","Strawberry","Odd Mushroom","Anchor","Orichalcum","Mango","Eternal Feather"],"card_choices":[{"not_picked":["Body Slam","Pummel"],"picked":"Iron Wave","floor":1},{"not_picked":["Rage","Clash"],"picked":"Ghostly Armor","floor":3},{"not_picked":["Searing Blow","Fire Breathing"],"picked":"True Grit","floor":4},{"not_picked":["Entrench","Reckless Charge"],"picked":"Spot Weakness","floor":5},{"not_picked":["Rupture","Twin Strike"],"picked":"Barricade","floor":10},{"not_picked":["Reckless Charge","Intimidate"],"picked":"Clothesline","floor":14},{"not_picked":["Reaper","Fiend Fire"],"picked":"Demon Form","floor":16},{"not_picked":["Sever Soul","Havoc"],"picked":"True Grit","floor":18},{"not_picked":["Sentinel","Shrug It Off"],"picked":"Body Slam","floor":19},{"not_picked":["Perfected Strike","Corruption"],"picked":"Shrug It Off","floor":22}],"player_experience":418439,"potions_floor_usage":[14,16,18,22,24,24],"damage_taken":[{"damage":0,"enemies":"Small Slimes","floor":1,"turns":4},{"damage":13,"enemies":"Jaw Worm","floor":3,"turns":6},{"damage":6,"enemies":"2 Louse","floor":4,"turns":4},{"damage":12,"enemies":"Large Slime","floor":5,"turns":8},{"damage":24,"enemies":"The Mushroom Lair","floor":7,"turns":5},{"damage":29,"enemies":"Lagavulin","floor":10,"turns":9},{"damage":0,"enemies":"Exordium Wildlife","floor":11,"turns":5},{"damage":18,"enemies":"3 Sentries","floor":14,"turns":10},{"damage":27,"enemies":"Hexaghost","floor":16,"turns":14},{"damage":18,"enemies":"Spheric Guardian","floor":18,"turns":8},{"damage":18,"enemies":"Chosen","floor":19,"turns":8},{"damage":56,"enemies":"Sentry and Sphere","floor":22,"turns":10},{"damage":53,"enemies":"Cultist and Chosen","floor":24,"turns":8}],"event_choices":[{"event_name":"Big Fish","player_choice":"Box","floor":2,"damage_taken":0},{"event_name":"Mushrooms","player_choice":"Fought Mushrooms","floor":7,"damage_taken":0},{"event_name":"Liars Game","player_choice":"disagreed","floor":13,"damage_taken":0},{"event_name":"Beggar","player_choice":"Gave Gold","floor":20,"damage_taken":0},{"event_name":"Vampires","player_choice":"Ignored","floor":21,"damage_taken":0}],"boss_relics":[{"not_picked":["Tiny House","Runic Cube"],"picked":"Eternal Feather"}],"potions_floor_spawned":[3,4,5,10,14,16,22],"seed_played":"2554312348539477865","killed_by":"Cultist and Chosen","ascension_level":15,"is_trial":false}