{"path_per_floor":["M","M","?","M","$","R","E","M","T","E","?","M","M","M","R","B",null,"M","M","M","$","?","R","M","R","T","E","?","M","M","?","R","B",null,"M","?","$","?","M","R","$","R","T","M","M","R","M","M","R","B"],"character_chosen":"IRONCLAD","items_purchased":["Bag of Preparation","Offering"],"gold_per_floor":[110,127,202,212,58,58,87,100,100,129,129,143,154,174,174,269,269,280,291,308,159,159,159,170,170,170,205,205,221,234,234,234,330,330,349,349,249,249,266,266,141,141,141,157,177,177,189,205,205,205],"floor_reached":51,"campfire_rested":0,"playtime":742,"current_hp_per_floor":[80,75,64,68,68,68,74,75,75,55,55,61,45,51,51,26,90,90,90,90,90,90,90,90,90,90,80,64,66,72,72,72,62,90,90,90,90,90,90,90,90,90,90,90,90,90,78,84,84,68],"items_purged":["Defend_R","Strike_R","Defend_R"],"gold":205,"score":808,"play_id":"037b26bb-03d1-466e-ae27-c902412b3873","local_time":"20180407174153","is_prod":false,"is_daily":false,"is_ascension_mode":false,"campfire_upgraded":2,"timestamp":1523140913,"path_taken":["M","M","?","M","$","R","E","M","T","E","?","M","?","M","R","BOSS","M","M","M","$","?","R","M","R","T","E","?","M","M","?","R","BOSS","M","?","$","?","M","R","$","R","T","M","M","R","M","M","R","BOSS"],"build_version":"2018-04-05v2","purchased_purges":3,"victory":true,"master_deck":["Bash","Flex+1","Whirlwind+1","Thunderclap","Seeing Red","Offering","Necronomicurse"],"max_hp_per_floor":[80,80,80,80,80,80,80,80,80,90,90,90,90,90,90,90,90,90,90,90,90,90,90,90,90,90,90,90,90,90,90,90,90,90,90,90,90,90,90,90,90,90,90,90,90,90,90,90,90,90],"relics":["Burning Blood","Happy Flower","Bag of Preparation","Charon\u0027s Ashes","Peace Pipe","Pear","Molten Egg 2","Sozu","Gambling Chip","Pantograph","Necronomicon","Philosopher\u0027s Stone","Champion Belt"],"card_choices":[{"not_picked":["Pommel Strike","Shrug It Off"],"picked":"Flex","floor":1},{"not_picked":["Metallicize","Disarm"],"picked":"Whirlwind","floor":2},{"not_picked":["Flame Barrier","Carnage"],"picked":"Thunderclap","floor":7},{"not_picked":["Rampage","Heavy Blade"],"picked":"Seeing Red","floor":13},{"not_picked":["Armaments","Perfected Strike"],"picked":"Anger","floor":18},{"not_picked":["Flex","Cleave"],"picked":"Sever Soul","floor":30}],"player_experience":429392,"potions_floor_usage":[16,50,50,50],"damage_taken":[{"damage":3,"enemies":"Small Slimes","floor":1,"turns":3},{"damage":11,"enemies":"Jaw Worm","floor":2,"turns":3},{"damage":2,"enemies":"2 Louse","floor":4,"turns":2},{"damage":0,"enemies":"3 Sentries","floor":7,"turns":1},{"damage":5,"enemies":"Looter","floor":8,"turns":2},{"damage":36,"enemies":"Lagavulin","floor":10,"turns":6},{"damage":0,"enemies":"2 Fungi Beasts","floor":12,"turns":2},{"damage":22,"enemies":"Red Slaver","floor":13,"turns":4},{"damage":0,"enemies":"Exordium Wildlife","floor":14,"turns":1},{"damage":46,"enemies":"Slime Boss","floor":16,"turns":7},{"damage":5,"enemies":"Spheric Guardian","floor":18,"turns":3},{"damage":5,"enemies":"3 Byrds","floor":19,"turns":3},{"damage":0,"enemies":"3 Cultists","floor":20,"turns":2},{"damage":4,"enemies":"Cultist and Chosen","floor":24,"turns":2},{"damage":16,"enemies":"Book of Stabbing","floor":27,"turns":2},{"damage":4,"enemies":"Snecko","floor":29,"turns":1},{"damage":0,"enemies":"3 Cultists","floor":30,"turns":1},{"damage":34,"enemies":"Automaton","floor":33,"turns":4},{"damage":0,"enemies":"Orb Walker","floor":35,"turns":1},{"damage":0,"enemies":"3 Darklings","floor":39,"turns":1},{"damage":4,"enemies":"Maw","floor":44,"turns":2},{"damage":0,"enemies":"Sphere and 2 Shapes","floor":45,"turns":1},{"damage":18,"enemies":"4 Shapes","floor":47,"turns":1},{"damage":0,"enemies":"3 Darklings","floor":48,"turns":1},{"damage":28,"enemies":"Donu and Deca","floor":50,"turns":2}],"event_choices":[{"event_name":"World of Goop","player_choice":"Gather Gold","floor":3,"damage_taken":0},{"event_name":"Dead Adventurer","player_choice":"Searched \u00271\u0027 times","floor":11,"damage_taken":0},{"event_name":"Vampires","player_choice":"Ignored","floor":22,"damage_taken":0},{"event_name":"Cursed Tome","player_choice":"Obtained Book","floor":28,"damage_taken":0},{"event_name":"The Mausoleum","player_choice":"No","floor":31,"damage_taken":0},{"event_name":"Tomb of Lord Red Mask","player_choice":"Ignored","floor":36,"damage_taken":0},{"event_name":"Purifier","player_choice":"One Purge","floor":38,"damage_taken":0}],"boss_relics":[{"not_picked":["Calling Bell","White Beast Statue"],"picked":"Sozu"},{"not_picked":["Snecko Eye","Orrery"],"picked":"Philosopher\u0027s Stone"}],"potions_floor_spawned":[10,12,13,16,18,20,24,39,48],"seed_played":"388373027242043820","ascension_level":0,"is_trial":false}