{"path_per_floor":["M","M","?","$","M","M","R","M","T","M","R","M","E","M","R"],"character_chosen":"IRONCLAD","items_purchased":["Reckless Charge"],"gold_per_floor":[116,135,135,7,21,38,38,58,58,72,72,91,116,135,135,135],"floor_reached":16,"campfire_rested":2,"playtime":589,"current_hp_per_floor":[66,54,54,54,56,58,58,53,53,40,62,45,11,11,33,0],"items_purged":["Strike_R"],"gold":135,"score":186,"play_id":"a8a4586d-0276-4522-af81-08208203d687","local_time":"20180417030914","is_prod":false,"is_daily":false,"chose_seed":false,"is_ascension_mode":true,"campfire_upgraded":1,"timestamp":1523927354,"path_taken":["M","M","?","$","M","M","R","M","T","M","R","M","E","M","R","BOSS"],"build_version":"2018-04-12","seed_source_timestamp":56805212797074,"purchased_purges":1,"victory":false,"master_deck":["Strike_R","Strike_R","Strike_R","Defend_R","Defend_R","Defend_R","Defend_R","Bash","AscendersBane","Whirlwind","Body Slam+1","Reckless Charge","Reckless Charge","Entrench","Carnage","Feel No Pain","Disarm","Seeing Red"],"max_hp_per_floor":[75,75,75,75,75,75,75,75,75,75,75,75,75,75,75,75],"relics":["Burning Blood","Dream Catcher","Calipers"],"card_choices":[{"not_picked":["Heavy Blade","Intimidate"],"picked":"Whirlwind","floor":1},{"not_picked":["Armaments","Sword Boomerang"],"picked":"Body Slam","floor":2},{"not_picked":["Searing Blow","Thunderclap"],"picked":"Reckless Charge","floor":5},{"not_picked":["Infernal Blade","Perfected Strike"],"picked":"Entrench","floor":6},{"not_picked":["Body Slam","Warcry"],"picked":"Carnage","floor":8},{"not_picked":["Ghostly Armor","Juggernaut"],"picked":"Feel No Pain","floor":11},{"not_picked":["Sword Boomerang","Iron Wave"],"picked":"Disarm","floor":13},{"not_picked":["Thunderclap","Power Through"],"picked":"Seeing Red","floor":14}],"player_experience":425806,"potions_floor_usage":[13,14],"damage_taken":[{"damage":8,"enemies":"Small Slimes","floor":1,"turns":4},{"damage":18,"enemies":"Cultist","floor":2,"turns":6},{"damage":4,"enemies":"2 Louse","floor":5,"turns":3},{"damage":4,"enemies":"2 Fungi Beasts","floor":6,"turns":4},{"damage":11,"enemies":"Exordium Wildlife","floor":8,"turns":4},{"damage":19,"enemies":"Large Slime","floor":10,"turns":7},{"damage":23,"enemies":"3 Louse","floor":12,"turns":3},{"damage":40,"enemies":"Lagavulin","floor":13,"turns":8},{"damage":6,"enemies":"Looter","floor":14,"turns":4},{"damage":33,"enemies":"Hexaghost","floor":16,"turns":10}],"event_choices":[{"event_name":"Purifier","player_choice":"One Purge","floor":3,"damage_taken":0}],"boss_relics":[],"potions_floor_spawned":[1,6,8,12,14],"seed_played":"9205914144623885709","killed_by":"Hexaghost","ascension_level":15,"is_trial":false}