{"path_per_floor":["M","M","M","M","M","R","$","M","T","E","?","M","R","M","R","B",null,"M","M","?","M"],"character_chosen":"IRONCLAD","items_purchased":[],"gold_per_floor":[114,133,150,163,174,174,99,109,109,134,134,148,148,164,164,266,266,176,188,188,201,201],"floor_reached":22,"campfire_rested":1,"playtime":1137,"current_hp_per_floor":[73,71,76,69,64,64,64,55,55,29,22,16,40,40,40,18,65,31,12,38,16,0],"items_purged":["Strike_R"],"gold":201,"score":295,"play_id":"d979885d-d0ba-4088-9e6a-3fb7a4cc86be","local_time":"20180409225526","is_prod":false,"is_daily":false,"is_ascension_mode":true,"campfire_upgraded":2,"timestamp":1523328926,"path_taken":["M","M","M","M","M","R","$","M","T","E","?","M","R","M","R","BOSS","M","M","?","?","M"],"build_version":"2018-04-05v2","purchased_purges":1,"victory":false,"master_deck":["Defend_R","Defend_R","Defend_R","Defend_R","Bash","AscendersBane","Demon Form","Shrug It Off+1","Sword Boomerang","Feel No Pain+1","Whirlwind","Offering+1","Feed+1","Rupture+1","Entrench+1","True Grit+1"],"max_hp_per_floor":[80,80,80,80,80,80,80,80,80,80,80,80,80,80,80,80,80,80,80,80,80,80],"relics":["Burning Blood","Dead Branch","Toxic Egg 2","Astrolabe"],"card_choices":[{"not_picked":["Perfected Strike","Twin Strike"],"picked":"Shrug It Off","floor":1},{"not_picked":["Second Wind","Clothesline"],"picked":"Sword Boomerang","floor":2},{"not_picked":["Seeing Red","Armaments"],"picked":"Feel No Pain","floor":4},{"not_picked":["Perfected Strike","Dark Embrace"],"picked":"Whirlwind","floor":12},{"not_picked":["Reaper","Berserk"],"picked":"Offering","floor":16},{"not_picked":["Entrench","Cleave"],"picked":"True Grit","floor":21}],"player_experience":514014,"potions_floor_usage":[8,16,21,22],"damage_taken":[{"damage":5,"enemies":"2 Louse","floor":1,"turns":4},{"damage":8,"enemies":"Jaw Worm","floor":2,"turns":6},{"damage":1,"enemies":"Cultist","floor":3,"turns":4},{"damage":13,"enemies":"3 Louse","floor":4,"turns":9},{"damage":11,"enemies":"Blue Slaver","floor":5,"turns":4},{"damage":15,"enemies":"Gremlin Gang","floor":8,"turns":6},{"damage":32,"enemies":"Lagavulin","floor":10,"turns":7},{"damage":12,"enemies":"2 Fungi Beasts","floor":12,"turns":4},{"damage":6,"enemies":"Looter","floor":14,"turns":4},{"damage":28,"enemies":"Hexaghost","floor":16,"turns":9},{"damage":40,"enemies":"2 Thieves","floor":18,"turns":5},{"damage":25,"enemies":"Spheric Guardian","floor":19,"turns":6},{"damage":28,"enemies":"Centurion and Healer","floor":21,"turns":8},{"damage":22,"enemies":"3 Cultists","floor":22,"turns":3}],"event_choices":[{"event_name":"Golden Wing","player_choice":"Card Removal","floor":11,"damage_taken":0},{"event_name":"The Library","player_choice":"Heal","floor":20,"damage_taken":0}],"boss_relics":[{"not_picked":["Runic Pyramid","Philosopher\u0027s Stone"],"picked":"Astrolabe"}],"potions_floor_spawned":[5,8,12,16],"seed_played":"1104043135704592074","killed_by":"3 Cultists","ascension_level":11,"is_trial":false}