{"path_per_floor":["M","M","M","$","?","M","$","R","T","M","?","M","M","?","R","B",null,"M","$","M","?"],"character_chosen":"IRONCLAD","items_purchased":["Metallicize","Rampage","Evolve","Combust","Shrug It Off","Dramatic Entrance"],"gold_per_floor":[217,233,247,134,134,150,71,71,95,105,105,121,132,132,132,236,236,256,42,61,61,61],"floor_reached":22,"campfire_rested":1,"playtime":1416,"current_hp_per_floor":[80,80,80,80,80,79,79,79,79,70,70,60,59,52,76,7,80,53,53,19,19,0],"items_purged":[],"gold":61,"score":178,"play_id":"dc468776-9c6c-4e0c-b291-b1c59fd0b31c","local_time":"20180414071548","is_prod":false,"is_daily":false,"chose_seed":false,"is_ascension_mode":false,"campfire_upgraded":1,"timestamp":1523704548,"path_taken":["M","M","M","$","?","M","$","R","T","M","?","M","M","?","R","BOSS","M","$","M","?","M"],"build_version":"2018-04-12","seed_source_timestamp":3418818911269,"purchased_purges":0,"victory":false,"master_deck":["Strike_R","Strike_R","Strike_R","Strike_R","Strike_R","Defend_R","Defend_R","Defend_R","Defend_R","Bash","Fire Breathing+1","Rupture","Cleave","Metallicize","Rampage","Headbutt","Evolve","Fire Breathing","Twin Strike","Barricade","Combust","Shrug It Off","Dramatic Entrance","Iron Wave+1","Writhe"],"max_hp_per_floor":[80,80,80,80,80,80,80,80,80,80,80,80,80,80,80,80,80,80,80,80,80,80],"relics":["Burning Blood","Happy Flower","Gremlin Horn","Eternal Feather","Pen Nib"],"card_choices":[{"not_picked":["Sword Boomerang","Warcry"],"picked":"Fire Breathing","floor":1},{"not_picked":["Clothesline","Power Through"],"picked":"Rupture","floor":2},{"not_picked":["Perfected Strike","Shrug It Off"],"picked":"Cleave","floor":3},{"not_picked":["Second Wind","Carnage"],"picked":"Headbutt","floor":6},{"not_picked":["Thunderclap","Corruption"],"picked":"Fire Breathing","floor":10},{"not_picked":["Clash","True Grit"],"picked":"Twin Strike","floor":13},{"not_picked":["Juggernaut","Double Tap"],"picked":"Barricade","floor":16},{"not_picked":["Power Through","Warcry"],"picked":"Iron Wave","floor":20}],"player_experience":21345,"potions_floor_usage":[16],"damage_taken":[{"damage":6,"enemies":"Jaw Worm","floor":1,"turns":3},{"damage":6,"enemies":"Cultist","floor":2,"turns":3},{"damage":3,"enemies":"Small Slimes","floor":3,"turns":3},{"damage":7,"enemies":"3 Louse","floor":6,"turns":3},{"damage":15,"enemies":"Large Slime","floor":10,"turns":6},{"damage":16,"enemies":"Lots of Slimes","floor":12,"turns":3},{"damage":7,"enemies":"3 Louse","floor":13,"turns":2},{"damage":75,"enemies":"Hexaghost","floor":16,"turns":11},{"damage":33,"enemies":"Chosen","floor":18,"turns":5},{"damage":40,"enemies":"Spheric Guardian","floor":20,"turns":6},{"damage":19,"enemies":"3 Cultists","floor":22,"turns":3}],"event_choices":[{"event_name":"The Woman in Blue","player_choice":"Bought 0 Potions","floor":5,"damage_taken":0},{"event_name":"The Cleric","player_choice":"Leave","floor":11,"damage_taken":0},{"event_name":"Scrap Ooze","player_choice":"success","floor":14,"damage_taken":7},{"event_name":"The Mausoleum","player_choice":"Yes","floor":21,"damage_taken":0}],"boss_relics":[{"not_picked":["Velvet Choker","Runic Pyramid"],"picked":"Eternal Feather"}],"potions_floor_spawned":[1,12,16],"seed_played":"6305928706565170742","killed_by":"3 Cultists","ascension_level":0,"is_trial":false}