{"path_per_floor":["M","$","?","M","$","R","M","?","T","M","M","R","?","M","R","B",null,"M","?","$","?","?","R","$"],"character_chosen":"IRONCLAD","items_purchased":["Battle Trance","Apotheosis","Inflame"],"gold_per_floor":[113,113,113,132,65,65,81,81,105,118,137,137,137,154,154,259,259,277,277,34,34,34,34,34,34],"floor_reached":25,"campfire_rested":1,"playtime":1171,"current_hp_per_floor":[75,75,75,80,80,80,80,80,80,56,42,42,42,28,67,59,80,63,63,63,63,63,63,63,0],"items_purged":[],"gold":34,"score":189,"play_id":"c2a20b18-298d-47e0-a7c5-23cfee445ed7","local_time":"20180414222724","is_prod":false,"is_daily":false,"chose_seed":false,"is_ascension_mode":false,"campfire_upgraded":3,"timestamp":1523759244,"path_taken":["M","$","?","?","$","R","M","?","T","M","M","R","?","?","R","BOSS","M","?","$","?","?","R","$","E"],"build_version":"2018-04-12","seed_source_timestamp":10462885838319,"purchased_purges":0,"victory":false,"master_deck":["Strike_R+1","Strike_R+1","Strike_R+1","Strike_R+1","Strike_R+1","Defend_R+1","Defend_R+1","Defend_R+1","Defend_R+1","Bash","Thunderclap","Shrug It Off+1","Anger","Battle Trance","Feel No Pain","Demon Form+1","Cleave","Pummel","Sword Boomerang","Infernal Blade","Brutality","Metallicize","Apotheosis+1","Inflame"],"max_hp_per_floor":[80,80,80,80,80,80,80,80,80,80,80,80,80,80,80,80,80,80,80,80,80,80,80,80,80],"relics":["Burning Blood","Regal Pillow","Runic Cube"],"card_choices":[{"not_picked":["Fire Breathing","Warcry"],"picked":"Thunderclap","floor":0},{"not_picked":["Dropkick","Burning Pact"],"picked":"Shrug It Off","floor":1},{"not_picked":["Reckless Charge","Body Slam"],"picked":"Anger","floor":4},{"not_picked":["True Grit","Headbutt"],"picked":"Feel No Pain","floor":7},{"not_picked":["Flex","Searing Blow"],"picked":"Demon Form","floor":10},{"not_picked":["Heavy Blade","Hemokinesis"],"picked":"Cleave","floor":11},{"not_picked":["Headbutt","Pommel Strike"],"picked":"Infernal Blade","floor":14},{"not_picked":["Limit Break","Fiend Fire"],"picked":"Brutality","floor":16},{"not_picked":["Shrug It Off","Body Slam"],"picked":"Metallicize","floor":18}],"player_experience":25869,"potions_floor_usage":[14],"damage_taken":[{"damage":11,"enemies":"Jaw Worm","floor":1,"turns":3},{"damage":0,"enemies":"2 Louse","floor":4,"turns":3},{"damage":6,"enemies":"Cultist","floor":7,"turns":3},{"damage":30,"enemies":"Exordium Thugs","floor":10,"turns":5},{"damage":20,"enemies":"Large Slime","floor":11,"turns":5},{"damage":29,"enemies":"Red Slaver","floor":14,"turns":5},{"damage":14,"enemies":"Slime Boss","floor":16,"turns":6},{"damage":23,"enemies":"3 Byrds","floor":18,"turns":4},{"damage":63,"enemies":"Slavers","floor":25,"turns":5}],"event_choices":[{"event_name":"The Cleric","player_choice":"Leave","floor":3,"damage_taken":0},{"event_name":"The Woman in Blue","player_choice":"Bought 0 Potions","floor":8,"damage_taken":0},{"event_name":"Match and Keep!","player_choice":"2 cards matched","floor":13,"damage_taken":0},{"event_name":"Beggar","player_choice":"Ignored","floor":19,"damage_taken":0},{"event_name":"Addict","player_choice":"Ignored","floor":21,"damage_taken":0},{"event_name":"Back to Basics","player_choice":"Simplicity","floor":22,"damage_taken":0}],"boss_relics":[{"not_picked":["Mark of Pain","Eternal Feather"],"picked":"Runic Cube"}],"potions_floor_spawned":[1,11],"seed_played":"-7129223529561118593","killed_by":"Slavers","ascension_level":0,"is_trial":false}