{"path_per_floor":["M","?","M","M","?","E","R","M","T","?","?","M","M","M","R","B",null,"M","$","M","?","?","E","R","M","T"],"character_chosen":"IRONCLAD","items_purchased":["True Grit","Combust"],"gold_per_floor":[15,15,33,43,8,35,35,50,104,104,104,118,141,156,156,284,284,298,95,110,25,25,65,65,81,152,152],"floor_reached":27,"campfire_rested":1,"playtime":1513,"current_hp_per_floor":[80,64,67,68,80,73,73,68,68,48,48,48,51,54,54,33,80,55,55,39,39,65,13,52,25,25,0],"items_purged":["Dual Wield"],"gold":152,"score":235,"play_id":"eff153ad-3c41-4346-8f01-4a75c0780ec4","local_time":"20180417004650","is_prod":false,"is_daily":false,"chose_seed":false,"is_ascension_mode":false,"campfire_upgraded":2,"timestamp":1523922410,"path_taken":["M","?","M","M","?","E","R","M","T","?","?","M","M","M","R","BOSS","M","$","M","?","?","E","R","M","T","M"],"build_version":"2018-04-12","seed_source_timestamp":260659199842686,"purchased_purges":1,"victory":false,"master_deck":["Strike_R+1","Strike_R+1","Defend_R","Defend_R","Defend_R","Defend_R","Bash","Combust","Bludgeon+1","Combust+1","Ghostly Armor","Power Through","Rupture","Twin Strike","Warcry","Juggernaut","Twin Strike","True Grit","Combust","Spot Weakness+1","Warcry","Headbutt+1"],"max_hp_per_floor":[80,80,80,80,80,80,80,80,80,80,80,80,80,80,80,80,80,80,80,80,80,80,80,80,80,80,80],"relics":["Burning Blood","Regal Pillow","Juzu Bracelet","Golden Idol","Black Star","Bag of Preparation","Peace Pipe","Sundial","Meat on the Bone"],"card_choices":[{"not_picked":["Anger","Body Slam"],"picked":"Combust","floor":1},{"not_picked":["Perfected Strike","Headbutt"],"picked":"Ghostly Armor","floor":3},{"not_picked":["Shrug It Off","Spot Weakness"],"picked":"Power Through","floor":4},{"not_picked":["Headbutt","Disarm"],"picked":"Dual Wield","floor":6},{"not_picked":["Clash","Ghostly Armor"],"picked":"Rupture","floor":8},{"not_picked":["Reckless Charge","Metallicize"],"picked":"Twin Strike","floor":12},{"not_picked":["Pummel","Disarm"],"picked":"Warcry","floor":14},{"not_picked":["Double Tap","Reaper"],"picked":"Juggernaut","floor":16},{"not_picked":["Rampage","Clothesline"],"picked":"Twin Strike","floor":18},{"not_picked":["Anger","Blood for Blood"],"picked":"Spot Weakness","floor":20},{"not_picked":["Pommel Strike","Anger"],"picked":"Warcry","floor":23},{"not_picked":["Reckless Charge","Bloodletting"],"picked":"Headbutt","floor":25}],"player_experience":10145,"potions_floor_usage":[6,16,16,23,27,27],"damage_taken":[{"damage":2,"enemies":"Cultist","floor":1,"turns":4},{"damage":3,"enemies":"Jaw Worm","floor":3,"turns":2},{"damage":5,"enemies":"Small Slimes","floor":4,"turns":2},{"damage":13,"enemies":"Gremlin Nob","floor":6,"turns":4},{"damage":11,"enemies":"3 Louse","floor":8,"turns":2},{"damage":6,"enemies":"Blue Slaver","floor":12,"turns":4},{"damage":3,"enemies":"Exordium Wildlife","floor":13,"turns":3},{"damage":3,"enemies":"2 Fungi Beasts","floor":14,"turns":4},{"damage":27,"enemies":"The Guardian","floor":16,"turns":7},{"damage":31,"enemies":"Chosen","floor":18,"turns":6},{"damage":22,"enemies":"3 Byrds","floor":20,"turns":4},{"damage":58,"enemies":"Book of Stabbing","floor":23,"turns":5},{"damage":33,"enemies":"Centurion and Healer","floor":25,"turns":6},{"damage":25,"enemies":"3 Cultists","floor":27,"turns":4}],"event_choices":[{"event_name":"Shining Light","player_choice":"Entered Light","floor":2,"damage_taken":0},{"event_name":"The Cleric","player_choice":"Healed","floor":5,"damage_taken":0},{"event_name":"Golden Idol","player_choice":"Take Damage","floor":10,"damage_taken":0},{"event_name":"Living Wall","player_choice":"Forget","floor":11,"damage_taken":0},{"event_name":"Addict","player_choice":"Obtained Relic","floor":21,"damage_taken":0},{"event_name":"The Library","player_choice":"Heal","floor":22,"damage_taken":0}],"boss_relics":[{"not_picked":["Snecko Eye","Runic Dome"],"picked":"Black Star"}],"potions_floor_spawned":[3,4,6,12,13,18,25],"seed_played":"751497129793440127","killed_by":"3 Cultists","ascension_level":0,"is_trial":false}