{"path_per_floor":["M","$","?","?","?","R","E","R","T","M","R","M","T","$","R","B",null,"M","$","T","?","$","R","E","M","T","E","R","E","R","T","R"],"character_chosen":"IRONCLAD","items_purchased":[],"gold_per_floor":[117,42,42,42,42,42,86,86,86,110,110,131,131,31,31,160,160,176,51,77,77,77,77,111,126,151,184,184,217,217,217,217,217],"floor_reached":33,"campfire_rested":2,"playtime":747,"current_hp_per_floor":[80,80,60,57,57,57,40,40,40,46,46,50,50,50,50,9,80,58,58,58,58,58,58,58,62,62,27,51,39,63,63,63,0],"items_purged":["Defend_R","Strike_R","Strike_R"],"gold":217,"score":295,"play_id":"ccf3f391-b039-4601-a259-e0f9636e6c6b","local_time":"20180408232841","is_prod":false,"is_daily":false,"is_ascension_mode":false,"campfire_upgraded":6,"timestamp":1523251721,"path_taken":["M","$","?","?","?","R","E","R","T","M","R","M","?","$","R","BOSS","M","?","?","?","$","R","E","?","T","E","R","E","R","?","R","BOSS"],"build_version":"2018-04-05","purchased_purges":3,"victory":false,"master_deck":["Strike_R","Strike_R+1","Defend_R+1","Defend_R+1","Bash+1","Iron Wave+1","Pommel Strike+1","Flex+1","Reaper+1","Warcry+1","Flex+1"],"max_hp_per_floor":[80,80,80,80,80,80,80,80,80,80,80,80,80,80,80,80,80,80,80,80,80,80,80,80,80,80,80,80,80,80,80,80,80],"relics":["Burning Blood","Golden Idol","Vajra","Oddly Smooth Stone","War Paint","Charon\u0027s Ashes","Runic Pyramid","Dream Catcher","Pen Nib","Blood Vial","Bottled Flame","Frozen Egg 2","Ice Cream"],"card_choices":[{"not_picked":["Combust","Blood for Blood"],"picked":"Pommel Strike","floor":1.0},{"not_picked":["Hemokinesis","Anger"],"picked":"Flex","floor":7},{"not_picked":["Brutality","Berserk"],"picked":"Reaper","floor":16},{"not_picked":["Perfected Strike","Searing Blow"],"picked":"Warcry","floor":29},{"not_picked":["Power Through","Ghostly Armor"],"picked":"Flex","floor":30}],"player_experience":719,"potions_floor_usage":[16,24,24,29],"damage_taken":[{"damage":1.0,"enemies":"Cultist","floor":1.0,"turns":3.0},{"damage":23,"enemies":"Gremlin Nob","floor":7,"turns":4},{"damage":0,"enemies":"Small Slimes","floor":10,"turns":2},{"damage":2,"enemies":"Jaw Worm","floor":12,"turns":2},{"damage":47,"enemies":"Hexaghost","floor":16,"turns":8},{"damage":34,"enemies":"3 Byrds","floor":18,"turns":6},{"damage":21,"enemies":"Book of Stabbing","floor":24,"turns":5},{"damage":2,"enemies":"Spheric Guardian","floor":25,"turns":3},{"damage":57,"enemies":"Slavers","floor":27,"turns":6},{"damage":41,"enemies":"Book of Stabbing","floor":29,"turns":5},{"damage":87,"enemies":"Automaton","floor":33,"turns":8}],"event_choices":[{"event_name":"Golden Idol","player_choice":"Take Damage","floor":3.0,"damage_taken":0.0},{"event_name":"Scrap Ooze","player_choice":"success","floor":4.0,"damage_taken":3.0},{"event_name":"Purifier","player_choice":"One Purge","floor":5,"damage_taken":0},{"event_name":"Vampires","player_choice":"Ignored","floor":21,"damage_taken":0}],"boss_relics":[{"not_picked":["Eternal Feather","Black Blood"],"picked":"Runic Pyramid"}],"potions_floor_spawned":[10,12,18,24],"seed_played":"2421385418470463499","killed_by":"Automaton","ascension_level":0,"is_trial":false}