{"path_per_floor":["M","$","?","$","?","?","M","M","T","M","M","?","E","M","R","B",null,"M","?","?","$","M","E","R","M","T","R","M","?"],"character_chosen":"IRONCLAD","items_purchased":["Pommel Strike","Rupture","Flash of Steel"],"gold_per_floor":[109,34,34,9,9,9,24,37,37,52,63,63,97,111,111,210,210,230,155,155,32,49,74,74,92,92,92,109,109,109],"floor_reached":30,"campfire_rested":2,"playtime":898,"current_hp_per_floor":[78,78,62,62,62,62,57,57,57,53,53,41,24,19,58,18,80,58,58,80,80,68,43,85,52,52,52,11,11,0],"items_purged":["Strike_R"],"gold":109,"score":250,"play_id":"5974f8f6-4ad0-4800-a027-76350a1d0049","local_time":"20180409172512","is_prod":false,"is_daily":false,"is_ascension_mode":false,"campfire_upgraded":1,"timestamp":1523309112,"path_taken":["M","$","?","$","?","?","?","M","T","?","M","?","E","M","R","BOSS","M","?","?","$","?","E","R","M","T","R","M","?","M"],"build_version":"2018-04-05v2","purchased_purges":1,"victory":false,"master_deck":["Bash","Fire Breathing+1","Immolate+1","Clash+1","Rampage+1","Pommel Strike","Demon Form","Seeing Red","Shrug It Off","Cleave","Brutality","Carnage","Intimidate","Armaments","Flex","Dropkick","Rupture+1","Flash of Steel"],"max_hp_per_floor":[80,80,80,80,80,80,80,80,80,80,80,80,80,80,80,80,80,80,80,80,80,80,90,90,90,90,90,90,90,90],"relics":["Astrolabe","Bottled Flame","Magic Flower","Regal Pillow","Pandora\u0027s Box","Pear","Frozen Egg 2"],"card_choices":[{"not_picked":["Cleave","Heavy Blade"],"picked":"Rampage","floor":1},{"not_picked":["Armaments","Warcry"],"picked":"Demon Form","floor":7},{"not_picked":["Twin Strike","True Grit"],"picked":"Seeing Red","floor":8},{"not_picked":["Twin Strike","Clothesline"],"picked":"Shrug It Off","floor":10},{"not_picked":["Sword Boomerang","Iron Wave"],"picked":"Cleave","floor":11},{"not_picked":["Juggernaut","Impervious"],"picked":"Brutality","floor":16},{"not_picked":["Anger","Wild Strike"],"picked":"Dropkick","floor":18}],"player_experience":260065,"potions_floor_usage":[10,11,13,13,14,22,23,28,30],"damage_taken":[{"damage":2,"enemies":"2 Louse","floor":1,"turns":2},{"damage":5,"enemies":"Small Slimes","floor":7,"turns":2},{"damage":0,"enemies":"Cultist","floor":8,"turns":3},{"damage":19,"enemies":"Lots of Slimes","floor":10,"turns":8},{"damage":0,"enemies":"2 Fungi Beasts","floor":11,"turns":2},{"damage":27,"enemies":"Gremlin Nob","floor":13,"turns":5},{"damage":5,"enemies":"Looter","floor":14,"turns":4},{"damage":40,"enemies":"Hexaghost","floor":16,"turns":8},{"damage":22,"enemies":"Spheric Guardian","floor":18,"turns":4},{"damage":12,"enemies":"2 Thieves","floor":22,"turns":3},{"damage":35,"enemies":"Gremlin Leader","floor":23,"turns":5},{"damage":33,"enemies":"Cultist and Chosen","floor":25,"turns":6},{"damage":56,"enemies":"Chosen and Byrds","floor":28,"turns":5},{"damage":12,"enemies":"Centurion and Healer","floor":30,"turns":4}],"event_choices":[{"event_name":"Shining Light","player_choice":"Entered Light","floor":3,"damage_taken":0},{"event_name":"The Lab","player_choice":"Got Potions","floor":5,"damage_taken":0},{"event_name":"The Cleric","player_choice":"Leave","floor":6,"damage_taken":0},{"event_name":"Scrap Ooze","player_choice":"success","floor":12,"damage_taken":12},{"event_name":"Beggar","player_choice":"Gave Gold","floor":19,"damage_taken":0},{"event_name":"The Library","player_choice":"Heal","floor":20,"damage_taken":0},{"event_name":"Cursed Tome","player_choice":"Ignored","floor":29,"damage_taken":0}],"boss_relics":[{"not_picked":["Sozu","Calling Bell"],"picked":"Pandora\u0027s Box"}],"potions_floor_spawned":[8,10,11,13,14,18,23,28],"seed_played":"-1591582500006119647","killed_by":"Centurion and Healer","ascension_level":0,"is_trial":false}