{"path_per_floor":["M","?","?","?","$","E","?","E","T","R","T","M","E","M","R","B",null],"character_chosen":"IRONCLAD","items_purchased":["Juzu Bracelet"],"gold_per_floor":[115,95,170,170,21,49,49,82,112,112,135,152,183,203,203,302,302,302],"floor_reached":18,"campfire_rested":2,"playtime":611,"current_hp_per_floor":[65,65,54,54,54,28,28,15,15,39,39,38,19,16,55,19,65,27],"items_purged":[],"gold":302,"score":264,"play_id":"981ad625-0f82-4b05-abf4-0724d6e361c0","local_time":"20180406195155","is_prod":false,"is_daily":false,"is_ascension_mode":true,"campfire_upgraded":0,"timestamp":1523058715,"path_taken":["M","?","?","?","$","E","?","E","T","R","?","M","E","M","R","BOSS","M"],"build_version":"2018-04-05v2","purchased_purges":0,"victory":false,"master_deck":["Strike_R","Strike_R","Strike_R","Strike_R","Defend_R","Defend_R","Defend_R","Defend_R","Bash+1","AscendersBane","Cleave","Headbutt+1","Jack Of All Trades","Spot Weakness","Reaper","Flex","Double Tap"],"max_hp_per_floor":[80,80,80,80,80,80,80,80,80,80,80,80,80,80,80,80,80,80],"relics":["Runic Pyramid","Juzu Bracelet","Whetstone","The Courier","Tiny Chest","Vajra","Regal Pillow","Snecko Eye"],"card_choices":[{"not_picked":["Bloodletting","Twin Strike"],"picked":"Cleave","floor":1},{"not_picked":["Wild Strike","Hemokinesis"],"picked":"Spot Weakness","floor":6},{"not_picked":["Warcry","Clash"],"picked":"Reaper","floor":8},{"not_picked":["Wild Strike","Sword Boomerang"],"picked":"Flex","floor":13},{"not_picked":["Brutality","Berserk"],"picked":"Double Tap","floor":16}],"player_experience":213951,"potions_floor_usage":[6,8,13,16],"damage_taken":[{"damage":7,"enemies":"Small Slimes","floor":1,"turns":4},{"damage":26,"enemies":"Lagavulin","floor":6,"turns":7},{"damage":13,"enemies":"3 Sentries","floor":8,"turns":5},{"damage":1,"enemies":"Cultist","floor":12,"turns":3},{"damage":19,"enemies":"Gremlin Nob","floor":13,"turns":4},{"damage":12,"enemies":"Jaw Worm","floor":14,"turns":3},{"damage":66,"enemies":"Slime Boss","floor":16,"turns":10},{"damage":52,"enemies":"Shell Parasite","floor":18,"turns":7}],"event_choices":[{"event_name":"The Woman in Blue","player_choice":"Bought 1 Potion","floor":2,"damage_taken":0},{"event_name":"World of Goop","player_choice":"Gather Gold","floor":3,"damage_taken":0},{"event_name":"Match and Keep!","player_choice":"2 cards matched","floor":4,"damage_taken":0},{"event_name":"Bonfire Elementals","player_choice":"BASIC","floor":7,"damage_taken":0}],"boss_relics":[{"not_picked":["Runic Cube","Eternal Feather"],"picked":"Snecko Eye"}],"potions_floor_spawned":[1,8,12],"seed_played":"6699508673117430936","killed_by":"Shell Parasite","ascension_level":10,"is_trial":false}