{"path_per_floor":["M","?","M","?","?","R","E","R","T","E","M","?","R","M","R","B",null,"M","$","?","?","M","R","$","$","T","R","E","M","M","M","R","B",null,"M","?","M","M","$","R","?","E","T","R","$","M","M","?","R"],"character_chosen":"IRONCLAD","items_purchased":["Flash of Steel","Trip"],"gold_per_floor":[17,17,27,127,127,127,158,158,158,191,210,285,285,303,303,403,403,373,199,199,199,199,199,99,11,11,11,11,11,11,11,11,11,11,11,0,0,0,0,0,0,0,0,0,0,0,0,0,0,0],"floor_reached":50,"campfire_rested":1,"playtime":1285,"current_hp_per_floor":[80,73,71,71,71,71,62,62,62,32,38,27,51,54,54,19,80,78,78,78,78,77,77,77,77,77,77,70,80,86,94,94,57,94,84,84,90,94,94,94,82,85,85,85,85,76,69,74,74,0],"items_purged":["Defend_R","Defend_R"],"gold":0,"score":574,"play_id":"67d4820b-3018-48e8-91f2-a553cfe4a594","local_time":"20180409233357","is_prod":false,"is_daily":false,"is_ascension_mode":false,"campfire_upgraded":9,"timestamp":1523338437,"path_taken":["M","?","M","?","?","R","E","R","T","E","?","?","R","M","R","BOSS","M","$","?","?","M","R","?","$","T","R","E","M","M","M","R","BOSS","M","?","M","M","$","R","?","E","T","R","$","?","M","?","R","BOSS"],"build_version":"2018-04-05","purchased_purges":2,"victory":false,"master_deck":["Strike_R+1","Strike_R+1","Strike_R+1","Strike_R+1","Strike_R+1","Bash+1","Perfected Strike+1","Flex+1","Inflame","Perfected Strike+1","Disarm+1","Battle Trance","Pommel Strike+1","Feed+1","Pommel Strike+1","Flash of Steel","Shrug It Off+1","Trip+1","Flex+1","Warcry+1","Seeing Red+1","Pommel Strike+1","Thunderclap+1","Pommel Strike+1","Madness+1","Madness","Warcry+1","Disarm+1","Shockwave+1","Dropkick+1"],"max_hp_per_floor":[80,80,80,80,80,80,80,80,80,80,80,80,80,80,80,80,80,83,83,83,83,86,86,86,86,86,86,86,90,90,94,94,94,94,94,94,94,94,94,94,94,94,94,94,94,98,102,106,106,106],"relics":["Burning Blood","Ginger","Prayer Wheel","Lantern","Bottled Flame","Ectoplasm","Peace Pipe","Gremlin Horn","Mark of Pain","Red Mask","War Paint","Regal Pillow","Bird Faced Urn"],"card_choices":[{"not_picked":["Cleave","True Grit"],"picked":"Perfected Strike","floor":1.0},{"not_picked":["Perfected Strike","Clash"],"picked":"Flex","floor":3.0},{"not_picked":["Headbutt","Pommel Strike"],"picked":"Perfected Strike","floor":9.0},{"not_picked":["Combust","Twin Strike"],"picked":"Disarm","floor":10.0},{"not_picked":["Combust","Clothesline"],"picked":"Battle Trance","floor":11.0},{"not_picked":["Sword Boomerang","True Grit"],"picked":"Pommel Strike","floor":14.0},{"not_picked":["Dark Embrace","Barricade"],"picked":"Feed","floor":16.0},{"not_picked":["Shrug It Off","True Grit"],"picked":"Pommel Strike","floor":18.0},{"not_picked":["True Grit","Corruption"],"picked":"Shrug It Off","floor":22},{"not_picked":["Headbutt","Clash"],"picked":"Flex","floor":26},{"not_picked":["Rampage","Dark Embrace"],"picked":"Warcry","floor":28},{"not_picked":["Anger","Warcry"],"picked":"Seeing Red","floor":29},{"not_picked":["Dropkick","Intimidate"],"picked":"Pommel Strike","floor":30},{"not_picked":["Clash","Rupture"],"picked":"Thunderclap","floor":35},{"not_picked":["Iron Wave","Cleave"],"picked":"Pommel Strike","floor":38},{"not_picked":["Demon Form","Cleave"],"picked":"Warcry","floor":42},{"not_picked":["Anger","Shrug It Off"],"picked":"Disarm","floor":43},{"not_picked":["Thunderclap","Sword Boomerang"],"picked":"Shockwave","floor":46},{"not_picked":["Shockwave","Battle Trance"],"picked":"Dropkick","floor":48}],"player_experience":2872,"potions_floor_usage":[30,33,48,50,50,50],"damage_taken":[{"damage":3.0,"enemies":"2 Louse","floor":1.0,"turns":3.0},{"damage":8.0,"enemies":"Jaw Worm","floor":3.0,"turns":3.0},{"damage":15.0,"enemies":"Gremlin Nob","floor":7.0,"turns":4.0},{"damage":36.0,"enemies":"Lagavulin","floor":10.0,"turns":4.0},{"damage":0.0,"enemies":"Cultist","floor":11.0,"turns":2.0},{"damage":3.0,"enemies":"Looter","floor":14.0,"turns":2.0},{"damage":41.0,"enemies":"Hexaghost","floor":16.0,"turns":6.0},{"damage":11.0,"enemies":"2 Thieves","floor":18.0,"turns":3.0},{"damage":10,"enemies":"Shell Parasite","floor":22,"turns":2},{"damage":13,"enemies":"Gremlin Leader","floor":28,"turns":5},{"damage":0,"enemies":"Sentry and Sphere","floor":29,"turns":1},{"damage":0,"enemies":"Snake Plant","floor":30,"turns":1},{"damage":0,"enemies":"Cultist and Chosen","floor":31,"turns":2},{"damage":43,"enemies":"Collector","floor":33,"turns":4},{"damage":16,"enemies":"3 Darklings","floor":35,"turns":3},{"damage":0,"enemies":"Orb Walker","floor":37,"turns":1},{"damage":0,"enemies":"4 Shapes","floor":38,"turns":1},{"damage":3,"enemies":"Giant Head","floor":42,"turns":4},{"damage":19,"enemies":"Maw","floor":46,"turns":4},{"damage":17,"enemies":"Spire Growth","floor":47,"turns":3},{"damage":14,"enemies":"Mysterious Sphere","floor":48,"turns":4},{"damage":84,"enemies":"Awakened One","floor":50,"turns":6}],"event_choices":[{"event_name":"Golden Wing","player_choice":"Card Removal","floor":2.0,"damage_taken":0.0},{"event_name":"Golden Shrine","player_choice":"Pray","floor":4.0,"damage_taken":0.0},{"event_name":"Transmorgrifier","player_choice":"Transform","floor":5.0,"damage_taken":0.0},{"event_name":"World of Goop","player_choice":"Gather Gold","floor":12.0,"damage_taken":0.0},{"event_name":"Accursed Blacksmith","player_choice":"Forge","floor":20.0,"damage_taken":0.0},{"event_name":"Back to Basics","player_choice":"Simplicity","floor":21,"damage_taken":0},{"event_name":"Tomb of Lord Red Mask","player_choice":"Paid","floor":36,"damage_taken":0},{"event_name":"Winding Halls","player_choice":"Embrace Madness","floor":41,"damage_taken":0},{"event_name":"Mysterious Sphere","player_choice":"Fight","floor":48,"damage_taken":0}],"boss_relics":[{"not_picked":["White Beast Statue","Velvet Choker"],"picked":"Mark of Pain"}],"potions_floor_spawned":[10,11,16,22,33,37,38,47,48],"seed_played":"-709420676611885644","killed_by":"Awakened One","ascension_level":0,"is_trial":false}