{"path_per_floor":["M","M","?","?","?","E","R","E","T","R","M","M","M","M","R"],"character_chosen":"IRONCLAD","items_purchased":[],"gold_per_floor":[109,125,125,90,90,125,125,154,231,231,243,258,271,287,287,287],"floor_reached":16,"campfire_rested":3,"playtime":653,"current_hp_per_floor":[66,56,56,76,60,36,60,3,3,42,30,30,20,12,51,0],"items_purged":[],"gold":287,"score":179,"play_id":"bf8a7582-b11d-481a-a4b3-b2d3e737460b","local_time":"20180414124412","is_prod":false,"is_daily":false,"chose_seed":false,"is_ascension_mode":true,"campfire_upgraded":0,"timestamp":1523724252,"path_taken":["M","M","?","?","?","E","R","E","T","R","M","M","M","M","R","BOSS"],"build_version":"2018-04-12","seed_source_timestamp":311016722097651,"purchased_purges":0,"victory":false,"master_deck":["Strike_R","Strike_R","Strike_R","Strike_R","Strike_R","Defend_R","Defend_R+1","Defend_R","Defend_R+1","Bash","AscendersBane","Shrug It Off","Thunderclap","Havoc","Inflame","Reckless Charge","Headbutt"],"max_hp_per_floor":[80,80,80,80,80,80,80,80,80,80,80,80,80,80,80,80],"relics":["Black Star","Bag of Preparation","Bag of Marbles","Toolbox","Matryoshka","Regal Pillow","Toxic Egg 2"],"card_choices":[{"not_picked":["Flex","Clothesline"],"picked":"Shrug It Off","floor":1},{"not_picked":["Twin Strike","Iron Wave"],"picked":"Thunderclap","floor":2},{"not_picked":["Pommel Strike","Carnage"],"picked":"Havoc","floor":6},{"not_picked":["Immolate","True Grit"],"picked":"Inflame","floor":8},{"not_picked":["Blood for Blood","Burning Pact"],"picked":"Reckless Charge","floor":11},{"not_picked":["Anger","Ghostly Armor"],"picked":"Headbutt","floor":14}],"player_experience":287140,"potions_floor_usage":[8,12,14],"damage_taken":[{"damage":6,"enemies":"Cultist","floor":1,"turns":3},{"damage":10,"enemies":"Small Slimes","floor":2,"turns":3},{"damage":24,"enemies":"3 Sentries","floor":6,"turns":10},{"damage":57,"enemies":"Lagavulin","floor":8,"turns":11},{"damage":12,"enemies":"Jaw Worm","floor":11,"turns":6},{"damage":0,"enemies":"3 Louse","floor":12,"turns":1},{"damage":10,"enemies":"Large Slime","floor":13,"turns":6},{"damage":12,"enemies":"Exordium Wildlife","floor":14,"turns":5},{"damage":58,"enemies":"Slime Boss","floor":16,"turns":9}],"event_choices":[{"event_name":"The Woman in Blue","player_choice":"Bought 0 Potions","floor":3,"damage_taken":0},{"event_name":"The Cleric","player_choice":"Healed","floor":4,"damage_taken":0},{"event_name":"Shining Light","player_choice":"Entered Light","floor":5,"damage_taken":0}],"boss_relics":[],"potions_floor_spawned":[2,8,13],"seed_played":"-484618426978055295","killed_by":"Slime Boss","ascension_level":12,"is_trial":false}