{"path_per_floor":["M","M","?","?","$","E","M","M","T","M","T","$","M","M","R","B",null,"M","$","M","$","M","R","$","?","T","R","M"],"character_chosen":"IRONCLAD","items_purchased":["Combust","Seeing Red","Prayer Wheel","Oddly Smooth Stone","Metallicize","Feel No Pain"],"gold_per_floor":[114,129,129,204,58,84,98,111,166,186,236,85,105,115,115,212,212,230,36,51,14,28,28,28,28,28,28,46,46],"floor_reached":29,"campfire_rested":1,"playtime":1805,"current_hp_per_floor":[80,80,64,53,53,58,57,44,44,35,35,35,35,35,59,37,98,72,72,50,50,41,41,41,41,41,41,29,0],"items_purged":[],"gold":46,"score":277,"play_id":"b827e19d-3c75-4794-a1b7-d6cbd303816a","local_time":"20180414225743","is_prod":false,"is_daily":false,"chose_seed":false,"is_ascension_mode":false,"campfire_upgraded":2,"timestamp":1523761063,"path_taken":["M","M","?","?","?","E","M","M","T","M","?","$","M","M","R","BOSS","M","?","?","$","M","R","$","?","T","R","?","M"],"build_version":"2018-04-12","seed_source_timestamp":11648209585388,"purchased_purges":0,"victory":false,"master_deck":["Strike_R","Strike_R","Strike_R+1","Strike_R+1","Strike_R","Defend_R","Defend_R","Defend_R","Defend_R+1","Bash+1","Pommel Strike","Sword Boomerang","Combust+1","Seeing Red","Inflame","Thunderclap","Rampage","Brutality+1","Shrug It Off","Double Tap","Normality","Injury","Normality","Pommel Strike","Metallicize","Ghostly Armor","Feel No Pain","Combust"],"max_hp_per_floor":[80,80,80,80,80,80,80,80,80,80,80,80,80,80,80,80,98,98,98,98,98,98,98,98,98,98,98,98,98],"relics":["Burning Blood","NeowsBlessing","Darkstone Periapt","Whetstone","Anchor","Prayer Wheel","Calling Bell","Blood Vial","Ancient Tea Set","Self Forming Clay","Oddly Smooth Stone","Omamori"],"card_choices":[{"not_picked":["Reckless Charge","Shockwave"],"picked":"Pommel Strike","floor":1},{"not_picked":["Clothesline","True Grit"],"picked":"Sword Boomerang","floor":2},{"not_picked":["Warcry","Flex"],"picked":"Inflame","floor":6},{"not_picked":["Sever Soul","Reckless Charge"],"picked":"Thunderclap","floor":7},{"not_picked":["Clash","Dual Wield"],"picked":"Rampage","floor":8},{"not_picked":["Power Through","Seeing Red"],"picked":"Brutality","floor":13},{"not_picked":["Iron Wave","Heavy Blade"],"picked":"Shrug It Off","floor":14},{"not_picked":["Limit Break","Impervious"],"picked":"Double Tap","floor":16},{"not_picked":["Shockwave","Headbutt"],"picked":"Pommel Strike","floor":18},{"not_picked":["Sword Boomerang","Iron Wave"],"picked":"Ghostly Armor","floor":20}],"player_experience":27040,"potions_floor_usage":[16,16],"damage_taken":[{"damage":0,"enemies":"Jaw Worm","floor":1,"turns":1},{"damage":0,"enemies":"Small Slimes","floor":2,"turns":1},{"damage":1,"enemies":"Lagavulin","floor":6,"turns":1},{"damage":7,"enemies":"2 Louse","floor":7,"turns":2},{"damage":19,"enemies":"Blue Slaver","floor":8,"turns":3},{"damage":15,"enemies":"Lots of Slimes","floor":10,"turns":3},{"damage":6,"enemies":"Exordium Wildlife","floor":13,"turns":3},{"damage":6,"enemies":"Looter","floor":14,"turns":3},{"damage":43,"enemies":"Hexaghost","floor":16,"turns":8},{"damage":32,"enemies":"Spheric Guardian","floor":18,"turns":5},{"damage":30,"enemies":"2 Thieves","floor":20,"turns":4},{"damage":17,"enemies":"Cultist and Chosen","floor":22,"turns":8},{"damage":20,"enemies":"Snecko","floor":28,"turns":4},{"damage":32,"enemies":"3 Cultists","floor":29,"turns":5}],"event_choices":[{"event_name":"Shining Light","player_choice":"Entered Light","floor":3,"damage_taken":0},{"event_name":"World of Goop","player_choice":"Gather Gold","floor":4,"damage_taken":0},{"event_name":"The Library","player_choice":"Read","floor":25,"damage_taken":0}],"boss_relics":[{"not_picked":["White Beast Statue","Mark of Pain"],"picked":"Calling Bell"}],"potions_floor_spawned":[2,6,13,14,28],"seed_played":"8755496993863929076","killed_by":"3 Cultists","ascension_level":0,"is_trial":false}