{"path_per_floor":["M","?","$","M","M","E","R","M","T","R","E","?","E","M","R","B",null,"M","?","?","M","M","E","M"],"character_chosen":"IRONCLAD","items_purchased":[],"gold_per_floor":[10,10,10,24,36,64,64,83,83,83,113,113,138,149,149,225,255,270,270,370,387,397,430,443,443],"floor_reached":25,"campfire_rested":0,"playtime":2831,"current_hp_per_floor":[71,76,76,80,81,83,83,80,80,80,85,85,79,68,68,72,100,103,82,82,64,60,31,7,0],"items_purged":[],"gold":443,"score":550,"play_id":"8dd9fbfa-5b1a-4983-b05d-d273b6c372ec","local_time":"20180417192407","is_prod":false,"is_daily":false,"chose_seed":false,"is_ascension_mode":true,"campfire_upgraded":3,"timestamp":1524007447,"path_taken":["M","?","$","?","M","E","R","M","T","R","E","?","E","M","R","BOSS","M","?","?","?","M","E","M","E"],"build_version":"2018-04-12","seed_source_timestamp":0,"purchased_purges":0,"victory":false,"master_deck":["Strike_R","Strike_R","Strike_R","Strike_R+1","Defend_R","Bash","AscendersBane","Reckless Charge","Burning Pact","Feel No Pain+1","Feel No Pain+1","Havoc+1","Evolve","Offering","Feel No Pain","Fiend Fire","Corruption","Dropkick","Barricade","Doubt","Writhe","Decay","Defend_R","Sentinel","Inflame","Demon Form","Battle Trance"],"max_hp_per_floor":[80,85,85,85,85,85,85,85,85,85,85,85,85,85,85,85,103,103,108,108,108,108,108,108,108],"relics":["Burning Blood","Blood Vial","Darkstone Periapt","Bottled Tornado","Vajra","Calling Bell","Regal Pillow","Tiny Chest","Smiling Mask","Pen Nib"],"card_choices":[{"not_picked":["Clash","Flex"],"picked":"Feel No Pain","floor":1.0},{"not_picked":["Evolve","Warcry"],"picked":"Reckless Charge","floor":4.0},{"not_picked":["Metallicize","Heavy Blade"],"picked":"Burning Pact","floor":5.0},{"not_picked":["Ghostly Armor","Clothesline"],"picked":"Evolve","floor":8.0},{"not_picked":["Infernal Blade","Body Slam"],"picked":"Offering","floor":11.0},{"not_picked":["Pommel Strike","Flame Barrier"],"picked":"Corruption","floor":13.0},{"not_picked":["Pommel Strike","Hemokinesis"],"picked":"Dropkick","floor":14.0},{"not_picked":["Bludgeon","Brutality"],"picked":"Barricade","floor":16.0},{"not_picked":["Perfected Strike","Clash"],"picked":"Sentinel","floor":18},{"not_picked":["Dual Wield","Rage"],"picked":"Inflame","floor":22},{"not_picked":["Twin Strike","Havoc"],"picked":"Demon Form","floor":23},{"not_picked":["Power Through","Flame Barrier"],"picked":"Battle Trance","floor":24}],"player_experience":295607,"potions_floor_usage":[22,22,23,23],"damage_taken":[{"damage":7.0,"enemies":"Jaw Worm","floor":1.0,"turns":3.0},{"damage":2.0,"enemies":"Cultist","floor":4.0,"turns":3.0},{"damage":5.0,"enemies":"2 Louse","floor":5.0,"turns":3.0},{"damage":4.0,"enemies":"Lagavulin","floor":6.0,"turns":7.0},{"damage":11.0,"enemies":"Blue Slaver","floor":8.0,"turns":5.0},{"damage":0.0,"enemies":"3 Sentries","floor":11.0,"turns":8.0},{"damage":12.0,"enemies":"Gremlin Nob","floor":13.0,"turns":5.0},{"damage":19.0,"enemies":"Gremlin Gang","floor":14.0,"turns":3.0},{"damage":4.0,"enemies":"Slime Boss","floor":16.0,"turns":13.0},{"damage":5,"enemies":"Spheric Guardian","floor":18,"turns":7},{"damage":26,"enemies":"Chosen","floor":21,"turns":6},{"damage":24,"enemies":"3 Cultists","floor":22,"turns":7},{"damage":37,"enemies":"Gremlin Leader","floor":23,"turns":8},{"damage":32,"enemies":"Snecko","floor":24,"turns":6},{"damage":14,"enemies":"Book of Stabbing","floor":25,"turns":1}],"event_choices":[{"event_name":"Big Fish","player_choice":"Donut","floor":2.0,"damage_taken":0.0},{"event_name":"Match and Keep!","player_choice":"2 cards matched","floor":12.0,"damage_taken":0.0},{"event_name":"Forgotten Altar","player_choice":"Shed Blood","floor":19,"damage_taken":0},{"event_name":"Golden Shrine","player_choice":"Pray","floor":20,"damage_taken":0}],"boss_relics":[{"not_picked":["Black Star","Pandora\u0027s Box"],"picked":"Calling Bell"}],"potions_floor_spawned":[4,6,8,11,13,18,21,22],"seed_played":"8563152336737305311","killed_by":"Book of Stabbing","ascension_level":13,"is_trial":false}