{"path_per_floor":["M","M","M","$","?","R","$","R","T","M","M","M","R","M","R","B",null,"M","$","M","?","$","R","E","R","T","R","?","M","E","M","R","B",null,"M","?","M","$","M","R","E","R","T","E","R","E","?","?","R","B"],"character_chosen":"IRONCLAD","items_purchased":["Flex"],"gold_per_floor":[19,33,53,6,6,6,6,6,32,45,64,75,75,93,93,194,194,206,131,144,244,144,144,179,179,179,179,179,198,223,242,242,344,344,355,355,372,247,259,259,285,285,285,312,312,337,337,337,337,337],"floor_reached":51,"campfire_rested":3,"playtime":1377,"current_hp_per_floor":[80,80,80,80,80,80,80,80,80,75,73,75,75,71,71,61,80,52,52,44,44,44,44,52,52,52,52,36,41,13,21,45,9,80,77,67,71,71,75,75,47,47,47,25,49,53,53,53,79,32],"items_purged":["Defend_R","Strike_R","Defend_R"],"gold":337,"score":813,"play_id":"ee974e59-8d0a-4bdd-9839-5ee3f27446e7","local_time":"20180418233314","is_prod":false,"is_daily":false,"chose_seed":false,"is_ascension_mode":false,"campfire_upgraded":9,"timestamp":1524115994,"path_taken":["M","M","M","$","?","R","?","R","T","M","M","M","R","M","R","BOSS","M","$","M","?","$","R","E","R","T","R","?","M","E","M","R","BOSS","M","?","M","$","M","R","E","R","T","E","R","E","?","?","R","BOSS"],"build_version":"2018-04-12","seed_source_timestamp":683907667730324,"purchased_purges":4,"victory":true,"master_deck":["Strike_R","Strike_R","Strike_R+1","Defend_R","Defend_R","Bash+1","Spot Weakness+1","Pommel Strike+1","Flex+1","Dropkick+1","Shrug It Off+1","Offering+1","Limit Break+1","Disarm+1","Madness+1","Madness","Thunderclap","Offering","Thunderclap+1"],"max_hp_per_floor":[80,80,80,80,80,80,80,80,80,80,80,80,80,80,80,80,80,80,80,80,80,80,80,80,80,80,80,80,80,80,80,80,80,80,80,80,80,80,80,80,80,80,80,80,80,89,89,89,89,89],"relics":["Burning Blood","Red Skull","Dream Catcher","Black Star","Matryoshka","Bottled Flame","Blood Vial","Letter Opener","Enchiridion","Juzu Bracelet","Oddly Smooth Stone","Philosopher\u0027s Stone","Centennial Puzzle","Darkstone Periapt","Vajra","Shovel","Whetstone","Art of War","Strawberry","Singing Bowl"],"card_choices":[{"not_picked":["Carnage","Warcry"],"picked":"Headbutt","floor":1.0},{"not_picked":["Armaments","Clothesline"],"picked":"Spot Weakness","floor":2.0},{"not_picked":["Headbutt","Sword Boomerang"],"picked":"Pommel Strike","floor":3.0},{"not_picked":["Flex","Perfected Strike"],"picked":"Dropkick","floor":10.0},{"not_picked":["Havoc","Heavy Blade"],"picked":"Shrug It Off","floor":11.0},{"not_picked":["Demon Form","Double Tap"],"picked":"Offering","floor":16.0},{"not_picked":["Demon Form","Exhume"],"picked":"Limit Break","floor":33},{"not_picked":["Intimidate","Wild Strike"],"picked":"Disarm","floor":35},{"not_picked":["Evolve","Combust"],"picked":"Thunderclap","floor":44},{"not_picked":["Clothesline","Double Tap"],"picked":"Thunderclap","floor":49}],"player_experience":623966,"potions_floor_usage":[33,33,50,50,50],"damage_taken":[{"damage":2.0,"enemies":"2 Louse","floor":1.0,"turns":4.0},{"damage":5.0,"enemies":"Small Slimes","floor":2.0,"turns":4.0},{"damage":6.0,"enemies":"Cultist","floor":3.0,"turns":3.0},{"damage":11.0,"enemies":"2 Fungi Beasts","floor":10.0,"turns":3.0},{"damage":8.0,"enemies":"Red Slaver","floor":11.0,"turns":2.0},{"damage":4.0,"enemies":"Blue Slaver","floor":12.0,"turns":4.0},{"damage":10.0,"enemies":"Looter","floor":14.0,"turns":2.0},{"damage":16.0,"enemies":"Slime Boss","floor":16.0,"turns":7.0},{"damage":34.0,"enemies":"2 Thieves","floor":18.0,"turns":3.0},{"damage":14.0,"enemies":"Spheric Guardian","floor":20.0,"turns":3.0},{"damage":4.0,"enemies":"Gremlin Leader","floor":24.0,"turns":3.0},{"damage":3.0,"enemies":"Snecko","floor":29.0,"turns":3.0},{"damage":36.0,"enemies":"Slavers","floor":30.0,"turns":3.0},{"damage":0.0,"enemies":"Snake Plant","floor":31.0,"turns":2.0},{"damage":44,"enemies":"Collector","floor":33,"turns":7},{"damage":9,"enemies":"Orb Walker","floor":35,"turns":2},{"damage":4,"enemies":"3 Shapes","floor":37,"turns":3},{"damage":4,"enemies":"Sphere and 2 Shapes","floor":39,"turns":3},{"damage":36,"enemies":"Giant Head","floor":41,"turns":6},{"damage":30,"enemies":"2 Orb Walkers","floor":44,"turns":3},{"damage":13,"enemies":"Nemesis","floor":46,"turns":3},{"damage":55,"enemies":"Awakened One","floor":50,"turns":5}],"event_choices":[{"event_name":"Liars Game","player_choice":"disagreed","floor":5.0,"damage_taken":0.0},{"event_name":"Golden Shrine","player_choice":"Pray","floor":21.0,"damage_taken":0.0},{"event_name":"Cursed Tome","player_choice":"Obtained Book","floor":28.0,"damage_taken":0.0},{"event_name":"Winding Halls","player_choice":"Embrace Madness","floor":36,"damage_taken":0},{"event_name":"Transmorgrifier","player_choice":"Transform","floor":47,"damage_taken":0}],"boss_relics":[{"not_picked":["Runic Pyramid","Eternal Feather"],"picked":"Philosopher\u0027s Stone"}],"potions_floor_spawned":[1,10,16,18,30,31,35,37,46],"seed_played":"70462132230813260","ascension_level":0,"is_trial":false}