{"path_per_floor":["M","$","M","?","T","R","M","R","T","E","M","E","M","M","R","B",null,"M","?","?","M"],"character_chosen":"IRONCLAD","items_purchased":["True Grit"],"gold_per_floor":[114,64,81,81,81,81,100,100,126,157,173,198,213,227,227,305,305,320,320,320,331,331],"floor_reached":22,"campfire_rested":0,"playtime":625,"current_hp_per_floor":[73,73,75,68,68,68,69,69,69,44,50,38,44,50,50,12,59,36,15,15,15,0],"items_purged":[],"gold":331,"score":368,"play_id":"e2d16f85-bbbc-42f4-8eac-61563c805101","local_time":"20180418004657","is_prod":false,"is_daily":false,"chose_seed":false,"is_ascension_mode":true,"campfire_upgraded":3,"timestamp":1524005217,"path_taken":["M","?","?","?","?","R","?","R","T","E","M","E","M","M","R","BOSS","M","?","?","M","M"],"build_version":"2018-04-12","seed_source_timestamp":49048011132326,"purchased_purges":0,"victory":false,"master_deck":["Strike_R","Strike_R","Defend_R","Defend_R","Defend_R","Bash","AscendersBane","Whirlwind+1","True Grit+1","Seeing Red","Wild Strike","Flame Barrier","Entrench+1","Sentinel","Double Tap","Hemokinesis+1","Limit Break+1","Juggernaut+1","Havoc+1","Ghostly","Ghostly","Ghostly","Ghostly","Ghostly","Pommel Strike+1"],"max_hp_per_floor":[75,75,75,75,75,75,75,75,75,75,75,75,75,75,75,75,75,75,75,37,37,37],"relics":["Burning Blood","Pen Nib","Matryoshka","Anchor","Omamori","Ancient Tea Set","Du-Vu Doll","Astrolabe","Enchiridion"],"card_choices":[{"not_picked":["Cleave","Flame Barrier"],"picked":"Whirlwind","floor":1},{"not_picked":["Sword Boomerang","Flame Barrier"],"picked":"Seeing Red","floor":7},{"not_picked":["Iron Wave","Flex"],"picked":"Wild Strike","floor":10},{"not_picked":["Clothesline","Cleave"],"picked":"Flame Barrier","floor":11},{"not_picked":["Warcry","Shrug It Off"],"picked":"Entrench","floor":13},{"not_picked":["Reckless Charge","Metallicize"],"picked":"Sentinel","floor":14},{"not_picked":["Feed","Dark Embrace"],"picked":"Double Tap","floor":16},{"not_picked":["Heavy Blade","Uppercut"],"picked":"Havoc","floor":18},{"not_picked":["Burning Pact","Clash"],"picked":"Pommel Strike","floor":21}],"player_experience":435078,"potions_floor_usage":[12,16,22],"damage_taken":[{"damage":1,"enemies":"Cultist","floor":1,"turns":4},{"damage":0,"enemies":"2 Louse","floor":3,"turns":1},{"damage":5,"enemies":"Small Slimes","floor":7,"turns":3},{"damage":31,"enemies":"Lagavulin","floor":10,"turns":6},{"damage":0,"enemies":"Exordium Wildlife","floor":11,"turns":3},{"damage":18,"enemies":"Gremlin Nob","floor":12,"turns":4},{"damage":0,"enemies":"Red Slaver","floor":13,"turns":2},{"damage":0,"enemies":"3 Louse","floor":14,"turns":1},{"damage":44,"enemies":"Slime Boss","floor":16,"turns":13},{"damage":29,"enemies":"Spheric Guardian","floor":18,"turns":6},{"damage":6,"enemies":"3 Byrds","floor":21,"turns":4},{"damage":16,"enemies":"Cultist and Chosen","floor":22,"turns":2}],"event_choices":[{"event_name":"Golden Wing","player_choice":"Card Removal","floor":4,"damage_taken":0},{"event_name":"Cursed Tome","player_choice":"Obtained Book","floor":19,"damage_taken":0},{"event_name":"Ghosts","player_choice":"Became a Ghost","floor":20,"damage_taken":0}],"boss_relics":[{"not_picked":["Eternal Feather","Black Blood"],"picked":"Astrolabe"}],"potions_floor_spawned":[3,11,14,16],"seed_played":"2977528471309289784","killed_by":"Cultist and Chosen","ascension_level":15,"is_trial":false}