{"path_per_floor":["M","?","?","?","M","R","?","R","T","M","R","$","M","M","R","B",null,"M","M","$","?","?","M","?","$","T","R","M","R","M","M","R"],"character_chosen":"IRONCLAD","items_purchased":["Flex","Shrug It Off"],"gold_per_floor":[116,116,116,116,135,135,135,135,135,156,156,29,44,57,57,176,176,196,217,117,117,117,132,57,10,85,85,98,98,116,139,139,139],"floor_reached":33,"campfire_rested":3,"playtime":1217,"current_hp_per_floor":[64,44,44,44,38,62,62,62,62,49,49,49,45,45,45,23,66,60,38,38,38,38,31,31,31,31,55,49,49,19,15,39,0],"items_purged":["Strike_R","Strike_R"],"gold":139,"score":419,"play_id":"3dbfc848-6d8f-4a0d-ac7c-32d4c7780dab","local_time":"20180419095112","is_prod":false,"is_daily":false,"chose_seed":false,"is_ascension_mode":true,"campfire_upgraded":4,"timestamp":1524145872,"path_taken":["M","?","?","?","?","R","?","R","T","M","R","$","?","?","R","BOSS","M","M","$","?","?","M","?","?","T","R","M","R","M","?","R","BOSS"],"build_version":"2018-04-12","seed_source_timestamp":229733825343095,"purchased_purges":2,"victory":false,"master_deck":["Defend_R+1","Defend_R+1","Defend_R+1","Defend_R+1","Bash","AscendersBane","Demon Form+1","Ghostly Armor+1","Dual Wield","Heavy Blade+1","Flex+1","Flex","Infernal Blade","Offering","Disarm","Battle Trance","Feel No Pain+1","Shrug It Off","Thunderclap","True Grit"],"max_hp_per_floor":[80,80,80,80,80,80,80,80,80,80,80,80,80,80,80,80,80,80,80,80,80,80,80,80,80,80,80,80,80,80,80,80,80],"relics":["Burning Blood","Golden Idol","Matryoshka","Sozu","Lantern","Paper Frog"],"card_choices":[{"not_picked":["Flex","Rupture"],"picked":"Dual Wield","floor":5},{"not_picked":["Sentinel","Clash"],"picked":"Heavy Blade","floor":10},{"not_picked":["Body Slam","Headbutt"],"picked":"Flex","floor":13},{"not_picked":["Armaments","Pommel Strike"],"picked":"Infernal Blade","floor":14},{"not_picked":["Juggernaut","Limit Break"],"picked":"Offering","floor":16},{"not_picked":["Inflame","Twin Strike"],"picked":"Disarm","floor":18},{"not_picked":["Twin Strike","Heavy Blade"],"picked":"Battle Trance","floor":19},{"not_picked":["Infernal Blade","Brutality"],"picked":"Feel No Pain","floor":23},{"not_picked":["Anger","Reckless Charge"],"picked":"Thunderclap","floor":28},{"not_picked":["Power Through","Flex"],"picked":"True Grit","floor":30}],"player_experience":569425,"potions_floor_usage":[16,31,33],"damage_taken":[{"damage":14,"enemies":"2 Louse","floor":1,"turns":5},{"damage":12,"enemies":"Jaw Worm","floor":5,"turns":7},{"damage":19,"enemies":"Cultist","floor":10,"turns":5},{"damage":10,"enemies":"Large Slime","floor":13,"turns":6},{"damage":6,"enemies":"Looter","floor":14,"turns":3},{"damage":28,"enemies":"Slime Boss","floor":16,"turns":10},{"damage":12,"enemies":"Chosen","floor":18,"turns":5},{"damage":28,"enemies":"2 Thieves","floor":19,"turns":4},{"damage":13,"enemies":"Snake Plant","floor":23,"turns":5},{"damage":12,"enemies":"Snecko","floor":28,"turns":7},{"damage":36,"enemies":"Chosen and Byrds","floor":30,"turns":8},{"damage":10,"enemies":"Slaver and Parasite","floor":31,"turns":9},{"damage":40,"enemies":"Automaton","floor":33,"turns":6}],"event_choices":[{"event_name":"Golden Idol","player_choice":"Take Damage","floor":2,"damage_taken":0},{"event_name":"Fountain of Cleansing","player_choice":"Removed Curse","floor":3,"damage_taken":0},{"event_name":"Upgrade Shrine","player_choice":"Upgraded","floor":4,"damage_taken":0},{"event_name":"The Woman in Blue","player_choice":"Bought 0 Potions","floor":7,"damage_taken":0},{"event_name":"Vampires","player_choice":"Ignored","floor":21,"damage_taken":0},{"event_name":"Back to Basics","player_choice":"Simplicity","floor":22,"damage_taken":0},{"event_name":"Beggar","player_choice":"Gave Gold","floor":24,"damage_taken":0}],"boss_relics":[{"not_picked":["Runic Dome","Black Star"],"picked":"Sozu"}],"potions_floor_spawned":[5,10,16,18,23,28],"seed_played":"-1034054101153274177","killed_by":"Automaton","ascension_level":12,"is_trial":false}