{"path_per_floor":["M","?","?","?","M","R","M","R","T","M","M","$","E","M","R","B",null,"M","?","?","M","M","E","$","M","T","R","M","R","$","?","R","B",null,"M","M","?","$","$","R","E","M","T","R","?","R","T","M","R"],"character_chosen":"IRONCLAD","items_purchased":["Evolve","Unceasing Top","Entrench","Bag of Preparation","Warcry","True Grit","Warcry"],"gold_per_floor":[116,116,116,116,126,126,139,139,439,409,426,57,91,101,101,178,178,194,244,244,259,279,312,71,90,116,116,131,161,40,40,40,115,145,155,172,172,18,18,18,50,67,67,67,67,67,67,80,80,80],"floor_reached":50,"campfire_rested":2,"playtime":2556,"current_hp_per_floor":[68,68,42,35,35,55,45,45,45,50,42,42,34,38,38,38,61,68,68,68,71,70,30,30,32,32,42,44,44,44,44,44,48,78,77,61,56,56,56,56,55,61,61,61,46,46,46,45,70,0],"items_purged":["Defend_R","Strike_R"],"gold":80,"score":898,"play_id":"21d830da-bb98-4e24-8dfd-622dd83621d5","local_time":"20180418013007","is_prod":false,"is_daily":false,"chose_seed":false,"is_ascension_mode":true,"campfire_upgraded":5,"timestamp":1524007807,"path_taken":["M","?","?","?","?","R","M","R","T","M","M","$","E","?","R","BOSS","M","?","?","?","M","E","$","M","T","R","M","R","$","?","R","BOSS","M","M","?","?","$","R","E","M","T","R","?","R","?","M","R","BOSS"],"build_version":"2018-04-12","seed_source_timestamp":49689863016817,"purchased_purges":2,"victory":false,"master_deck":["Strike_R","Strike_R","Defend_R","Defend_R","Defend_R","Bash","AscendersBane","Shrug It Off+1","Barricade+1","Feel No Pain+1","Rampage+1","Second Wind+1","Seeing Red+1","Evolve+1","Havoc+1","Body Slam","Offering+1","Armaments+1","Reckless Charge","Reckless Charge","Entrench+1","Warcry+1","Impervious+1","True Grit+1","True Grit+1","Dark Embrace+1","Jack Of All Trades+1","Master of Strategy+1","Warcry+1","Madness+1","Madness+1","Reaper"],"max_hp_per_floor":[68,68,68,68,68,68,68,68,68,68,68,68,68,68,68,68,68,68,68,68,71,71,71,71,71,71,81,81,81,81,81,81,81,86,86,86,86,86,86,86,86,86,86,86,86,86,86,86,86,86],"relics":["Burning Blood","Dead Branch","Toxic Egg 2","Old Coin","Unceasing Top","Self Forming Clay","Velvet Choker","Gambling Chip","Bag of Preparation","Omamori","Pear","Tiny Chest","Nloth\u0027s Gift","Tiny House","Frozen Egg 2","Lantern","Mercury Hourglass"],"card_choices":[{"not_picked":["Inflame","Fire Breathing"],"picked":"Shrug It Off","floor":1},{"not_picked":["Havoc","Pommel Strike"],"picked":"Feel No Pain","floor":5},{"not_picked":["Perfected Strike","Sentinel"],"picked":"Rampage","floor":7},{"not_picked":["Iron Wave","Flame Barrier"],"picked":"Second Wind","floor":10},{"not_picked":["Clothesline","Anger"],"picked":"Seeing Red","floor":11},{"not_picked":["Cleave","Blood for Blood"],"picked":"Havoc","floor":13},{"not_picked":["Sword Boomerang","Flex"],"picked":"Body Slam","floor":14},{"not_picked":["Exhume","Brutality"],"picked":"Offering","floor":16},{"not_picked":["Flex","Hemokinesis"],"picked":"Armaments","floor":18},{"not_picked":["Dual Wield","Heavy Blade"],"picked":"Reckless Charge","floor":21},{"not_picked":["Bloodletting","Dropkick"],"picked":"Reckless Charge","floor":22},{"not_picked":["Hemokinesis","Heavy Blade"],"picked":"Impervious","floor":25},{"not_picked":["Armaments","Headbutt"],"picked":"True Grit","floor":28},{"not_picked":["Reaper","Demon Form"],"picked":"Dark Embrace","floor":33},{"not_picked":["Deep Breath","Bandage Up"],"picked":"Jack Of All Trades","floor":37},{"not_picked":["Bandage Up","Good Instincts"],"picked":"Master of Strategy","floor":37},{"not_picked":["Wild Strike","True Grit"],"picked":"Reaper","floor":48}],"player_experience":435703,"potions_floor_usage":[13,16,16,23,23,33,33,50,50],"damage_taken":[{"damage":0,"enemies":"Small Slimes","floor":1,"turns":3},{"damage":6,"enemies":"Jaw Worm","floor":5,"turns":5},{"damage":16,"enemies":"Cultist","floor":7,"turns":6},{"damage":1,"enemies":"Looter","floor":10,"turns":4},{"damage":14,"enemies":"3 Louse","floor":11,"turns":6},{"damage":14,"enemies":"Gremlin Nob","floor":13,"turns":4},{"damage":2,"enemies":"2 Fungi Beasts","floor":14,"turns":2},{"damage":6,"enemies":"Hexaghost","floor":16,"turns":10},{"damage":8,"enemies":"3 Byrds","floor":18,"turns":6},{"damage":4,"enemies":"Chosen","floor":21,"turns":8},{"damage":7,"enemies":"Snecko","floor":22,"turns":6},{"damage":46,"enemies":"Book of Stabbing","floor":23,"turns":8},{"damage":4,"enemies":"Centurion and Healer","floor":25,"turns":6},{"damage":4,"enemies":"Chosen and Byrds","floor":28,"turns":5},{"damage":14,"enemies":"Champ","floor":33,"turns":9},{"damage":7,"enemies":"Orb Walker","floor":35,"turns":4},{"damage":22,"enemies":"3 Darklings","floor":36,"turns":7},{"damage":7,"enemies":"2 Orb Walkers","floor":41,"turns":7},{"damage":0,"enemies":"Maw","floor":42,"turns":6},{"damage":11,"enemies":"Sphere and 2 Shapes","floor":48,"turns":4},{"damage":85,"enemies":"Awakened One","floor":50,"turns":8}],"event_choices":[{"event_name":"Living Wall","player_choice":"Change","floor":2,"damage_taken":0},{"event_name":"Scrap Ooze","player_choice":"success","floor":3,"damage_taken":26},{"event_name":"Golden Wing","player_choice":"Card Removal","floor":4,"damage_taken":0},{"event_name":"Golden Shrine","player_choice":"Pray","floor":19,"damage_taken":0},{"event_name":"Vampires","player_choice":"Ignored","floor":20,"damage_taken":0},{"event_name":"N\u0027loth","player_choice":"Traded a Shovel","floor":31,"damage_taken":0},{"event_name":"SensoryStone","player_choice":"Memory 2","floor":37,"damage_taken":0},{"event_name":"Winding Halls","player_choice":"Embrace Madness","floor":45,"damage_taken":0}],"boss_relics":[{"not_picked":["Calling Bell","Runic Dome"],"picked":"Velvet Choker"},{"not_picked":["Runic Cube","White Beast Statue"],"picked":"Tiny House"}],"potions_floor_spawned":[7,11,13,14,22,23,28,33,35,36,48],"seed_played":"-6605219523370054114","killed_by":"Awakened One","ascension_level":15,"is_trial":false}