{"path_per_floor":["M","M","?","?","?","R","M","?","T","M","E","$","?","M","R","B",null,"M","M","?","$","M","R","E","R","T","R","M","M","T","?","R","B",null,"M","?","M","M","$","R","?","R","T","R","M","M","M","E","R"],"character_chosen":"IRONCLAD","items_purchased":["Flame Barrier","Inflame","Regen Potion","Gambling Chip"],"gold_per_floor":[16,28,28,28,28,28,52,52,78,96,130,20,20,44,44,169,169,182,197,112,64,84,84,123,123,123,123,138,162,162,162,162,260,260,280,280,292,310,16,16,16,16,16,16,28,42,54,86,86,86],"floor_reached":50,"campfire_rested":5,"playtime":3651,"current_hp_per_floor":[90,85,66,43,34,62,66,71,71,68,36,36,36,26,55,20,99,99,78,78,78,69,69,51,80,80,80,63,51,51,51,80,57,99,99,99,82,85,85,85,85,85,85,85,41,38,21,16,45,0],"items_purged":[],"gold":86,"score":542,"play_id":"37b23aac-46ab-473c-9ecb-5c92b6684af7","local_time":"20180419115551","is_prod":false,"is_daily":false,"chose_seed":false,"is_ascension_mode":false,"campfire_upgraded":3,"timestamp":1524153351,"path_taken":["M","M","?","?","?","R","M","?","T","?","E","$","?","?","R","BOSS","M","M","?","$","M","R","E","R","T","R","?","M","?","?","R","BOSS","M","?","?","M","$","R","?","R","T","R","?","?","M","E","R","BOSS"],"build_version":"2018-04-12","seed_source_timestamp":0,"purchased_purges":0,"victory":false,"master_deck":["Strike_R","Strike_R","Strike_R+1","Strike_R","Defend_R+1","Defend_R","Bash","Demon Form","Flame Barrier+1","Inflame","Sword Boomerang","Demon Form+1","Rampage+1","Fire Breathing+1","Shockwave","Limit Break+1","Sword Boomerang+1","Metallicize+1","Headbutt+1","Flame Barrier+1","Sword Boomerang+1","Intimidate+1"],"max_hp_per_floor":[94,94,94,94,94,94,94,99,99,99,99,99,99,99,99,99,99,99,99,99,99,99,99,99,99,99,99,99,99,99,99,99,99,99,99,99,99,99,99,99,99,99,99,99,99,99,99,99,99,99],"relics":["Burning Blood","Mango","Bloody Idol","Bag of Marbles","Girya","Cursed Key","Calipers","Peace Pipe","Dodecahedron","Velvet Choker","Gambling Chip","Du-Vu Doll"],"card_choices":[{"not_picked":["Sever Soul","Shrug It Off"],"picked":"Demon Form","floor":7.0},{"not_picked":["Battle Trance","True Grit"],"picked":"Sword Boomerang","floor":14.0},{"not_picked":["Fiend Fire","Feed"],"picked":"Demon Form","floor":16.0},{"not_picked":["Clash","Headbutt"],"picked":"Rampage","floor":19},{"not_picked":["Fiend Fire","Anger"],"picked":"Fire Breathing","floor":24},{"not_picked":["Rampage","Clash"],"picked":"Shockwave","floor":28},{"not_picked":["Dark Embrace","Offering"],"picked":"Limit Break","floor":33},{"not_picked":["Twin Strike","Thunderclap"],"picked":"Sword Boomerang","floor":35},{"not_picked":["Bloodletting","Reckless Charge"],"picked":"Metallicize","floor":37},{"not_picked":["Fire Breathing","Cleave"],"picked":"Headbutt","floor":38},{"not_picked":["Flex","Headbutt"],"picked":"Sword Boomerang","floor":47},{"not_picked":["Warcry","Body Slam"],"picked":"Intimidate","floor":48}],"player_experience":67564,"potions_floor_usage":[22,24,33,47,48,48,48,50],"damage_taken":[{"damage":10.0,"enemies":"Small Slimes","floor":1.0,"turns":5.0},{"damage":11.0,"enemies":"Jaw Worm","floor":2.0,"turns":2.0},{"damage":2.0,"enemies":"2 Louse","floor":7.0,"turns":3.0},{"damage":9.0,"enemies":"Blue Slaver","floor":10.0,"turns":5.0},{"damage":38.0,"enemies":"3 Sentries","floor":11.0,"turns":10.0},{"damage":16.0,"enemies":"Large Slime","floor":14.0,"turns":7.0},{"damage":41.0,"enemies":"The Guardian","floor":16.0,"turns":10.0},{"damage":4,"enemies":"3 Byrds","floor":18,"turns":4},{"damage":27,"enemies":"Shell Parasite","floor":19,"turns":6},{"damage":30,"enemies":"Snecko","floor":22,"turns":7},{"damage":24,"enemies":"Gremlin Leader","floor":24,"turns":5},{"damage":23,"enemies":"Centurion and Healer","floor":28,"turns":5},{"damage":18,"enemies":"Snake Plant","floor":29,"turns":5},{"damage":34,"enemies":"Champ","floor":33,"turns":7},{"damage":11,"enemies":"3 Darklings","floor":35,"turns":6},{"damage":28,"enemies":"Orb Walker","floor":37,"turns":3},{"damage":8,"enemies":"Maw","floor":38,"turns":6},{"damage":55,"enemies":"Sphere and 2 Shapes","floor":45,"turns":4},{"damage":14,"enemies":"3 Darklings","floor":46,"turns":4},{"damage":28,"enemies":"4 Shapes","floor":47,"turns":6},{"damage":16,"enemies":"Nemesis","floor":48,"turns":3},{"damage":46,"enemies":"Donu and Deca","floor":50,"turns":4}],"event_choices":[{"event_name":"Shining Light","player_choice":"Entered Light","floor":3.0,"damage_taken":0.0},{"event_name":"Golden Idol","player_choice":"Take Damage","floor":4.0,"damage_taken":0.0},{"event_name":"Wheel of Change","player_choice":"Damage","floor":5.0,"damage_taken":0.0},{"event_name":"Big Fish","player_choice":"Donut","floor":8.0,"damage_taken":0.0},{"event_name":"Purifier","player_choice":"One Purge","floor":13.0,"damage_taken":0.0},{"event_name":"Addict","player_choice":"Obtained Relic","floor":20,"damage_taken":0},{"event_name":"Forgotten Altar","player_choice":"Gave Idol","floor":31,"damage_taken":0},{"event_name":"Duplicator","player_choice":"One dupe","floor":41,"damage_taken":0}],"boss_relics":[{"not_picked":["Tiny House","Philosopher\u0027s Stone"],"picked":"Cursed Key"},{"not_picked":["Astrolabe","Black Star"],"picked":"Velvet Choker"}],"potions_floor_spawned":[2,10,24,28,33,37,47,48],"seed_played":"7759116164198398641","killed_by":"Donu and Deca","ascension_level":0,"is_trial":false}