{"path_per_floor":["M","M","M","M","$","R","?","M","T","M","E","M","R","M","R","B",null,"M","M","?","?","M","R","?","E","T","R","M","?","R","?","R"],"character_chosen":"IRONCLAD","items_purchased":["Vajra"],"gold_per_floor":[109,126,140,153,7,7,7,25,25,37,67,84,84,99,99,204,204,216,232,232,232,246,246,246,279,279,279,290,290,290,290,290,290],"floor_reached":33,"campfire_rested":1,"playtime":1416,"current_hp_per_floor":[78,79,76,76,76,76,69,67,67,73,42,38,38,31,55,7,62,55,45,29,80,71,71,71,59,59,59,64,64,64,64,64,0],"items_purged":[],"gold":290,"score":430,"play_id":"6b874d8d-56a6-44ed-9c16-7e811971aa13","local_time":"20180421003313","is_prod":false,"is_daily":false,"chose_seed":false,"is_ascension_mode":true,"campfire_upgraded":6,"timestamp":1524285193,"path_taken":["M","M","M","M","$","R","?","M","T","M","E","?","R","M","R","BOSS","M","M","?","?","?","R","?","E","T","R","M","?","R","?","R","BOSS"],"build_version":"2018-04-19","seed_source_timestamp":368856951124826,"purchased_purges":0,"victory":false,"master_deck":["Bash","AscendersBane","Immolate+1","Pommel Strike","Carnage","Battle Trance","True Grit+1","Seeing Red+1","Impervious","Iron Wave","Feel No Pain+1","Pommel Strike","Pummel","Thunderclap","Shrug It Off+1","Disarm+1","Body Slam+1","Feel No Pain+1","Double Tap","Ghostly Armor","Disarm+1"],"max_hp_per_floor":[80,80,80,80,80,80,80,80,80,80,80,80,80,80,80,80,80,80,80,80,80,80,80,80,80,80,80,80,80,80,80,80,80],"relics":["Burning Blood","Vajra","Kunai","Paper Frog","Pandora\u0027s Box","Enchiridion","Juzu Bracelet","Self Forming Clay"],"card_choices":[{"not_picked":["Combust","Perfected Strike"],"picked":"Pommel Strike","floor":1},{"not_picked":["Bloodletting","Body Slam"],"picked":"Carnage","floor":2},{"not_picked":["Headbutt","Bloodletting"],"picked":"Battle Trance","floor":4},{"not_picked":["Immolate","Clash"],"picked":"True Grit","floor":8},{"not_picked":["Infernal Blade","Wild Strike"],"picked":"Seeing Red","floor":14},{"not_picked":["Brutality","Double Tap"],"picked":"Impervious","floor":16},{"not_picked":["True Grit","Heavy Blade"],"picked":"Disarm","floor":18},{"not_picked":["Thunderclap","Blood for Blood"],"picked":"Body Slam","floor":19},{"not_picked":["Sever Soul","Reckless Charge"],"picked":"Double Tap","floor":25},{"not_picked":["Bloodletting","Second Wind"],"picked":"Ghostly Armor","floor":28}],"player_experience":584084,"potions_floor_usage":[16,16,25,33],"damage_taken":[{"damage":0,"enemies":"2 Louse","floor":1,"turns":1},{"damage":5,"enemies":"Small Slimes","floor":2,"turns":2},{"damage":9,"enemies":"Jaw Worm","floor":3,"turns":4},{"damage":6,"enemies":"Exordium Thugs","floor":4,"turns":3},{"damage":8,"enemies":"Red Slaver","floor":8,"turns":3},{"damage":0,"enemies":"3 Louse","floor":10,"turns":2},{"damage":37,"enemies":"Lagavulin","floor":11,"turns":6},{"damage":10,"enemies":"Large Slime","floor":12,"turns":5},{"damage":13,"enemies":"Exordium Thugs","floor":14,"turns":3},{"damage":72,"enemies":"Hexaghost","floor":16,"turns":11},{"damage":13,"enemies":"Shell Parasite","floor":18,"turns":7},{"damage":16,"enemies":"2 Thieves","floor":19,"turns":3},{"damage":15,"enemies":"Cultist and Chosen","floor":22,"turns":6},{"damage":18,"enemies":"Book of Stabbing","floor":25,"turns":6},{"damage":1,"enemies":"Centurion and Healer","floor":28,"turns":5},{"damage":86,"enemies":"Champ","floor":33,"turns":16}],"event_choices":[{"event_name":"Golden Wing","player_choice":"Card Removal","floor":7,"damage_taken":0},{"event_name":"Cursed Tome","player_choice":"Obtained Book","floor":20,"damage_taken":0},{"event_name":"Bonfire Elementals","player_choice":"UNCOMMON","floor":21,"damage_taken":0},{"event_name":"The Library","player_choice":"Read","floor":24,"damage_taken":0},{"event_name":"Back to Basics","player_choice":"Elegance","floor":29,"damage_taken":0},{"event_name":"Duplicator","player_choice":"One dupe","floor":31,"damage_taken":0}],"boss_relics":[{"not_picked":["Black Blood","Black Star"],"picked":"Pandora\u0027s Box"}],"potions_floor_spawned":[1,8,10,12,22],"seed_played":"-5876522563174752226","killed_by":"Champ","ascension_level":12,"is_trial":false}