{"path_per_floor":["M","?","M","?","?","R","E","R","T","M","R","E","M","M","R","B",null,"M","?","M","$","?","E","R","E","T","M","$","?","M","M","R"],"character_chosen":"IRONCLAD","items_purchased":["Master of Strategy","Body Slam"],"gold_per_floor":[109,34,52,52,52,52,80,80,105,121,121,146,156,176,176,251,251,263,263,279,8,8,37,37,62,62,72,25,25,35,52,52,52],"floor_reached":33,"campfire_rested":0,"playtime":1422,"current_hp_per_floor":[67,67,69,69,69,69,50,50,50,56,56,66,61,61,61,48,68,62,62,72,72,72,49,49,21,21,27,27,42,41,48,48,0],"items_purged":["Strike_R"],"gold":52,"score":516,"play_id":"f450fa50-ee10-422e-9b6b-ae565a36e77a","local_time":"20180418214550","is_prod":false,"is_daily":false,"chose_seed":false,"is_ascension_mode":true,"campfire_upgraded":6,"timestamp":1524080750,"path_taken":["M","?","M","?","?","R","E","R","T","M","R","E","M","M","R","BOSS","M","?","?","$","?","E","R","E","T","M","$","?","M","M","R","BOSS"],"build_version":"2018-04-12","seed_source_timestamp":40103401090419,"purchased_purges":1,"victory":false,"master_deck":["Strike_R","Strike_R","Defend_R","Defend_R","Defend_R","Defend_R","Bash+1","AscendersBane","Battle Trance","Reckless Charge+1","Shrug It Off+1","Rampage+1","Inflame","Feel No Pain+1","Offering","Feel No Pain+1","Second Wind","Master of Strategy","True Grit+1","Body Slam","Power Through+1","Headbutt"],"max_hp_per_floor":[75,75,75,75,75,75,75,75,75,75,75,75,75,75,75,75,75,75,75,75,75,75,75,75,75,75,75,75,75,75,75,75,75],"relics":["Black Blood","Bottled Lightning","Bag of Marbles","Sundial","Orichalcum","Du-Vu Doll","Shuriken"],"card_choices":[{"not_picked":["Spot Weakness","Anger"],"picked":"Battle Trance","floor":1},{"not_picked":["Heavy Blade","Infernal Blade"],"picked":"Reckless Charge","floor":3},{"not_picked":["Uppercut","Havoc"],"picked":"Rampage","floor":7},{"not_picked":["Anger","Pommel Strike"],"picked":"Inflame","floor":10},{"not_picked":["Flex","Rupture"],"picked":"Feel No Pain","floor":13},{"not_picked":["Reaper","Berserk"],"picked":"Offering","floor":16},{"not_picked":["Uppercut","Sword Boomerang"],"picked":"Second Wind","floor":20},{"not_picked":["Wild Strike","Havoc"],"picked":"True Grit","floor":23},{"not_picked":["Cleave","Heavy Blade"],"picked":"Power Through","floor":30},{"not_picked":["Hemokinesis","Heavy Blade"],"picked":"Headbutt","floor":31}],"player_experience":440764,"potions_floor_usage":[7,12,16,23,23,27,30,33],"damage_taken":[{"damage":7,"enemies":"Small Slimes","floor":1,"turns":3},{"damage":4,"enemies":"2 Louse","floor":3,"turns":3},{"damage":25,"enemies":"Lagavulin","floor":7,"turns":6},{"damage":0,"enemies":"Cultist","floor":10,"turns":2},{"damage":2,"enemies":"Gremlin Nob","floor":12,"turns":3},{"damage":11,"enemies":"Large Slime","floor":13,"turns":5},{"damage":6,"enemies":"Exordium Thugs","floor":14,"turns":3},{"damage":19,"enemies":"Slime Boss","floor":16,"turns":6},{"damage":16,"enemies":"3 Byrds","floor":18,"turns":5},{"damage":0,"enemies":"Chosen","floor":20,"turns":5},{"damage":33,"enemies":"Gremlin Leader","floor":23,"turns":8},{"damage":38,"enemies":"Book of Stabbing","floor":25,"turns":7},{"damage":4,"enemies":"3 Cultists","floor":27,"turns":6},{"damage":11,"enemies":"Slaver and Parasite","floor":30,"turns":5},{"damage":3,"enemies":"Centurion and Healer","floor":31,"turns":6},{"damage":60,"enemies":"Collector","floor":33,"turns":11}],"event_choices":[{"event_name":"The Cleric","player_choice":"Card Removal","floor":2,"damage_taken":0},{"event_name":"Match and Keep!","player_choice":"0 cards matched","floor":4,"damage_taken":0},{"event_name":"Transmorgrifier","player_choice":"Transform","floor":5,"damage_taken":0},{"event_name":"Duplicator","player_choice":"One dupe","floor":19,"damage_taken":0},{"event_name":"Addict","player_choice":"Ignored","floor":22,"damage_taken":0},{"event_name":"The Library","player_choice":"Heal","floor":29,"damage_taken":0}],"boss_relics":[{"not_picked":["Tiny House","Eternal Feather"],"picked":"Black Blood"}],"potions_floor_spawned":[1,3,13,18,25,27,31],"seed_played":"-7572417284161760130","killed_by":"Collector","ascension_level":15,"is_trial":false}