{"path_per_floor":["M","M","?","M","M","R","$","R","T","?","R","M","M","M","R"],"character_chosen":"IRONCLAD","items_purchased":["Shrug It Off","Metallicize"],"gold_per_floor":[119,132,232,249,267,267,105,105,105,55,55,74,88,100,100,100],"floor_reached":16,"campfire_rested":1,"playtime":555,"current_hp_per_floor":[69,70,70,72,52,52,52,52,52,52,52,34,40,39,63,0],"items_purged":["Strike_R"],"gold":100,"score":150,"play_id":"605e76d8-65b7-4124-a1d6-7d8aaa300c27","local_time":"20180418215702","is_prod":false,"is_daily":false,"chose_seed":false,"is_ascension_mode":true,"campfire_upgraded":3,"timestamp":1524103022,"path_taken":["M","M","?","M","M","R","$","R","T","?","R","M","M","M","R","BOSS"],"build_version":"2018-04-12","seed_source_timestamp":187547122984573,"purchased_purges":1,"victory":false,"master_deck":["Strike_R","Strike_R","Strike_R","Strike_R","Defend_R","Defend_R","Defend_R","Defend_R","Bash","AscendersBane","Body Slam+1","Thunderclap","True Grit+1","Seeing Red","Shrug It Off+1","Metallicize","Power Through","Cleave","Ghostly Armor"],"max_hp_per_floor":[80,80,80,80,80,80,80,80,80,80,80,80,80,80,80,80],"relics":["Burning Blood","Bag of Marbles"],"card_choices":[{"not_picked":["Inflame","Uppercut"],"picked":"Body Slam","floor":1},{"not_picked":["Carnage","Havoc"],"picked":"Thunderclap","floor":2},{"not_picked":["Dropkick","Havoc"],"picked":"True Grit","floor":4},{"not_picked":["Rampage","Clothesline"],"picked":"Seeing Red","floor":5},{"not_picked":["Carnage","Clash"],"picked":"Power Through","floor":12},{"not_picked":["Spot Weakness","Anger"],"picked":"Cleave","floor":13},{"not_picked":["Wild Strike","Second Wind"],"picked":"Ghostly Armor","floor":14}],"player_experience":563164,"potions_floor_usage":[5,12,16,16],"damage_taken":[{"damage":9,"enemies":"Jaw Worm","floor":1,"turns":4},{"damage":5,"enemies":"Cultist","floor":2,"turns":4},{"damage":4,"enemies":"2 Louse","floor":4,"turns":3},{"damage":26,"enemies":"Gremlin Gang","floor":5,"turns":7},{"damage":24,"enemies":"Exordium Thugs","floor":12,"turns":6},{"damage":0,"enemies":"3 Louse","floor":13,"turns":4},{"damage":7,"enemies":"Exordium Wildlife","floor":14,"turns":6},{"damage":66,"enemies":"Hexaghost","floor":16,"turns":15}],"event_choices":[{"event_name":"Golden Shrine","player_choice":"Pray","floor":3,"damage_taken":0},{"event_name":"World of Goop","player_choice":"Left","floor":10,"damage_taken":0}],"boss_relics":[],"potions_floor_spawned":[1,5,12,14],"seed_played":"3011908100585347254","killed_by":"Hexaghost","ascension_level":12,"is_trial":false}