{"path_per_floor":["M","?","?","?","?","E","R","E","T","M","T","M","R","$","R","B",null,"M","$","M","?","M","R","M","M","T","?","M","$","?","M","R","B",null,"M","M","M","M","?","R","M","R","T","?","?","$","M","M","R"],"character_chosen":"IRONCLAD","items_purchased":["Double Tap","Vajra","Thunderclap","Anchor","Whirlwind"],"gold_per_floor":[119,119,119,119,119,146,146,172,217,236,290,304,304,71,71,175,175,192,94,107,107,124,124,139,151,176,176,194,40,40,57,57,152,152,162,177,195,212,212,212,225,225,225,225,225,58,74,94,94,94],"floor_reached":50,"campfire_rested":1,"playtime":2097,"current_hp_per_floor":[78,78,78,78,71,77,77,80,80,80,80,80,80,80,80,63,76,79,79,80,80,64,64,55,61,61,61,64,64,49,46,71,8,66,64,70,72,64,64,64,69,69,69,85,85,85,85,79,79,0],"items_purged":["Strike_R","Writhe"],"gold":94,"score":806,"play_id":"ebb4aab1-60a8-4037-884a-95a6880cb0ac","local_time":"20180418223216","is_prod":false,"is_daily":false,"chose_seed":false,"is_ascension_mode":true,"campfire_upgraded":7,"timestamp":1524105136,"path_taken":["M","?","?","?","?","E","R","E","T","M","?","M","R","$","R","BOSS","M","$","?","?","M","R","M","M","T","?","M","$","?","M","R","BOSS","M","?","M","M","?","R","M","R","T","?","?","$","?","M","R","BOSS"],"build_version":"2018-04-12","seed_source_timestamp":188115840451554,"purchased_purges":2,"victory":false,"master_deck":["Bash","AscendersBane","Disarm+1","Pummel","Battle Trance","Dropkick+1","True Grit+1","Double Tap","Fiend Fire+1","Shrug It Off","Thunderclap","Pommel Strike+1","Rampage","Dropkick+1","Dual Wield+1","Offering","True Grit+1","Cleave","Havoc","Clash","Clash","Disarm","Inflame","Feel No Pain+1","Enlightenment","Whirlwind+1","Infernal Blade+1"],"max_hp_per_floor":[80,80,80,80,80,80,80,80,80,80,80,80,80,80,80,80,80,80,80,80,80,80,80,80,80,80,80,80,80,85,85,85,85,85,85,85,85,85,85,85,85,85,85,85,85,85,85,85,85,85],"relics":["Burning Blood","NeowsBlessing","Bag of Marbles","Paper Frog","Happy Flower","Ancient Tea Set","Vajra","Velvet Choker","Pen Nib","Anchor","Pandora\u0027s Box","Toolbox"],"card_choices":[{"not_picked":["Twin Strike","Heavy Blade"],"picked":"Disarm","floor":1},{"not_picked":["Havoc","Sever Soul"],"picked":"Pummel","floor":6},{"not_picked":["Brutality","True Grit"],"picked":"Battle Trance","floor":8},{"not_picked":["Reckless Charge","Fire Breathing"],"picked":"Dropkick","floor":10},{"not_picked":["Reckless Charge","Clash"],"picked":"True Grit","floor":12},{"not_picked":["Berserk","Juggernaut"],"picked":"Fiend Fire","floor":16},{"not_picked":["Carnage","Body Slam"],"picked":"Shrug It Off","floor":18},{"not_picked":["Clash","Second Wind"],"picked":"Pommel Strike","floor":20},{"not_picked":["Combust","Heavy Blade"],"picked":"Rampage","floor":24},{"not_picked":["Searing Blow","Flame Barrier"],"picked":"Dual Wield","floor":28},{"not_picked":["Exhume","Fiend Fire"],"picked":"Offering","floor":33},{"not_picked":["Twin Strike","Dual Wield"],"picked":"Feel No Pain","floor":36},{"not_picked":["Dramatic Entrance","Bandage Up"],"picked":"Enlightenment","floor":45},{"not_picked":["Thunderclap","Uppercut"],"picked":"Infernal Blade","floor":47}],"player_experience":563719,"potions_floor_usage":[20,20,20,33,33,33,41,50,50],"damage_taken":[{"damage":0,"enemies":"2 Louse","floor":1,"turns":1},{"damage":0,"enemies":"3 Sentries","floor":6,"turns":2},{"damage":0,"enemies":"Lagavulin","floor":8,"turns":1},{"damage":0,"enemies":"Cultist","floor":10,"turns":3},{"damage":0,"enemies":"Small Slimes","floor":12,"turns":2},{"damage":23,"enemies":"Hexaghost","floor":16,"turns":9},{"damage":3,"enemies":"3 Byrds","floor":18,"turns":5},{"damage":2,"enemies":"2 Thieves","floor":20,"turns":2},{"damage":22,"enemies":"Slaver and Parasite","floor":22,"turns":4},{"damage":15,"enemies":"Centurion and Healer","floor":24,"turns":4},{"damage":0,"enemies":"Snecko","floor":25,"turns":3},{"damage":3,"enemies":"3 Cultists","floor":28,"turns":3},{"damage":9,"enemies":"Snake Plant","floor":31,"turns":3},{"damage":69,"enemies":"Champ","floor":33,"turns":8},{"damage":8,"enemies":"Orb Walker","floor":35,"turns":2},{"damage":0,"enemies":"3 Shapes","floor":36,"turns":2},{"damage":4,"enemies":"Sphere and 2 Shapes","floor":37,"turns":4},{"damage":14,"enemies":"Maw","floor":38,"turns":8},{"damage":1,"enemies":"3 Darklings","floor":41,"turns":2},{"damage":4,"enemies":"Sphere and 2 Shapes","floor":47,"turns":4},{"damage":12,"enemies":"Maw","floor":48,"turns":5},{"damage":87,"enemies":"Awakened One","floor":50,"turns":9}],"event_choices":[{"event_name":"The Lab","player_choice":"Got Potions","floor":2,"damage_taken":0},{"event_name":"Living Wall","player_choice":"Change","floor":3,"damage_taken":0},{"event_name":"Liars Game","player_choice":"disagreed","floor":4,"damage_taken":0},{"event_name":"Golden Wing","player_choice":"Card Removal","floor":5,"damage_taken":0},{"event_name":"Ghosts","player_choice":"Ignored","floor":21,"damage_taken":0},{"event_name":"Duplicator","player_choice":"One dupe","floor":27,"damage_taken":0},{"event_name":"Forgotten Altar","player_choice":"Shed Blood","floor":30,"damage_taken":0},{"event_name":"Tomb of Lord Red Mask","player_choice":"Ignored","floor":39,"damage_taken":0},{"event_name":"Winding Halls","player_choice":"Writhe","floor":44,"damage_taken":0},{"event_name":"SensoryStone","player_choice":"Memory 1","floor":45,"damage_taken":0}],"boss_relics":[{"not_picked":["Eternal Feather","Black Star"],"picked":"Velvet Choker"},{"not_picked":["White Beast Statue","Runic Pyramid"],"picked":"Pandora\u0027s Box"}],"potions_floor_spawned":[6,16,20,22,31,33,37,48],"seed_played":"2364148764057922472","killed_by":"Awakened One","ascension_level":12,"is_trial":false}