{"path_per_floor":["M","?","M","M","?","E","R","M","T","R","M","M","M","M","R","B",null,"M","?","$","M","?","R","M","E","T","?","E","M","$","M","R"],"character_chosen":"IRONCLAD","items_purchased":["Thread and Needle","Evolve"],"gold_per_floor":[20,20,38,48,48,79,79,99,151,151,175,195,220,240,240,336,336,351,351,46,62,62,62,77,112,112,27,65,89,9,34,34,34],"floor_reached":33,"campfire_rested":4,"playtime":1520,"current_hp_per_floor":[70,70,68,71,45,22,22,26,26,48,54,25,24,19,41,39,66,26,26,26,30,30,53,55,50,50,50,27,26,26,26,55,0],"items_purged":[],"gold":34,"score":534,"play_id":"0009c91f-f85e-4a94-b41a-50ff084a352d","local_time":"20180419005454","is_prod":false,"is_daily":false,"chose_seed":false,"is_ascension_mode":true,"campfire_upgraded":1,"timestamp":1524092094,"path_taken":["M","?","M","M","?","E","R","M","T","R","M","M","M","?","R","BOSS","M","?","$","M","?","R","?","E","T","?","E","M","$","M","R","BOSS"],"build_version":"2018-04-12","seed_source_timestamp":51311537572443,"purchased_purges":1,"victory":false,"master_deck":["Defend_R","Defend_R","Defend_R","Bash","AscendersBane","True Grit+1","Demon Form","Pommel Strike","Burning Pact","Carnage","Heavy Blade","Whirlwind","Offering","Feed","Flame Barrier+1","Barricade+1","Barricade+1","Intimidate+1","Reckless Charge+1","Armaments+1","Entrench","Power Through","Seeing Red","Disarm","Evolve","Body Slam"],"max_hp_per_floor":[75,75,75,75,75,75,75,75,75,75,75,75,75,75,75,75,75,75,75,75,78,78,78,78,81,81,81,94,97,97,97,97,97],"relics":["Burning Blood","Golden Idol","Charon\u0027s Ashes","Prayer Wheel","Astrolabe","Thread and Needle","Question Card","Self Forming Clay","Lantern","Pear"],"card_choices":[{"not_picked":["Body Slam","Perfected Strike"],"picked":"True Grit","floor":1},{"not_picked":["Infernal Blade","Clothesline"],"picked":"Pommel Strike","floor":3},{"not_picked":["Warcry","Spot Weakness"],"picked":"Burning Pact","floor":4},{"not_picked":["Twin Strike","Pummel"],"picked":"Carnage","floor":6},{"not_picked":["Thunderclap","Cleave"],"picked":"Heavy Blade","floor":8},{"not_picked":["Anger","Infernal Blade"],"picked":"Whirlwind","floor":13},{"not_picked":["Flex","Shockwave"],"picked":"Offering","floor":14},{"not_picked":["Brutality","Reaper"],"picked":"Feed","floor":16},{"not_picked":["Havoc","Thunderclap"],"picked":"Intimidate","floor":18},{"not_picked":["Sword Boomerang","Heavy Blade"],"picked":"Reckless Charge","floor":21},{"not_picked":["Seeing Red","Cleave"],"picked":"Armaments","floor":24},{"not_picked":["Rupture","Iron Wave"],"picked":"Entrench","floor":25},{"not_picked":["Thunderclap","Combust","True Grit"],"picked":"Power Through","floor":26},{"not_picked":["Hemokinesis","Berserk","Heavy Blade"],"picked":"Seeing Red","floor":28},{"not_picked":["Pommel Strike","Warcry","Perfected Strike"],"picked":"Disarm","floor":29},{"not_picked":["Flame Barrier","Anger","Bloodletting"],"picked":"Body Slam","floor":31}],"player_experience":442186,"potions_floor_usage":[6,12,21,25,33],"damage_taken":[{"damage":4,"enemies":"Small Slimes","floor":1,"turns":6},{"damage":8,"enemies":"Cultist","floor":3,"turns":5},{"damage":3,"enemies":"Jaw Worm","floor":4,"turns":5},{"damage":29,"enemies":"3 Sentries","floor":6,"turns":9},{"damage":2,"enemies":"Exordium Wildlife","floor":8,"turns":5},{"damage":0,"enemies":"3 Louse","floor":11,"turns":3},{"damage":35,"enemies":"Exordium Thugs","floor":12,"turns":5},{"damage":7,"enemies":"Looter","floor":13,"turns":3},{"damage":11,"enemies":"Blue Slaver","floor":14,"turns":5},{"damage":8,"enemies":"Slime Boss","floor":16,"turns":7},{"damage":46,"enemies":"Chosen","floor":18,"turns":6},{"damage":5,"enemies":"Shell Parasite","floor":21,"turns":11},{"damage":4,"enemies":"3 Cultists","floor":24,"turns":4},{"damage":14,"enemies":"Gremlin Leader","floor":25,"turns":7},{"damage":42,"enemies":"Slavers","floor":28,"turns":7},{"damage":10,"enemies":"Sentry and Sphere","floor":29,"turns":6},{"damage":6,"enemies":"Snecko","floor":31,"turns":7},{"damage":79,"enemies":"Automaton","floor":33,"turns":6}],"event_choices":[{"event_name":"Match and Keep!","player_choice":"1 cards matched","floor":2,"damage_taken":0},{"event_name":"Golden Idol","player_choice":"Take Damage","floor":5,"damage_taken":0},{"event_name":"Purifier","player_choice":"One Purge","floor":19,"damage_taken":0},{"event_name":"Beggar","player_choice":"Ignored","floor":22,"damage_taken":0},{"event_name":"Addict","player_choice":"Obtained Relic","floor":27,"damage_taken":0}],"boss_relics":[{"not_picked":["Sozu","Orrery"],"picked":"Astrolabe"}],"potions_floor_spawned":[3,11,13,14,18,21,28,29],"seed_played":"1235200487973005986","killed_by":"Automaton","ascension_level":15,"is_trial":false}