{"path_per_floor":["M","?","?","M","$","R","E","R","T","M","M","E","$","M","R","B",null,"M","M","$","?","?","E","?","R","T","$","M","E","M","M","R","B",null,"M","M","?","?","?","E","M","M","T","M","E","R","T","M","R","B"],"character_chosen":"IRONCLAD","items_purchased":[],"gold_per_floor":[112,112,112,123,48,48,75,75,75,87,100,131,51,71,71,172,172,187,200,100,100,100,127,127,127,200,80,98,125,142,152,152,249,249,263,273,273,273,273,301,319,331,380,392,424,424,476,494,494,494],"floor_reached":51,"campfire_rested":4,"playtime":1424,"current_hp_per_floor":[70,70,70,72,72,72,64,64,64,72,72,60,60,60,60,68,72,58,56,56,43,27,28,28,51,51,51,52,27,34,32,55,51,77,73,73,73,73,73,51,59,67,74,74,64,84,84,84,84,18],"items_purged":["Strike_R","Strike_R","Defend_R","Bash"],"gold":494,"score":957,"play_id":"4af66694-e310-4e84-8c9f-ed53abced479","local_time":"20180418002856","is_prod":false,"is_daily":false,"chose_seed":false,"is_ascension_mode":false,"campfire_upgraded":3,"timestamp":1524032936,"path_taken":["M","?","?","M","?","R","E","R","T","?","M","E","$","?","R","BOSS","M","M","$","?","?","E","?","R","T","$","?","E","?","?","R","BOSS","M","?","?","?","?","E","M","?","T","M","E","R","?","M","R","BOSS"],"build_version":"2018-04-12","seed_source_timestamp":601247778729310,"purchased_purges":4,"victory":true,"master_deck":["Flex+1","Pommel Strike+1","Rampage+1","Double Tap+1","Shrug It Off+1"],"max_hp_per_floor":[72,72,72,72,72,72,72,72,72,72,72,72,72,72,72,72,72,72,72,72,77,77,77,77,77,77,77,77,77,77,77,77,77,77,77,77,77,77,77,77,77,77,84,84,84,84,84,84,84,84],"relics":["Burning Blood","Blood Vial","Dream Catcher","The Courier","Astrolabe","Enchiridion","Whetstone","Letter Opener","Bag of Preparation","Velvet Choker","Ginger","Strawberry","Prayer Wheel","Anchor"],"card_choices":[{"not_picked":["Shockwave","Immolate"],"picked":"Pommel Strike","floor":7},{"not_picked":["Dropkick","Body Slam"],"picked":"Rampage","floor":10},{"not_picked":["Twin Strike","Thunderclap"],"picked":"Shrug It Off","floor":18}],"player_experience":622542,"potions_floor_usage":[7,23,23,40,45,45],"damage_taken":[{"damage":8,"enemies":"Jaw Worm","floor":1,"turns":4},{"damage":1,"enemies":"Cultist","floor":4,"turns":3},{"damage":14,"enemies":"Gremlin Nob","floor":7,"turns":3},{"damage":0,"enemies":"Small Slimes","floor":10,"turns":3},{"damage":3,"enemies":"2 Fungi Beasts","floor":11,"turns":3},{"damage":18,"enemies":"Lagavulin","floor":12,"turns":4},{"damage":8,"enemies":"Gremlin Gang","floor":14,"turns":3},{"damage":0,"enemies":"Slime Boss","floor":16,"turns":6},{"damage":20,"enemies":"2 Thieves","floor":18,"turns":2},{"damage":10,"enemies":"Chosen","floor":19,"turns":3},{"damage":7,"enemies":"Book of Stabbing","floor":23,"turns":3},{"damage":7,"enemies":"Slaver and Parasite","floor":28,"turns":2},{"damage":33,"enemies":"Slavers","floor":29,"turns":3},{"damage":1,"enemies":"Centurion and Healer","floor":30,"turns":2},{"damage":10,"enemies":"Snake Plant","floor":31,"turns":2},{"damage":12,"enemies":"Automaton","floor":33,"turns":5},{"damage":10,"enemies":"Orb Walker","floor":35,"turns":2},{"damage":8,"enemies":"3 Darklings","floor":36,"turns":3},{"damage":30,"enemies":"2 Orb Walkers","floor":40,"turns":3},{"damage":0,"enemies":"4 Shapes","floor":41,"turns":3},{"damage":0,"enemies":"Maw","floor":42,"turns":3},{"damage":8,"enemies":"Sphere and 2 Shapes","floor":44,"turns":3},{"damage":18,"enemies":"Nemesis","floor":45,"turns":3},{"damage":0,"enemies":"3 Darklings","floor":48,"turns":2},{"damage":72,"enemies":"Awakened One","floor":50,"turns":6}],"event_choices":[{"event_name":"Transmorgrifier","player_choice":"Transform","floor":2,"damage_taken":0},{"event_name":"Upgrade Shrine","player_choice":"Upgraded","floor":3,"damage_taken":0},{"event_name":"Forgotten Altar","player_choice":"Shed Blood","floor":21,"damage_taken":0},{"event_name":"Cursed Tome","player_choice":"Obtained Book","floor":22,"damage_taken":0},{"event_name":"Back to Basics","player_choice":"Elegance","floor":24,"damage_taken":0},{"event_name":"SensoryStone","player_choice":"Memory 1","floor":38,"damage_taken":0},{"event_name":"Upgrade Shrine","player_choice":"Skipped","floor":39,"damage_taken":0}],"boss_relics":[{"not_picked":["Runic Cube","Black Star"],"picked":"Astrolabe"},{"not_picked":["Philosopher\u0027s Stone","Cursed Key"],"picked":"Velvet Choker"}],"potions_floor_spawned":[1,10,12,16,18,30,35,36,40,44],"seed_played":"-163340091059164909","ascension_level":0,"is_trial":false}