{"path_per_floor":["M","M","M","M","?","E","M","R","T","E","M","M","$","M","R","B",null,"M","M","M","M","M","R","M","?","T","M","M","E","R","$","R","B",null,"M","M","$","M","?","R","?","R","T","?","$","M","M"],"character_chosen":"IRONCLAD","items_purchased":["Infernal Blade","Secret Weapon","Panache"],"gold_per_floor":[14,30,50,60,60,95,109,109,134,163,175,188,113,132,132,236,236,248,260,280,296,313,313,327,427,427,438,456,484,484,112,112,217,217,227,241,43,60,60,60,110,110,137,137,12,23,37,37],"floor_reached":48,"campfire_rested":3,"playtime":4951,"current_hp_per_floor":[80,77,80,71,55,60,66,66,66,66,72,76,76,80,80,54,80,80,80,80,61,51,51,43,43,43,48,53,48,48,48,72,78,80,69,58,58,38,38,62,18,42,42,62,62,61,52,0],"items_purged":["Strike_R","Anger","Writhe"],"gold":37,"score":597,"play_id":"b8d2e53c-1018-43d2-85ef-ddafb8aa492e","local_time":"20180418010925","is_prod":false,"is_daily":false,"chose_seed":false,"is_ascension_mode":false,"campfire_upgraded":4,"timestamp":1524010165,"path_taken":["M","M","M","M","?","E","M","R","T","E","M","M","?","M","R","BOSS","M","M","M","M","M","R","M","?","T","M","M","E","R","$","R","BOSS","M","M","$","M","?","R","?","R","T","?","?","?","?","M"],"build_version":"2018-04-12","seed_source_timestamp":0,"purchased_purges":4,"victory":false,"master_deck":["Strike_R","Strike_R","Strike_R","Strike_R","Defend_R","Defend_R","Defend_R","Defend_R","Bash","Corruption","Body Slam+1","Ghostly Armor+1","Anger+1","Inflame","True Grit","Rage","Clash","Iron Wave+1","Shockwave+1","Dark Embrace","Warcry","Dual Wield","Fire Breathing","Shrug It Off+1","Demon Form","True Grit","Entrench","Armaments+1","Infernal Blade","Secret Weapon","Demon Form","Warcry","Sever Soul+1","Panache+1","Perfected Strike","Burning Pact","Burning Pact"],"max_hp_per_floor":[80,80,80,80,80,80,80,80,80,80,80,80,80,80,80,80,80,80,80,80,80,80,80,80,80,80,80,80,80,80,80,80,80,80,80,80,80,80,80,80,80,80,80,80,80,80,80,80],"relics":["Black Blood","Ginger","Oddly Smooth Stone","Bag of Marbles","Bottled Lightning","Snecko Eye","Question Card","Ancient Tea Set","Girya","Bag of Preparation"],"card_choices":[{"not_picked":["Rupture","Whirlwind"],"picked":"Corruption","floor":1.0},{"not_picked":["Entrench","Armaments"],"picked":"Body Slam","floor":2.0},{"not_picked":["Headbutt","Corruption"],"picked":"Ghostly Armor","floor":3.0},{"not_picked":["Cleave","Combust"],"picked":"Anger","floor":4.0},{"not_picked":["Sever Soul","Perfected Strike"],"picked":"Inflame","floor":6.0},{"not_picked":["Warcry","Ghostly Armor"],"picked":"True Grit","floor":7.0},{"not_picked":["Brutality","Sword Boomerang"],"picked":"Rage","floor":10.0},{"not_picked":["Heavy Blade","Shrug It Off"],"picked":"Clash","floor":11.0},{"not_picked":["Clothesline","Sword Boomerang"],"picked":"Iron Wave","floor":12.0},{"not_picked":["Bloodletting","Pommel Strike"],"picked":"Shockwave","floor":14.0},{"not_picked":["Limit Break","Brutality"],"picked":"Dark Embrace","floor":16.0},{"not_picked":["Headbutt","Intimidate"],"picked":"Anger","floor":18.0},{"not_picked":["Clash","Heavy Blade"],"picked":"Warcry","floor":19},{"not_picked":["Power Through","Rage"],"picked":"Dual Wield","floor":20},{"not_picked":["Perfected Strike","Armaments"],"picked":"Fire Breathing","floor":21},{"not_picked":["Rupture","Iron Wave"],"picked":"Shrug It Off","floor":22},{"not_picked":["Perfected Strike","True Grit"],"picked":"Demon Form","floor":24},{"not_picked":["Rampage","Cleave","Reckless Charge"],"picked":"True Grit","floor":27},{"not_picked":["Cleave","Second Wind","Hemokinesis"],"picked":"Entrench","floor":28},{"not_picked":["Pommel Strike","Perfected Strike","Twin Strike"],"picked":"Armaments","floor":29},{"not_picked":["Offering","Berserk","Limit Break"],"picked":"Demon Form","floor":33},{"not_picked":["Pommel Strike","Heavy Blade","Armaments"],"picked":"Warcry","floor":35},{"not_picked":["Hemokinesis","Flex","Dropkick"],"picked":"Sever Soul","floor":36},{"not_picked":["Anger","Cleave","Headbutt"],"picked":"Perfected Strike","floor":38},{"not_picked":["Clash","Anger","Clothesline"],"picked":"Burning Pact","floor":41},{"not_picked":["Reckless Charge","Armaments","Rage"],"picked":"Burning Pact","floor":47}],"player_experience":11658,"potions_floor_usage":[22,22,29,29,29,33,41],"damage_taken":[{"damage":1.0,"enemies":"2 Louse","floor":1.0,"turns":4.0},{"damage":9.0,"enemies":"Jaw Worm","floor":2.0,"turns":4.0},{"damage":2.0,"enemies":"Small Slimes","floor":3.0,"turns":5.0},{"damage":15.0,"enemies":"Gremlin Gang","floor":4.0,"turns":6.0},{"damage":1.0,"enemies":"Lagavulin","floor":6.0,"turns":5.0},{"damage":0.0,"enemies":"Exordium Wildlife","floor":7.0,"turns":3.0},{"damage":6.0,"enemies":"3 Sentries","floor":10.0,"turns":10.0},{"damage":0.0,"enemies":"Large Slime","floor":11.0,"turns":6.0},{"damage":2.0,"enemies":"Red Slaver","floor":12.0,"turns":6.0},{"damage":0.0,"enemies":"Exordium Wildlife","floor":14.0,"turns":5.0},{"damage":32.0,"enemies":"Hexaghost","floor":16.0,"turns":9.0},{"damage":1.0,"enemies":"2 Thieves","floor":18.0,"turns":3.0},{"damage":0.0,"enemies":"3 Byrds","floor":19.0,"turns":5.0},{"damage":5,"enemies":"Snake Plant","floor":20,"turns":5},{"damage":25,"enemies":"Cultist and Chosen","floor":21,"turns":8},{"damage":31,"enemies":"3 Cultists","floor":22,"turns":7},{"damage":14,"enemies":"Slaver and Parasite","floor":24,"turns":6},{"damage":1,"enemies":"Centurion and Healer","floor":27,"turns":4},{"damage":1,"enemies":"Snecko","floor":28,"turns":4},{"damage":26,"enemies":"Slavers","floor":29,"turns":7},{"damage":0,"enemies":"Collector","floor":33,"turns":4},{"damage":21,"enemies":"3 Darklings","floor":35,"turns":6},{"damage":21,"enemies":"Orb Walker","floor":36,"turns":4},{"damage":30,"enemies":"4 Shapes","floor":38,"turns":5},{"damage":54,"enemies":"Mysterious Sphere","floor":41,"turns":6},{"damage":11,"enemies":"3 Darklings","floor":46,"turns":4},{"damage":19,"enemies":"Maw","floor":47,"turns":5},{"damage":54,"enemies":"Sphere and 2 Shapes","floor":48,"turns":5}],"event_choices":[{"event_name":"Shining Light","player_choice":"Entered Light","floor":5.0,"damage_taken":0.0},{"event_name":"Golden Shrine","player_choice":"Pray","floor":25,"damage_taken":0},{"event_name":"Accursed Blacksmith","player_choice":"Forge","floor":39,"damage_taken":0},{"event_name":"Mysterious Sphere","player_choice":"Fight","floor":41,"damage_taken":0},{"event_name":"Winding Halls","player_choice":"Writhe","floor":44,"damage_taken":0}],"boss_relics":[{"not_picked":["Philosopher\u0027s Stone","Eternal Feather"],"picked":"Black Blood"}],"potions_floor_spawned":[1,2,3,6,10,16,18,22,27,28,29,38],"seed_played":"6919246324059625132","killed_by":"Sphere and 2 Shapes","ascension_level":0,"is_trial":false}