{"path_per_floor":["M","M","$","?","?","E","R","M","T","M","?","E","M","?","R","B",null,"M","M","T","?","$","R","E","R","T","E","R","$","M","M","R","B",null,"M","$","?","?","?","R","E","M","T","M","$","R","M","$","R","B"],"character_chosen":"IRONCLAD","items_purchased":["Peace Pipe","Charon\u0027s Ashes","Frozen Eye","Metallicize","Panacea","Transmutation","Molten Egg 2","Ginger","Red Skull","Inflame","Apotheosis","Pummel","Dramatic Entrance","True Grit","Dead Branch","Mango","Lee\u0027s Waffle","Transmutation","Madness","Burning Pact","Evolve","Kunai","Meat on the Bone","Calipers","Dream Catcher","Happy Flower","Blue Candle","Dramatic Entrance","Paper Frog","Matryoshka","Tiny Chest","Demon Form","Sentinel","Exhume","Sword Boomerang","Secret Weapon","Madness"],"gold_per_floor":[118,128,17621,17621,17621,17652,17652,17663,17663,17676,17751,17777,17787,17787,17787,17864,17894,17906,17919,17919,17919,16531,16531,16564,16564,16564,16599,16599,15400,15417,15428,15428,15504,15504,15519,14653,14653,14653,14753,14753,14779,14792,14792,14802,14111,14111,14129,12811,12811,12811],"floor_reached":51,"campfire_rested":6,"playtime":1704,"current_hp_per_floor":[63,56,56,56,49,20,44,29,29,29,18,67,50,50,50,18,70,49,22,22,22,22,34,7,19,19,23,37,70,69,68,68,62,68,51,51,41,41,41,62,62,58,58,57,57,57,47,47,68,38],"items_purged":["Perfected Strike","Bash","Metallicize","Barricade","Secret Weapon"],"gold":12811,"score":1373,"play_id":"2a11866f-f5f3-4bf1-a3ac-9bccec48e629","local_time":"20180417195257","is_prod":false,"is_daily":false,"chose_seed":false,"is_ascension_mode":true,"campfire_upgraded":1,"timestamp":1524009177,"path_taken":["M","M","$","?","?","E","R","M","T","?","?","E","?","?","R","BOSS","M","M","?","?","?","R","E","R","T","E","R","$","M","M","R","BOSS","M","?","?","?","?","R","E","M","T","M","$","R","?","$","R","BOSS"],"build_version":"2018-04-12","seed_source_timestamp":594866094364959,"purchased_purges":7,"victory":true,"master_deck":["AscendersBane","Thunderclap","Warcry","Combust","Headbutt","Thunderclap","Pommel Strike","Twin Strike","Panacea","Transmutation+1","Limit Break","Intimidate","Inflame+1","Intimidate","Limit Break+1","Shrug It Off","Shockwave","Reckless Charge","Ghostly","Ghostly","Ghostly","Ghostly","Ghostly","Inflame","Apotheosis","Pummel+1","Dramatic Entrance+1","True Grit","Sword Boomerang+1","Transmutation","Madness","Burning Pact","Evolve","Headbutt+1","Mind Blast+1","Secret Technique+1","Madness","Dark Embrace","Flex","Whirlwind+1","Dramatic Entrance+1","Pummel+1","Demon Form","Sentinel","Exhume","Sword Boomerang+1","Madness","Shockwave+1"],"max_hp_per_floor":[80,80,80,80,80,80,80,80,80,80,80,80,80,80,80,80,85,85,85,85,42,42,42,42,42,42,49,49,70,70,70,70,70,70,70,70,70,70,70,70,70,70,70,70,70,70,70,70,70,70],"relics":["Pandora\u0027s Box","Peace Pipe","Charon\u0027s Ashes","Frozen Eye","Centennial Puzzle","Bottled Tornado","Champion Belt","Toolbox","Tiny House","Bag of Marbles","Molten Egg 2","Ginger","Red Skull","Torii","Smiling Mask","Strawberry","Dead Branch","Mango","Lee\u0027s Waffle","Mark of Pain","Kunai","Meat on the Bone","Calipers","Du-Vu Doll","Shuriken","Dream Catcher","Happy Flower","Blue Candle","Paper Frog","Matryoshka","Tiny Chest"],"card_choices":[{"not_picked":["Anger","Armaments"],"picked":"Pommel Strike","floor":1},{"not_picked":["Heavy Blade","Warcry"],"picked":"Twin Strike","floor":2},{"not_picked":["Reckless Charge","Shrug It Off"],"picked":"Limit Break","floor":6},{"not_picked":["Sword Boomerang","Anger"],"picked":"Intimidate","floor":8},{"not_picked":["Blood for Blood","Perfected Strike"],"picked":"Inflame","floor":10},{"not_picked":["Clothesline","Anger"],"picked":"Intimidate","floor":12},{"not_picked":["Barricade","Impervious"],"picked":"Limit Break","floor":16},{"not_picked":["Burning Pact","Armaments"],"picked":"Shrug It Off","floor":17},{"not_picked":["Anger","Cleave"],"picked":"Shockwave","floor":18},{"not_picked":["Perfected Strike","Iron Wave"],"picked":"Reckless Charge","floor":19},{"not_picked":["True Grit","Dual Wield"],"picked":"Sword Boomerang","floor":24},{"not_picked":["Anger","Twin Strike"],"picked":"Headbutt","floor":31},{"not_picked":["Brutality","Reaper"],"picked":"Barricade","floor":33},{"not_picked":["Finesse","Secret Technique"],"picked":"Mind Blast","floor":37},{"not_picked":["Finesse","Thinking Ahead"],"picked":"Secret Technique","floor":37},{"not_picked":["Deep Breath","Good Instincts"],"picked":"Madness","floor":37},{"not_picked":["Shockwave","Blood for Blood"],"picked":"Dark Embrace","floor":41},{"not_picked":["Perfected Strike","Bloodletting"],"picked":"Flex","floor":42},{"not_picked":["Shrug It Off","Reckless Charge"],"picked":"Whirlwind","floor":44},{"not_picked":["Warcry","Heavy Blade"],"picked":"Pummel","floor":47},{"not_picked":["Bloodletting","Anger"],"picked":"Shockwave","floor":49}],"player_experience":298438,"potions_floor_usage":[12,16,24,24,31,50,50,50],"damage_taken":[{"damage":9,"enemies":"Jaw Worm","floor":1,"turns":3},{"damage":7,"enemies":"Cultist","floor":2,"turns":3},{"damage":29,"enemies":"Lagavulin","floor":6,"turns":4},{"damage":15,"enemies":"Small Slimes","floor":8,"turns":3},{"damage":0,"enemies":"3 Louse","floor":10,"turns":1},{"damage":13,"enemies":"Gremlin Nob","floor":12,"turns":3},{"damage":17,"enemies":"Exordium Wildlife","floor":13,"turns":4},{"damage":32,"enemies":"Hexaghost","floor":16,"turns":8},{"damage":21,"enemies":"Spheric Guardian","floor":18,"turns":4},{"damage":33,"enemies":"Shell Parasite","floor":19,"turns":6},{"damage":27,"enemies":"Book of Stabbing","floor":24,"turns":8},{"damage":3,"enemies":"Slavers","floor":27,"turns":2},{"damage":1,"enemies":"Snecko","floor":30,"turns":3},{"damage":1,"enemies":"Sentry and Sphere","floor":31,"turns":2},{"damage":8,"enemies":"Automaton","floor":33,"turns":7},{"damage":17,"enemies":"Orb Walker","floor":35,"turns":3},{"damage":0,"enemies":"2 Orb Walkers","floor":41,"turns":3},{"damage":4,"enemies":"3 Shapes","floor":42,"turns":1},{"damage":1,"enemies":"3 Darklings","floor":44,"turns":2},{"damage":22,"enemies":"Maw","floor":47,"turns":3},{"damage":52,"enemies":"Donu and Deca","floor":50,"turns":5}],"event_choices":[{"event_name":"Accursed Blacksmith","player_choice":"Forge","floor":4,"damage_taken":0},{"event_name":"Scrap Ooze","player_choice":"success","floor":5,"damage_taken":7},{"event_name":"World of Goop","player_choice":"Gather Gold","floor":11,"damage_taken":0},{"event_name":"Living Wall","player_choice":"Change","floor":14,"damage_taken":0},{"event_name":"Ghosts","player_choice":"Became a Ghost","floor":21,"damage_taken":0},{"event_name":"SensoryStone","player_choice":"Memory 3","floor":37,"damage_taken":0},{"event_name":"Upgrade Shrine","player_choice":"Upgraded","floor":38,"damage_taken":0},{"event_name":"Golden Shrine","player_choice":"Pray","floor":39,"damage_taken":0}],"boss_relics":[{"not_picked":["Velvet Choker","Eternal Feather"],"picked":"Tiny House"},{"not_picked":["Runic Pyramid","Lizard Tail"],"picked":"Mark of Pain"}],"potions_floor_spawned":[8,12,16,19,30,33,41,42,47],"seed_played":"-2065011674364745512","ascension_level":13,"is_trial":false}