{"path_per_floor":["M","T","$","M","M","R","E","M","T","M","M","?","M","?","R","B",null,"M","$","?","M","?","R","M","M","T","?","T","?","M","M","R","B",null,"M","?","M","$","?","R","$","M","T","M","R","?","M","M","R","B"],"character_chosen":"THE_SILENT","items_purchased":["Matryoshka","Accuracy","Eviscerate"],"gold_per_floor":[118,144,69,82,101,101,135,147,147,161,174,174,190,190,190,289,289,307,51,51,64,64,64,78,89,89,14,14,14,27,42,42,146,146,162,162,172,98,143,143,70,85,85,102,102,102,121,137,137,137],"floor_reached":51,"campfire_rested":2,"playtime":4642,"current_hp_per_floor":[70,70,70,70,70,70,50,50,50,48,48,48,42,42,63,32,70,68,68,68,54,45,67,45,45,45,45,45,45,47,33,33,14,75,75,75,75,75,59,59,59,61,61,63,63,63,65,63,63,65],"items_purged":["Strike_G"],"gold":137,"play_id":"8d47056b-ae0e-409b-aedf-a3b4e15b96a9","is_prod":false,"is_daily":false,"campfire_rituals":0,"campfire_upgraded":5,"is_hardmode":false,"path_taken":["M","?","$","M","M","R","E","M","T","?","M","?","?","?","R","BOSS","M","$","?","M","?","R","M","?","T","?","?","?","M","M","R","BOSS","M","?","?","$","?","R","?","M","T","?","R","?","M","M","R","BOSS"],"build_version":"2017-12-29-BETA1","purchased_purges":1,"victory":true,"master_deck":["Survivor","Neutralize","Eviscerate","Choke","Night Terror","Quick Slash","Backflip","Bullet Time","Acrobatics","Deadly Poison","Dagger Throw","Prepared","Slice","Blade Dance","Reflex","PiercingWail","Backflip","Burst","Acrobatics","Cloak And Dagger","After Image","Outmaneuver","Acrobatics","Accuracy","Acrobatics","Eviscerate","Backflip","Riddle With Holes"],"max_hp_per_floor":[70,70,70,70,70,70,70,70,70,70,70,70,70,70,70,70,70,70,70,70,70,75,75,75,75,75,75,75,75,75,75,75,75,75,75,75,75,75,75,75,75,75,75,75,75,75,75,75,75,75],"relics":["Snecko Eye","Omamori","Lantern","Calipers","Pandora\u0027s Box","Matryoshka","Shuriken","Art of War","Blood Vial","Unceasing Top","Sozu","Sundial","Ice Cream"],"campfire_meditates":0,"card_choices":[{"not_picked":["Terror","Escape Plan"],"picked":"Eviscerate"},{"not_picked":["Acrobatics","Deflect"],"picked":"Choke"},{"not_picked":["Infinite Blades","Acrobatics"],"picked":"Night Terror"},{"not_picked":["Cloak And Dagger","Bane"],"picked":"Quick Slash"},{"not_picked":["Deflect","Well Laid Plans"],"picked":"Backflip"},{"not_picked":["Night Terror","Tactician"],"picked":"Bullet Time"},{"not_picked":["Poisoned Stab","Noxious Fumes"],"picked":"PiercingWail"},{"not_picked":["Poisoned Stab","Catalyst"],"picked":"Backflip"},{"not_picked":["Escape Plan","Bane"],"picked":"Burst"},{"not_picked":["Underhanded Strike","Flechettes"],"picked":"Acrobatics"},{"not_picked":["Prepared","Poisoned Stab"],"picked":"Cloak And Dagger"},{"not_picked":["Phantasmal Killer","Adrenaline"],"picked":"After Image"},{"not_picked":["Slice","Cloak And Dagger"],"picked":"Outmaneuver"},{"not_picked":["Dodge and Roll","Dagger Throw"],"picked":"Acrobatics"},{"not_picked":["Quick Slash","Distraction"],"picked":"Acrobatics"},{"not_picked":["Escape Plan","Die Die Die"],"picked":"Backflip"},{"not_picked":["Backflip","Heel Hook"],"picked":"Riddle With Holes"}],"player_experience":191482,"potions_floor_usage":[],"damage_taken":[{"damage":0,"enemies":"Blue Slaver","floor":1,"turns":6},{"damage":0,"enemies":"2 Louse","floor":4,"turns":3},{"damage":0,"enemies":"Jaw Worm","floor":5,"turns":2},{"damage":20,"enemies":"3 Sentries","floor":7,"turns":7},{"damage":0,"enemies":"Lots of Slimes","floor":8,"turns":4},{"damage":2,"enemies":"Looter","floor":10,"turns":3},{"damage":0,"enemies":"2 Fungi Beasts","floor":11,"turns":4},{"damage":6,"enemies":"Exordium Wildlife","floor":13,"turns":4},{"damage":31,"enemies":"Hexaghost","floor":16,"turns":5},{"damage":2,"enemies":"Spheric Guardian","floor":18,"turns":3},{"damage":14,"enemies":"2 Thieves","floor":21,"turns":3},{"damage":22,"enemies":"Slaver and Parasite","floor":24,"turns":4},{"damage":0,"enemies":"Centurion and Healer","floor":25,"turns":4},{"damage":0,"enemies":"3 Cultists","floor":30,"turns":2},{"damage":16,"enemies":"Snake Plant","floor":31,"turns":3},{"damage":21,"enemies":"Champ","floor":33,"turns":7},{"damage":0,"enemies":"Flame Bruiser 1 Orb","floor":35,"turns":2},{"damage":0,"enemies":"Orb Walker","floor":37,"turns":2},{"damage":16,"enemies":"Mysterious Sphere","floor":39,"turns":3},{"damage":0,"enemies":"Maw","floor":42,"turns":3},{"damage":0,"enemies":"Sphere and 2 Shapes","floor":44,"turns":2},{"damage":0,"enemies":"3 Darklings","floor":47,"turns":2},{"damage":4,"enemies":"4 Shapes","floor":48,"turns":4},{"damage":0,"enemies":"Awakened One","floor":50,"turns":4}],"event_choices":[{"event_name":"Transmorgrifier","player_choice":"Transform","floor":12,"damage_taken":0},{"event_name":"Purifier","player_choice":"One Purge","floor":14,"damage_taken":0},{"event_name":"Vampires","player_choice":"Ignored","floor":20,"damage_taken":0},{"event_name":"Forgotten Altar","player_choice":"Shed Blood","floor":22,"damage_taken":0},{"event_name":"Beggar","player_choice":"Gave Gold","floor":27,"damage_taken":0},{"event_name":"Drug Dealer","player_choice":"Ignored","floor":29,"damage_taken":0},{"event_name":"Tomb of Lord Red Mask","player_choice":"Ignored","floor":36,"damage_taken":0},{"event_name":"Mysterious Sphere","player_choice":"Fight","floor":39,"damage_taken":0},{"event_name":"Upgrade Shrine","player_choice":"Upgraded","floor":46,"damage_taken":0}],"boss_relics":[{"not_picked":["Black Star","The Specimen"],"picked":"Pandora\u0027s Box"},{"not_picked":["Eternal Feather","Velvet Choker"],"picked":"Sozu"}],"potions_floor_spawned":[1,8,10,13,24,25,31,35,37,42],"seed_played":"-2498453606966218968","is_trial":false}