{"path_per_floor":["M","?","?","M","M","E","?","M","T","M","E","?","$","M","R","B",null,"M","M","?","?","?","E","R","?","T","M","M","R","E","M","R","B",null,"M","?","?","M","M","E","M","M","T","E","M","M","R","M","R","B"],"character_chosen":"THE_SILENT","items_purchased":["Letter Opener"],"gold_per_floor":[119,194,194,209,223,251,251,262,262,282,316,346,88,105,105,208,208,208,133,133,48,48,48,48,48,48,48,48,48,48,48,48,48,48,48,48,48,48,48,48,48,48,48,48,48,48,48,48,48,48],"floor_reached":51,"campfire_rested":4,"playtime":11339,"current_hp_per_floor":[68,57,43,43,43,34,70,68,68,66,30,30,30,29,50,22,70,58,57,41,41,41,40,40,31,31,39,31,53,59,68,68,75,75,75,75,65,75,64,18,5,19,19,8,13,22,44,55,75,43],"items_purged":[],"gold":48,"play_id":"76347e2f-db4f-479b-aeda-412337a55e4b","is_prod":false,"is_daily":false,"campfire_rituals":0,"campfire_upgraded":2,"is_hardmode":false,"path_taken":["M","?","?","M","M","E","?","M","T","M","E","?","?","M","R","BOSS","M","M","?","?","?","E","R","?","T","M","?","R","E","M","R","BOSS","M","?","?","M","M","E","M","M","T","E","M","M","R","M","R","BOSS"],"build_version":"2017-12-21-PROD1","purchased_purges":1,"victory":true,"master_deck":["Defend_G","Defend_G","Defend_G","Defend_G","Defend_G","Strike_G","Strike_G","Strike_G","Strike_G","Strike_G","Survivor","Neutralize","Prepared","Slice","PiercingWail","Caltrops","PiercingWail","Well Laid Plans","Backflip","Doppelganger","Malaise","Acrobatics","Footwork","Dagger Throw","Outmaneuver","Backflip","Caltrops","Backflip","Crippling Poison","Madness","Madness","Terror","Leg Sweep","Acrobatics","Acrobatics","Infinite Blades","Blur","Deflect","Dodge and Roll","Dagger Throw","Caltrops","Dagger Throw"],"max_hp_per_floor":[70,70,70,70,70,70,70,70,70,70,70,70,70,70,70,70,70,70,70,70,70,70,70,70,75,75,75,75,75,75,75,75,75,75,75,75,75,75,75,75,75,75,75,75,75,75,75,75,75,75],"relics":["Ring of the Snake","Torii","Toolbox","Frozen Eye","Tough Bandages","Letter Opener","Ectoplasm","Nilry\u0027s Codex","Ornamental Fan","Bronze Scales","Bird Faced Urn","Bag of Preparation","Sozu","Prayer Wheel","Tiny Chest","Dream Catcher"],"campfire_meditates":0,"card_choices":[{"not_picked":["Slice","Calculated Gamble"],"picked":"Prepared"},{"not_picked":["Masterful Stab","Poisoned Stab"],"picked":"Slice"},{"not_picked":["Acrobatics","Quick Slash"],"picked":"PiercingWail"},{"not_picked":["Terror","Poisoned Stab"],"picked":"Distraction"},{"not_picked":["Riddle With Holes","Prepared"],"picked":"Caltrops"},{"not_picked":["Calculated Gamble","Slice"],"picked":"PiercingWail"},{"not_picked":["Dagger Spray","Prepared"],"picked":"Well Laid Plans"},{"not_picked":["Terror","Deflect"],"picked":"Backflip"},{"not_picked":["Wraith Form","Phantasmal Killer"],"picked":"Doppelganger"},{"not_picked":["Deadly Poison","Dodge and Roll"],"picked":"Malaise"},{"not_picked":["Slice","Sucker Punch"],"picked":"Acrobatics"},{"not_picked":["Bullet Time","Dagger Spray"],"picked":"Footwork"},{"not_picked":["Backflip","Sucker Punch"],"picked":"Dagger Throw"},{"not_picked":["Slice","Flying Knee"],"picked":"Outmaneuver"},{"not_picked":["Masterful Stab","Malaise"],"picked":"Backflip"},{"not_picked":["Calculated Gamble","Outmaneuver"],"picked":"Caltrops"},{"not_picked":["Phantasmal Killer","Glass Knife"],"picked":"Adrenaline"},{"not_picked":["Dash","Dagger Spray"],"picked":"Backflip"},{"not_picked":["Flechettes","Crippling Poison"],"picked":"Terror"},{"not_picked":["All Out Attack","Bane"],"picked":"Leg Sweep"},{"not_picked":["Calculated Gamble","Deflect"],"picked":"Acrobatics"},{"not_picked":["Underhanded Strike","Dagger Throw"],"picked":"Acrobatics"},{"not_picked":["Bane","Catalyst"],"picked":"Infinite Blades"},{"not_picked":["Calculated Gamble","Well Laid Plans"],"picked":"Blur"},{"not_picked":["Sucker Punch","Predator"],"picked":"Deflect"},{"not_picked":["Endless Agony","Dagger Spray"],"picked":"Dodge and Roll"},{"not_picked":["PiercingWail","Eviscerate"],"picked":"Dagger Throw"},{"not_picked":["Dagger Spray","Skewer"],"picked":"Caltrops"},{"not_picked":["Flechettes","Skewer"],"picked":"Dagger Throw"}],"player_experience":45434,"potions_floor_usage":[6,6,11,11,11,19,28,33,33,33],"damage_taken":[{"damage":2,"enemies":"Looter","floor":1,"turns":4},{"damage":0,"enemies":"Cultist","floor":4,"turns":3},{"damage":0,"enemies":"Jaw Worm","floor":5,"turns":3},{"damage":9,"enemies":"3 Sentries","floor":6,"turns":6},{"damage":2,"enemies":"3 Louse","floor":8,"turns":3},{"damage":2,"enemies":"2 Fungi Beasts","floor":10,"turns":4},{"damage":36,"enemies":"Lagavulin","floor":11,"turns":10},{"damage":1,"enemies":"Gremlin Gang","floor":14,"turns":4},{"damage":28,"enemies":"Hexaghost","floor":16,"turns":16},{"damage":12,"enemies":"Spheric Guardian","floor":18,"turns":7},{"damage":1,"enemies":"2 Thieves","floor":19,"turns":5},{"damage":1,"enemies":"Gremlin Leader","floor":23,"turns":9},{"damage":0,"enemies":"Snake Plant","floor":27,"turns":5},{"damage":18,"enemies":"3 Cultists","floor":28,"turns":5},{"damage":0,"enemies":"Book of Stabbing","floor":30,"turns":5},{"damage":1,"enemies":"Sentry and Sphere","floor":31,"turns":6},{"damage":0,"enemies":"Champ","floor":33,"turns":17},{"damage":0,"enemies":"Orb Walker","floor":35,"turns":4},{"damage":0,"enemies":"3 Shapes","floor":38,"turns":6},{"damage":15,"enemies":"Maw","floor":39,"turns":13},{"damage":56,"enemies":"2 Orb Walkers","floor":40,"turns":6},{"damage":21,"enemies":"Sphere and 2 Shapes","floor":41,"turns":7},{"damage":0,"enemies":"3 Darklings","floor":42,"turns":4},{"damage":29,"enemies":"Nemesis","floor":44,"turns":13},{"damage":9,"enemies":"Maw","floor":45,"turns":8},{"damage":3,"enemies":"4 Shapes","floor":46,"turns":6},{"damage":1,"enemies":"3 Darklings","floor":48,"turns":6},{"damage":50,"enemies":"Time Eater","floor":50,"turns":14}],"event_choices":[{"event_name":"World of Goop","player_choice":"Gather Gold","floor":2,"damage_taken":0},{"event_name":"Shining Light","player_choice":"Entered Light","floor":3,"damage_taken":0},{"event_name":"Bonfire Elementals","player_choice":"SKILL","floor":7,"damage_taken":0},{"event_name":"Dead Adventurer","player_choice":"Searched \u00272\u0027 times","floor":12,"damage_taken":0},{"event_name":"Cursed Tome","player_choice":"Obtained Book","floor":20,"damage_taken":0},{"event_name":"Addict","player_choice":"Obtained Relic","floor":21,"damage_taken":0},{"event_name":"Vampires","player_choice":"Ignored","floor":22,"damage_taken":0},{"event_name":"Forgotten Altar","player_choice":"Shed Blood","floor":25,"damage_taken":0},{"event_name":"Transmorgrifier","player_choice":"Transform","floor":36,"damage_taken":0},{"event_name":"Winding Halls","player_choice":"Embrace Madness","floor":37,"damage_taken":0}],"boss_relics":[{"not_picked":["Lizard Tail","Philosopher\u0027s Stone"],"picked":"Ectoplasm"},{"not_picked":["Snecko Eye","Runic Dome"],"picked":"Sozu"}],"potions_floor_spawned":[4,6,8,10,16,23,27,28,31,35,41,42,46],"seed_played":"-5095713556140751932","is_trial":false}