{"path_per_floor":["M","$","?","?","M","R","?","?","T","M","M","M","M","E","R"],"character_chosen":"THE_SILENT","items_purchased":[],"gold_per_floor":[115,40,40,40,59,59,59,116,116,131,147,163,181,206,206],"floor_reached":16,"campfire_rested":1,"playtime":1342,"current_hp_per_floor":[64,64,64,64,64,64,64,44,44,39,39,31,31,22,43],"items_purged":["Strike_G"],"gold":206,"play_id":"0bc6be60-c966-4259-a25f-09a5549bb2c7","is_prod":false,"is_daily":false,"campfire_rituals":0,"campfire_upgraded":1,"is_hardmode":false,"path_taken":["M","$","?","?","M","R","?","?","T","M","M","M","?","E","R","BOSS"],"build_version":"2017-12-21-PROD1","purchased_purges":1,"victory":false,"master_deck":["Defend_G","Defend_G","Defend_G","Strike_G","Strike_G","Strike_G","Strike_G","Survivor","Neutralize","Glass Knife","Acrobatics","Eviscerate","Backstab","Adrenaline","Backflip","Unload"],"max_hp_per_floor":[70,70,70,70,70,70,70,70,70,70,70,70,70,70,70],"relics":["Ring of the Snake","Art of War","Girya","Ninja Scroll"],"campfire_meditates":0,"card_choices":[{"not_picked":["Flying Knee","Sucker Punch"],"picked":"Acrobatics"},{"not_picked":["Prepared","Footwork"],"picked":"Eviscerate"},{"not_picked":["Bouncing Flask","Poisoned Stab"],"picked":"Backstab"},{"not_picked":["Prepared","Dash"],"picked":"Adrenaline"},{"not_picked":["Predator","Dodge and Roll"],"picked":"Backflip"},{"not_picked":["Escape Plan","Choke"],"picked":"Unload"}],"player_experience":103170,"potions_floor_usage":[12,16],"damage_taken":[{"damage":6,"enemies":"Jaw Worm","floor":1,"turns":4},{"damage":0,"enemies":"Looter","floor":5,"turns":3},{"damage":20,"enemies":"Gremlin Nob","floor":8,"turns":5},{"damage":5,"enemies":"Blue Slaver","floor":10,"turns":4},{"damage":0,"enemies":"3 Louse","floor":11,"turns":3},{"damage":8,"enemies":"Red Slaver","floor":12,"turns":2},{"damage":0,"enemies":"Gremlin Gang","floor":13,"turns":3},{"damage":9,"enemies":"3 Sentries","floor":14,"turns":9},{"damage":45,"enemies":"The Guardian","floor":16,"turns":14}],"event_choices":[{"event_name":"Living Wall","player_choice":"Forget","floor":3,"damage_taken":0},{"event_name":"Accursed Blacksmith","player_choice":"Forge","floor":4,"damage_taken":0},{"event_name":"Purifier","player_choice":"One Purge","floor":7,"damage_taken":0},{"event_name":"Dead Adventurer","player_choice":"Searched \u00273\u0027 times","floor":8,"damage_taken":0}],"boss_relics":[],"potions_floor_spawned":[8,11,12],"seed_played":"5290859248505093538","killed_by":"The Guardian","is_trial":false}