{"path_per_floor":["M","?","M","T","M","R","$","M","T","M","?","M","T","?","R","B",null,"M","?","M","?","M","R","M","?","T","T","M","R","$","M","R"],"character_chosen":"THE_SILENT","items_purchased":["Predator","Happy Flower","Meat on the Bone","Die Die Die"],"gold_per_floor":[110,60,73,373,388,388,121,141,165,177,177,190,262,262,262,390,390,411,411,429,429,443,443,456,456,503,582,598,598,107,130,130],"floor_reached":33,"campfire_rested":0,"playtime":1981,"current_hp_per_floor":[70,70,70,70,70,70,70,69,69,69,74,74,74,72,72,28,72,65,49,49,49,40,40,37,37,37,37,37,37,37,47,47],"items_purged":["Strike_G","Defend_G"],"gold":130,"play_id":"91f59792-c6a6-4481-b781-6b0b49a00e88","is_prod":false,"is_daily":false,"campfire_rituals":0,"campfire_upgraded":5,"is_hardmode":false,"path_taken":["M","?","M","?","M","R","$","M","T","?","?","?","?","?","R","BOSS","M","?","M","?","M","R","M","?","T","?","M","R","?","?","R","BOSS"],"build_version":"2017-12-29-BETA1","purchased_purges":2,"victory":false,"master_deck":["Defend_G","Defend_G","Defend_G","Defend_G","Strike_G","Strike_G","Strike_G","Survivor","Neutralize","Riddle With Holes","Riddle With Holes","Predator","Quick Slash","Backflip","Die Die Die","Dagger Spray","Dodge and Roll","Backflip","Slice","Die Die Die"],"max_hp_per_floor":[70,70,70,70,70,70,70,70,70,70,75,75,75,72,72,72,72,72,72,72,72,72,72,72,72,72,72,72,72,72,72,72],"relics":["Velvet Choker","Old Coin","Happy Flower","Snake Skull","Blue Candle","Golden Idol","Runic Dome","Enchiridion","Ancient Tea Set","Tiny Chest","Meat on the Bone"],"campfire_meditates":0,"card_choices":[{"not_picked":["PiercingWail","Flying Knee"],"picked":"Riddle With Holes"},{"not_picked":["Heel Hook","Outmaneuver"],"picked":"Riddle With Holes"},{"not_picked":["Caltrops","Blur"],"picked":"Quick Slash"},{"not_picked":["Adrenaline","Deflect"],"picked":"Backflip"},{"not_picked":["A Thousand Cuts","Envenom"],"picked":"Die Die Die"},{"not_picked":["Dodge and Roll","Expertise"],"picked":"Dagger Spray"},{"not_picked":["Underhanded Strike","Flying Knee"],"picked":"Dodge and Roll"},{"not_picked":["Envenom","Acrobatics"],"picked":"Backflip"},{"not_picked":["Acrobatics","Quick Slash"],"picked":"Slice"}],"player_experience":189501,"potions_floor_usage":[16,31],"damage_taken":[{"damage":0,"enemies":"Cultist","floor":1,"turns":4},{"damage":0,"enemies":"Small Slimes","floor":3,"turns":4},{"damage":0,"enemies":"Jaw Worm","floor":5,"turns":3},{"damage":1,"enemies":"Exordium Thugs","floor":8,"turns":4},{"damage":0,"enemies":"Looter","floor":10,"turns":3},{"damage":0,"enemies":"2 Fungi Beasts","floor":12,"turns":3},{"damage":44,"enemies":"The Guardian","floor":16,"turns":10},{"damage":7,"enemies":"2 Thieves","floor":18,"turns":3},{"damage":0,"enemies":"Spheric Guardian","floor":20,"turns":3},{"damage":9,"enemies":"Snake Plant","floor":22,"turns":3},{"damage":3,"enemies":"Snecko","floor":24,"turns":4},{"damage":0,"enemies":"3 Cultists","floor":28,"turns":4},{"damage":17,"enemies":"Slaver and Parasite","floor":31,"turns":5},{"damage":57,"enemies":"Champ","floor":33,"turns":9}],"event_choices":[{"event_name":"The Cleric","player_choice":"Card Removal","floor":2,"damage_taken":0},{"event_name":"Big Fish","player_choice":"Donut","floor":11,"damage_taken":0},{"event_name":"Golden Idol","player_choice":"Lose Max HP","floor":14,"damage_taken":0},{"event_name":"Cursed Tome","player_choice":"Obtained Book","floor":19,"damage_taken":0},{"event_name":"Vampires","player_choice":"Ignored","floor":21,"damage_taken":0},{"event_name":"Transmorgrifier","player_choice":"Skipped","floor":25,"damage_taken":0}],"boss_relics":[{"not_picked":["Astrolabe","Ectoplasm"],"picked":"Runic Dome"}],"potions_floor_spawned":[5,8,10,18,20,28],"seed_played":"521174894505970370","killed_by":"Champ","is_trial":false}