{"path_per_floor":["M","?","M","M","T","E","R","E","T","E","M","M","M","E","R","B",null,"M","$","?","M","$","E","M","E","T","R","M","R","$","?","R","B",null,"M","?","M","M","M"],"character_chosen":"THE_SILENT","items_purchased":["Apotheosis","Bottled Lightning","Underhanded Strike","Backflip","Caltrops","Escape Plan"],"gold_per_floor":[118,118,136,147,147,173,173,201,272,301,312,332,344,372,372,477,477,489,11,11,28,4,32,42,77,145,145,165,165,10,10,10,114,114,128,0,18,29,44],"floor_reached":40,"campfire_rested":5,"playtime":5506,"current_hp_per_floor":[70,70,70,69,69,24,45,19,19,18,18,23,23,12,36,13,80,60,60,60,60,60,41,41,41,41,65,57,80,80,80,80,29,80,80,80,77,62,36],"items_purged":[],"gold":44,"play_id":"943be5a9-9c36-4f0e-800a-243b203636c9","is_prod":false,"is_daily":false,"campfire_rituals":0,"campfire_upgraded":0,"is_hardmode":false,"path_taken":["M","?","M","M","?","E","R","E","T","E","?","M","M","E","R","BOSS","M","?","?","M","$","E","M","E","T","R","M","R","$","?","R","BOSS","M","?","M","?","M","E"],"build_version":"2017-12-21-PROD1","purchased_purges":0,"victory":false,"master_deck":["Defend_G","Defend_G","Defend_G","Defend_G","Defend_G","Strike_G","Strike_G","Strike_G","Strike_G","Strike_G","Survivor","Neutralize","PiercingWail","Doppelganger","Dash","Acrobatics","Dodge and Roll","Flying Knee","Escape Plan","Prepared","Slice","Distraction","Burst","Prepared","Apotheosis","Underhanded Strike","Skewer","Backflip","Flying Knee","Bouncing Flask","Eviscerate","Caltrops","Escape Plan","Writhe","Tactician","Sucker Punch","Dagger Throw"],"max_hp_per_floor":[70,70,70,70,70,70,70,70,70,80,80,80,80,80,80,80,80,80,80,80,80,80,80,80,80,80,80,80,80,80,80,80,80,80,80,80,80,80,80],"relics":["Ring of the Snake","Bronze Scales","Frozen Eye","Toolbox","Pen Nib","Centennial Puzzle","Pear","Molten Egg","Runic Pyramid","Bottled Lightning","Ancient Tea Set","Letter Opener","Matryoshka","Vajra","Runic Dome","Red Mask"],"campfire_meditates":0,"card_choices":[{"not_picked":["Dagger Spray","Slice"],"picked":"PiercingWail"},{"not_picked":["Masterful Stab","Calculated Gamble"],"picked":"Doppelganger"},{"not_picked":["Leg Sweep","Bouncing Flask"],"picked":"Dash"},{"not_picked":["Doppelganger","Calculated Gamble"],"picked":"Acrobatics"},{"not_picked":["Dagger Spray","Malaise"],"picked":"Dodge and Roll"},{"not_picked":["Backstab","Poisoned Stab"],"picked":"Flying Knee"},{"not_picked":["Unload","Malaise"],"picked":"Escape Plan"},{"not_picked":["Poisoned Stab","Eviscerate"],"picked":"Prepared"},{"not_picked":["PiercingWail","Bane"],"picked":"Slice"},{"not_picked":["Noxious Fumes","Poisoned Stab"],"picked":"Distraction"},{"not_picked":["Unload","Bullet Time"],"picked":"Burst"},{"not_picked":["Underhanded Strike","Well Laid Plans"],"picked":"Prepared"},{"not_picked":["Bane","Prepared"],"picked":"Skewer"},{"not_picked":["Backflip","Finisher"],"picked":"Flying Knee"},{"not_picked":["Flying Knee","PiercingWail"],"picked":"Bouncing Flask"},{"not_picked":["Bane","Backflip"],"picked":"Eviscerate"},{"not_picked":["Adrenaline","Wraith Form"],"picked":"Tactician"},{"not_picked":["Malaise","Distraction"],"picked":"Sucker Punch"},{"not_picked":["Escape Plan","Endless Agony"],"picked":"Dagger Throw"}],"player_experience":97664,"potions_floor_usage":[8,10,12,14,14,23,23,39,40],"damage_taken":[{"damage":0,"enemies":"Jaw Worm","floor":1,"turns":3},{"damage":0,"enemies":"Cultist","floor":3,"turns":5},{"damage":1,"enemies":"Blue Slaver","floor":4,"turns":4},{"damage":45,"enemies":"Lagavulin","floor":6,"turns":10},{"damage":26,"enemies":"Gremlin Nob","floor":8,"turns":6},{"damage":11,"enemies":"Lagavulin","floor":10,"turns":8},{"damage":0,"enemies":"Gremlin Gang","floor":11,"turns":3},{"damage":4,"enemies":"Lots of Slimes","floor":12,"turns":4},{"damage":0,"enemies":"2 Fungi Beasts","floor":13,"turns":3},{"damage":11,"enemies":"Gremlin Nob","floor":14,"turns":5},{"damage":23,"enemies":"Hexaghost","floor":16,"turns":14},{"damage":20,"enemies":"Spheric Guardian","floor":18,"turns":7},{"damage":0,"enemies":"3 Byrds","floor":21,"turns":3},{"damage":19,"enemies":"Slavers","floor":23,"turns":6},{"damage":0,"enemies":"Snake Plant","floor":24,"turns":4},{"damage":0,"enemies":"Gremlin Leader","floor":25,"turns":6},{"damage":8,"enemies":"Sentry and Sphere","floor":28,"turns":2},{"damage":51,"enemies":"Automaton","floor":33,"turns":11},{"damage":0,"enemies":"3 Shapes","floor":35,"turns":4},{"damage":3,"enemies":"Orb Walker","floor":37,"turns":3},{"damage":15,"enemies":"Maw","floor":38,"turns":7},{"damage":26,"enemies":"Sphere and 2 Shapes","floor":39,"turns":4},{"damage":51,"enemies":"Giant Head","floor":40,"turns":8}],"event_choices":[{"event_name":"The Cleric","player_choice":"Leave","floor":2,"damage_taken":0},{"event_name":"Drug Dealer","player_choice":"Ignored","floor":20,"damage_taken":0},{"event_name":"The Mausoleum","player_choice":"Yes","floor":31,"damage_taken":0},{"event_name":"Tomb of Lord Red Mask","player_choice":"Paid","floor":36,"damage_taken":0}],"boss_relics":[{"not_picked":["Question Card","Philosopher\u0027s Stone"],"picked":"Runic Pyramid"},{"not_picked":["Pandora\u0027s Box","Snecko Eye"],"picked":"Runic Dome"}],"potions_floor_spawned":[6,8,10,11,12,18,21,23,25,35,38,39],"seed_played":"8918783916961439890","killed_by":"Giant Head","is_trial":false}