{"path_per_floor":["M","?","M","M","?","R","E","M","T","M","M","E","M","M","R","B",null,"M","$","M","?","M","R","M","R","T","M","M","R"],"character_chosen":"THE_SILENT","items_purchased":["Regal Pillow","Infinite Blades","Catalyst"],"gold_per_floor":[119,119,136,152,152,152,182,200,227,239,251,278,296,315,315,415,415,430,86,104,4,23,23,37,37,116,131,143,143],"floor_reached":30,"campfire_rested":4,"playtime":3479,"current_hp_per_floor":[68,68,68,68,68,68,57,54,54,54,53,28,23,18,39,16,70,59,59,37,37,13,49,24,60,70,42,1,40],"items_purged":["Strike_G"],"gold":143,"play_id":"7c05d9bc-2d7f-4b63-a7e9-006a896817e0","is_prod":false,"is_daily":false,"campfire_rituals":0,"campfire_upgraded":1,"is_hardmode":false,"path_taken":["M","?","M","M","?","R","E","M","T","M","M","E","M","?","R","BOSS","M","$","M","?","M","R","M","R","T","M","M","R","M"],"build_version":"2017-12-21-PROD1","purchased_purges":1,"victory":false,"master_deck":["Defend_G","Defend_G","Defend_G","Defend_G","Defend_G","Strike_G","Strike_G","Strike_G","Strike_G","Survivor","Neutralize","Quick Slash","Prepared","Unload","Caltrops","Noxious Fumes","Noxious Fumes","Noxious Fumes","Malaise","Dash","Slice","Tools of the Trade","Acrobatics","Infinite Blades","Catalyst","Outmaneuver","J.A.X.","Distraction","Backflip","Dash"],"max_hp_per_floor":[70,70,70,70,70,70,70,70,70,70,70,70,70,70,70,70,70,70,70,70,70,70,70,70,70,80,80,80,80],"relics":["Ring of the Snake","Ancient Tea Set","Molten Egg","Peace Pipe","Snecko Eye","Regal Pillow","Pear"],"campfire_meditates":0,"card_choices":[{"not_picked":["Blur","Noxious Fumes"],"picked":"Quick Slash"},{"not_picked":["Quick Slash","Deadly Poison"],"picked":"Prepared"},{"not_picked":["Blur","Poisoned Stab"],"picked":"Unload"},{"not_picked":["Outmaneuver","Slice"],"picked":"Caltrops"},{"not_picked":["Deadly Poison","Underhanded Strike"],"picked":"Noxious Fumes"},{"not_picked":["Backstab","Poisoned Stab"],"picked":"Noxious Fumes"},{"not_picked":["Dodge and Roll","Backstab"],"picked":"Noxious Fumes"},{"not_picked":["Dagger Throw","Tactician"],"picked":"Malaise"},{"not_picked":["Backflip","PiercingWail"],"picked":"Dash"},{"not_picked":["Backstab","Sucker Punch"],"picked":"Slice"},{"not_picked":["Tactician","A Thousand Cuts"],"picked":"Tools of the Trade"},{"not_picked":["Noxious Fumes","Endless Agony"],"picked":"Acrobatics"},{"not_picked":["Reflex","Masterful Stab"],"picked":"Outmaneuver"},{"not_picked":["Dagger Throw","Underhanded Strike"],"picked":"Distraction"},{"not_picked":["Sucker Punch","Bane"],"picked":"Backflip"},{"not_picked":["Choke","Terror"],"picked":"Dash"}],"player_experience":83611,"potions_floor_usage":[7,10,11,12,12,16,22,28,30],"damage_taken":[{"damage":2,"enemies":"Looter","floor":1,"turns":4},{"damage":0,"enemies":"Blue Slaver","floor":3,"turns":6},{"damage":0,"enemies":"Cultist","floor":4,"turns":3},{"damage":11,"enemies":"Gremlin Nob","floor":7,"turns":4},{"damage":3,"enemies":"3 Louse","floor":8,"turns":5},{"damage":0,"enemies":"Exordium Thugs","floor":10,"turns":4},{"damage":1,"enemies":"Red Slaver","floor":11,"turns":4},{"damage":25,"enemies":"3 Sentries","floor":12,"turns":6},{"damage":5,"enemies":"3 Louse","floor":13,"turns":3},{"damage":5,"enemies":"Exordium Wildlife","floor":14,"turns":5},{"damage":23,"enemies":"Slime Boss","floor":16,"turns":7},{"damage":11,"enemies":"Chosen","floor":18,"turns":6},{"damage":22,"enemies":"3 Byrds","floor":20,"turns":5},{"damage":24,"enemies":"Centurion and Healer","floor":22,"turns":9},{"damage":25,"enemies":"3 Cultists","floor":24,"turns":5},{"damage":28,"enemies":"Sentry and Sphere","floor":27,"turns":7},{"damage":41,"enemies":"Slaver and Parasite","floor":28,"turns":9},{"damage":41,"enemies":"3 Cultists","floor":30,"turns":4}],"event_choices":[{"event_name":"The Lab","player_choice":"Got Potions","floor":2,"damage_taken":0},{"event_name":"The Cleric","player_choice":"Leave","floor":5,"damage_taken":0},{"event_name":"Drug Dealer","player_choice":"Got JAXXED","floor":21,"damage_taken":0}],"boss_relics":[{"not_picked":["Question Card","Runic Dome"],"picked":"Snecko Eye"}],"potions_floor_spawned":[1,7,10,13,16,18,24,28],"seed_played":"8320864026984562056","killed_by":"3 Cultists","is_trial":false}