{"path_per_floor":["M","M","M","M","$","R","M","R","T","R","?","T","?","M","R","B",null,"M","?","M","?","$","R","M","R","T","?","R","M","$","M","R","B",null,"M","M","?","M","M","R","$","M","T","?","M","?","M","T","R"],"character_chosen":"THE_SILENT","items_purchased":["Calculated Gamble","Whetstone"],"gold_per_floor":[110,130,148,168,93,93,107,107,107,107,107,107,107,126,126,229,229,241,241,252,252,83,83,93,93,118,118,118,138,13,26,26,130,130,141,160,160,180,193,193,41,58,58,58,70,70,86,86,86],"floor_reached":50,"campfire_rested":1,"playtime":5071,"current_hp_per_floor":[70,63,63,63,63,63,63,63,63,63,63,63,49,49,49,21,70,70,70,70,70,70,70,65,65,65,65,65,65,65,65,65,34,70,66,66,66,66,56,56,56,56,56,56,44,34,10,10,31],"items_purged":["Strike_G","Strike_G","Defend_G"],"gold":86,"play_id":"0d5cde4d-f0ce-46f4-965b-b5201d227ced","is_prod":false,"is_daily":false,"campfire_rituals":0,"campfire_upgraded":9,"is_hardmode":false,"path_taken":["M","M","M","M","$","R","M","R","T","R","?","?","?","M","R","BOSS","M","?","?","?","?","R","M","R","T","?","R","M","$","M","R","BOSS","M","M","?","M","?","R","$","M","T","?","M","?","M","?","R","BOSS"],"build_version":"2017-12-29-BETA1","purchased_purges":4,"victory":false,"master_deck":["Defend_G","Defend_G","Defend_G","Strike_G","Strike_G","Strike_G","Survivor","Neutralize","Unload","Dagger Throw","Dash","Dagger Spray","Dash","Decay","Dagger Throw","Die Die Die","Prepared","Dagger Throw","Calculated Gamble","Outmaneuver","Concentrate","Backflip","Adrenaline","Leg Sweep","Flying Knee","Eviscerate","Blur","After Image","Madness","Madness"],"max_hp_per_floor":[70,70,70,70,70,70,70,70,70,70,70,70,70,70,70,70,70,70,70,70,70,70,70,70,70,70,70,70,70,70,70,70,70,70,70,70,70,70,70,70,70,70,70,70,70,70,70,70,70],"relics":["Ring of the Snake","Thread and Needle","Tingsha","Runic Dome","Nloth\u0027s Gift","White Beast Statue","Whetstone","Paper Crane","Peace Pipe"],"campfire_meditates":0,"card_choices":[{"not_picked":["Dagger Spray","Choke"],"picked":"Unload"},{"not_picked":["Underhanded Strike","Acrobatics"],"picked":"Dagger Throw"},{"not_picked":["Footwork","Deadly Poison"],"picked":"Dash"},{"not_picked":["Slice","Deadly Poison"],"picked":"Dagger Spray"},{"not_picked":["Outmaneuver","Deadly Poison"],"picked":"Dash"},{"not_picked":["Bane","Acrobatics"],"picked":"Dagger Throw"},{"not_picked":["Glass Knife","A Thousand Cuts"],"picked":"Die Die Die"},{"not_picked":["Dash","Dagger Throw"],"picked":"Prepared"},{"not_picked":["Predator","Well Laid Plans"],"picked":"Dagger Throw"},{"not_picked":["Riddle With Holes","Quick Slash"],"picked":"Outmaneuver"},{"not_picked":["Deflect","Blade Dance"],"picked":"Concentrate"},{"not_picked":["Predator","Blade Dance"],"picked":"Backflip"},{"not_picked":["Die Die Die","Glass Knife"],"picked":"Adrenaline"},{"not_picked":["Dagger Spray","Footwork"],"picked":"Leg Sweep"},{"not_picked":["Cloak And Dagger","Deadly Poison"],"picked":"Flying Knee"},{"not_picked":["Acrobatics","Dagger Spray"],"picked":"Eviscerate"},{"not_picked":["Riddle With Holes","Well Laid Plans"],"picked":"Blur"},{"not_picked":["PiercingWail","Flying Knee"],"picked":"After Image"}],"player_experience":203967,"potions_floor_usage":[16,33,33,33,39,42,45,47,47,50],"damage_taken":[{"damage":0,"enemies":"Small Slimes","floor":1,"turns":3},{"damage":7,"enemies":"Blue Slaver","floor":2,"turns":3},{"damage":0,"enemies":"Cultist","floor":3,"turns":3},{"damage":0,"enemies":"Exordium Thugs","floor":4,"turns":4},{"damage":0,"enemies":"Looter","floor":7,"turns":3},{"damage":0,"enemies":"Lots of Slimes","floor":14,"turns":3},{"damage":28,"enemies":"Hexaghost","floor":16,"turns":12},{"damage":0,"enemies":"3 Byrds","floor":18,"turns":3},{"damage":0,"enemies":"Chosen","floor":20,"turns":5},{"damage":5,"enemies":"Snecko","floor":24,"turns":4},{"damage":0,"enemies":"Snake Plant","floor":29,"turns":2},{"damage":0,"enemies":"Centurion and Healer","floor":31,"turns":5},{"damage":40,"enemies":"Collector","floor":33,"turns":12},{"damage":4,"enemies":"Flame Bruiser 1 Orb","floor":35,"turns":3},{"damage":0,"enemies":"Orb Walker","floor":36,"turns":2},{"damage":0,"enemies":"Flame Bruiser 2 Orb","floor":38,"turns":5},{"damage":10,"enemies":"4 Shapes","floor":39,"turns":4},{"damage":0,"enemies":"Spire Growth","floor":42,"turns":4},{"damage":12,"enemies":"Sphere and 2 Shapes","floor":45,"turns":4},{"damage":36,"enemies":"Maw","floor":47,"turns":10},{"damage":31,"enemies":"Time Eater","floor":50,"turns":15}],"event_choices":[{"event_name":"Wheel of Change","player_choice":"Curse","floor":11,"damage_taken":0},{"event_name":"Shining Light","player_choice":"Entered Light","floor":13,"damage_taken":0},{"event_name":"Drug Dealer","player_choice":"Ignored","floor":19,"damage_taken":0},{"event_name":"Accursed Blacksmith","player_choice":"Forge","floor":21,"damage_taken":0},{"event_name":"N\u0027loth","player_choice":"Traded a Dream Catcher","floor":27,"damage_taken":0},{"event_name":"The Lab","player_choice":"Got Potions","floor":37,"damage_taken":0},{"event_name":"Winding Halls","player_choice":"Embrace Madness","floor":46,"damage_taken":0}],"boss_relics":[{"not_picked":["Question Card","Orrery"],"picked":"Runic Dome"},{"not_picked":["Black Star","Calling Bell"],"picked":"White Beast Statue"}],"potions_floor_spawned":[1,4,14,20,24,35,36,38,39,42,45,47],"seed_played":"-2911551913400828035","killed_by":"Time Eater","is_trial":false}