{"path_per_floor":["M","$","M","?","M","R","?","R","T","M","M","M","M","T","R","B",null,"M","?","$","M","M","E","R","?","T","R","E","$","E","M","R","B",null,"M","M","?","$","?","R","M","?","T","M","R","M","?","M","R","B"],"character_chosen":"THE_SILENT","items_purchased":["Girya","Footwork","Quick Slash","Mind Blast","Lee\u0027s Waffle","Lantern"],"gold_per_floor":[417,8,0,0,19,19,19,19,69,82,99,115,130,154,154,255,255,269,184,81,92,106,141,141,141,194,194,226,29,54,70,70,170,200,217,228,228,3,48,48,63,0,0,16,16,33,33,53,53,53],"floor_reached":51,"campfire_rested":2,"playtime":4745,"current_hp_per_floor":[66,66,63,68,68,68,68,68,68,68,68,68,65,65,65,63,75,64,64,64,61,37,30,52,52,52,52,15,82,66,65,65,38,82,81,70,60,60,52,52,40,40,40,40,40,35,35,35,59,49],"items_purged":["Regret"],"gold":53,"play_id":"4a5cd8f5-1891-4f34-b0c0-ad75e1dde6f1","is_prod":false,"is_daily":false,"campfire_rituals":0,"campfire_upgraded":4,"is_hardmode":false,"path_taken":["M","$","M","?","M","R","?","R","T","M","M","M","M","?","R","BOSS","M","?","$","M","M","E","R","?","T","R","E","$","E","M","R","BOSS","M","M","?","$","?","R","M","?","T","M","R","M","?","M","R","BOSS"],"build_version":"2017-12-21-PROD1","purchased_purges":2,"victory":true,"master_deck":["Defend_G","Defend_G","Defend_G","Defend_G","Defend_G","Strike_G","Strike_G","Strike_G","Strike_G","Strike_G","Survivor","Neutralize","Injury","Quick Slash","Footwork","Quick Slash","Noxious Fumes","Flying Knee","Bullet Time","Flying Knee","Die Die Die","Sucker Punch","Leg Sweep","Backflip","After Image","Quick Slash","Mind Blast","Flying Knee","Dodge and Roll","Terror","Predator","Phantasmal Killer","Tools of the Trade","Writhe","Decay","Dash","Slice","Madness","Madness","Acrobatics","Quick Slash","Flying Knee","Blade Dance","Prepared","Finisher"],"max_hp_per_floor":[70,70,70,75,75,75,75,75,75,75,75,75,75,75,75,75,75,75,75,75,75,75,75,75,75,75,75,75,82,82,82,82,82,82,82,82,82,82,82,82,82,82,82,82,82,82,82,82,82,82],"relics":["Ring of the Snake","Old Coin","Girya","Bag of Marbles","Juzu Bracelet","Ancient Tea Set","Prayer Wheel","Nloth\u0027s Gift","Toxic Egg","Ornamental Fan","Lee\u0027s Waffle","Ice Cream","Calling Bell","Bag of Preparation","Tiny Chest","Pantograph","Lantern","Tingsha","Red Mask","Gambling Chip"],"campfire_meditates":0,"card_choices":[{"not_picked":["Dodge and Roll","Calculated Gamble"],"picked":"Quick Slash"},{"not_picked":["Backstab","Slice"],"picked":"Noxious Fumes"},{"not_picked":["Catalyst","Heel Hook"],"picked":"Flying Knee"},{"not_picked":["Acrobatics","Sucker Punch"],"picked":"Die Die Die"},{"not_picked":["Deadly Poison","Slice"],"picked":"Sucker Punch"},{"not_picked":["Burst","Dagger Spray"],"picked":"Leg Sweep"},{"not_picked":["Masterful Stab","Dodge and Roll"],"picked":"Backflip"},{"not_picked":["Corpse Explosion","Glass Knife"],"picked":"After Image"},{"not_picked":["Noxious Fumes","Skewer"],"picked":"Quick Slash"},{"not_picked":["Quick Slash","PiercingWail"],"picked":"Flying Knee"},{"not_picked":["Deflect","Catalyst"],"picked":"Dodge and Roll"},{"not_picked":["Bane","Calculated Gamble"],"picked":"Terror"},{"not_picked":["Catalyst","Unload"],"picked":"Predator"},{"not_picked":["Poisoned Stab","Deadly Poison"],"picked":"Phantasmal Killer"},{"not_picked":["Unload","A Thousand Cuts"],"picked":"Tools of the Trade"},{"not_picked":["Terror","Flying Knee"],"picked":"Dash"},{"not_picked":["Underhanded Strike","Outmaneuver"],"picked":"Slice"},{"not_picked":["Bouncing Flask","Deadly Poison"],"picked":"Acrobatics"},{"not_picked":["Masterful Stab","Dodge and Roll"],"picked":"Quick Slash"},{"not_picked":["Outmaneuver","Poisoned Stab"],"picked":"Flying Knee"},{"not_picked":["Endless Agony","Noxious Fumes"],"picked":"Blade Dance"},{"not_picked":["Doppelganger","Quick Slash"],"picked":"Prepared"},{"not_picked":["Flying Knee","Quick Slash"],"picked":"Finisher"}],"player_experience":40689,"potions_floor_usage":[11,16,16,33,33,50],"damage_taken":[{"damage":4,"enemies":"Cultist","floor":1,"turns":5},{"damage":3,"enemies":"Looter","floor":3,"turns":4},{"damage":0,"enemies":"Blue Slaver","floor":5,"turns":5},{"damage":0,"enemies":"2 Fungi Beasts","floor":10,"turns":3},{"damage":0,"enemies":"Red Slaver","floor":11,"turns":3},{"damage":0,"enemies":"3 Louse","floor":12,"turns":1},{"damage":3,"enemies":"Exordium Wildlife","floor":13,"turns":3},{"damage":2,"enemies":"The Guardian","floor":16,"turns":9},{"damage":11,"enemies":"Spheric Guardian","floor":18,"turns":4},{"damage":3,"enemies":"Shell Parasite","floor":21,"turns":5},{"damage":24,"enemies":"Snake Plant","floor":22,"turns":4},{"damage":7,"enemies":"Slavers","floor":23,"turns":5},{"damage":37,"enemies":"Gremlin Leader","floor":28,"turns":6},{"damage":16,"enemies":"Book of Stabbing","floor":30,"turns":6},{"damage":1,"enemies":"Centurion and Healer","floor":31,"turns":3},{"damage":27,"enemies":"Collector","floor":33,"turns":7},{"damage":1,"enemies":"Orb Walker","floor":35,"turns":3},{"damage":11,"enemies":"3 Shapes","floor":36,"turns":6},{"damage":8,"enemies":"Mysterious Sphere","floor":39,"turns":5},{"damage":12,"enemies":"Sphere and 2 Shapes","floor":41,"turns":3},{"damage":0,"enemies":"3 Darklings","floor":44,"turns":2},{"damage":5,"enemies":"Maw","floor":46,"turns":6},{"damage":0,"enemies":"Sphere and 2 Shapes","floor":48,"turns":3},{"damage":33,"enemies":"Time Eater","floor":50,"turns":11}],"event_choices":[{"event_name":"Big Fish","player_choice":"Donut","floor":4,"damage_taken":0},{"event_name":"Match and Keep!","player_choice":"2 cards matched","floor":7,"damage_taken":0},{"event_name":"Match and Keep!","player_choice":"2 cards matched","floor":7,"damage_taken":0},{"event_name":"Addict","player_choice":"Obtained Relic","floor":19,"damage_taken":0},{"event_name":"N\u0027loth","player_choice":"Traded a Cursed Key","floor":25,"damage_taken":0},{"event_name":"Winding Halls","player_choice":"Embrace Madness","floor":37,"damage_taken":0},{"event_name":"Mysterious Sphere","player_choice":"Fight","floor":39,"damage_taken":0},{"event_name":"Tomb of Lord Red Mask","player_choice":"Paid","floor":42,"damage_taken":0},{"event_name":"The Moai Head","player_choice":"Ignored","floor":47,"damage_taken":0}],"boss_relics":[{"not_picked":["Lizard Tail","Velvet Choker"],"picked":"Cursed Key"},{"not_picked":["Astrolabe","Tiny House"],"picked":"Calling Bell"}],"potions_floor_spawned":[5,11,13,28,30,33,36,41,44,46],"seed_played":"1076731871362461738","is_trial":false}