{"path_per_floor":["M","$","M","?","M","R","M","M","T","R","M","?","M","?","R","B",null,"M","?","M","?","M"],"character_chosen":"THE_SILENT","items_purchased":[],"gold_per_floor":[109,34,47,47,57,57,71,85,85,85,105,127,147,147,147,244,244,255,255,267,182,196],"floor_reached":23,"campfire_rested":0,"playtime":2819,"current_hp_per_floor":[61,61,61,61,57,57,53,50,50,50,50,50,50,43,43,6,63,63,56,52,52,48],"items_purged":["Strike_G"],"gold":196,"play_id":"c9256ac5-ad16-4bac-8819-765da54a2570","is_prod":false,"is_daily":false,"campfire_rituals":0,"campfire_upgraded":3,"is_hardmode":false,"path_taken":["M","$","M","?","?","R","M","M","T","R","M","?","?","?","R","BOSS","M","?","?","?","M","E"],"build_version":"2017-12-29-BETA1","purchased_purges":1,"victory":false,"master_deck":["Survivor","Neutralize","Poisoned Stab","Flying Knee","Backflip","Blur","Dagger Throw","Acrobatics","Die Die Die","Quick Slash","Expertise","Underhanded Strike","Skewer","Underhanded Strike","Deadly Poison","Dash","Backflip","Die Die Die"],"max_hp_per_floor":[63,63,63,63,63,63,63,63,63,63,63,63,63,63,63,63,63,63,63,63,63,63],"relics":["Ring of the Snake","Gambling Chip","Odd Mushroom","Pandora\u0027s Box","Vajra"],"campfire_meditates":0,"card_choices":[{"not_picked":["Endless Agony","PiercingWail"],"picked":"Poisoned Stab"},{"not_picked":["Quick Slash","Unload"],"picked":"Flying Knee"},{"not_picked":["Deadly Poison","Bouncing Flask"],"picked":"Backflip"},{"not_picked":["Slice","Blade Dance"],"picked":"Blur"},{"not_picked":["Dodge and Roll","Cloak And Dagger"],"picked":"Dagger Throw"},{"not_picked":["Slice","Cloak And Dagger"],"picked":"Acrobatics"},{"not_picked":["Venomology","Burst"],"picked":"Die Die Die"},{"not_picked":["Poisoned Stab","Quick Slash"],"picked":"Dash"},{"not_picked":["Outmaneuver","Slice"],"picked":"Backflip"},{"not_picked":["Bane","Flechettes"],"picked":"Die Die Die"}],"player_experience":246993,"potions_floor_usage":[16,16],"damage_taken":[{"damage":2,"enemies":"Jaw Worm","floor":1,"turns":6},{"damage":0,"enemies":"Small Slimes","floor":3,"turns":3},{"damage":4,"enemies":"Blue Slaver","floor":5,"turns":5},{"damage":4,"enemies":"Exordium Wildlife","floor":7,"turns":9},{"damage":3,"enemies":"2 Fungi Beasts","floor":8,"turns":4},{"damage":0,"enemies":"Red Slaver","floor":11,"turns":4},{"damage":0,"enemies":"The Mushroom Lair","floor":12,"turns":7},{"damage":0,"enemies":"Exordium Thugs","floor":13,"turns":6},{"damage":37,"enemies":"Slime Boss","floor":16,"turns":13},{"damage":0,"enemies":"Spheric Guardian","floor":18,"turns":2},{"damage":4,"enemies":"Shell Parasite","floor":20,"turns":6},{"damage":4,"enemies":"Sentry and Sphere","floor":22,"turns":4},{"damage":50,"enemies":"Book of Stabbing","floor":23,"turns":6}],"event_choices":[{"event_name":"The Cleric","player_choice":"Leave","floor":4,"damage_taken":0},{"event_name":"Mushrooms","player_choice":"Fought Mushrooms","floor":12,"damage_taken":0},{"event_name":"Golden Wing","player_choice":"Card Removal","floor":14,"damage_taken":0},{"event_name":"Knowing Skull","player_choice":"","floor":19,"damage_taken":0},{"event_name":"Addict","player_choice":"Obtained Relic","floor":21,"damage_taken":0}],"boss_relics":[{"not_picked":["Astrolabe","White Beast Statue"],"picked":"Pandora\u0027s Box"}],"potions_floor_spawned":[1,3,11,13],"seed_played":"-5010059031599379636","killed_by":"Book of Stabbing","is_trial":false}