{"path_per_floor":["M","M","$","?","?","E","$","M","T","M","M","E","R","M","R","B",null,"M","$","M","?","M","R"],"character_chosen":"THE_SILENT","items_purchased":["Oddly Smooth Stone"],"gold_per_floor":[118,128,53,53,53,111,11,24,24,43,62,94,94,106,106,204,204,221,64,82,82,97,97],"floor_reached":24,"campfire_rested":2,"playtime":2172,"current_hp_per_floor":[68,68,68,54,70,55,55,55,55,55,47,33,33,33,69,19,70,52,52,51,51,49,70],"items_purged":["Strike_G","Defend_G"],"gold":97,"play_id":"439e1ca1-8fc3-459e-b06f-97fe1bbb65d7","is_prod":false,"is_daily":false,"campfire_rituals":0,"campfire_upgraded":1,"is_hardmode":false,"path_taken":["M","M","$","?","?","E","$","M","T","M","?","E","R","M","R","BOSS","M","$","M","?","M","R","E"],"build_version":"2017-12-29-BETA1","purchased_purges":2,"victory":false,"master_deck":["Defend_G","Defend_G","Defend_G","Defend_G","Strike_G","Strike_G","Strike_G","Strike_G","Survivor","Neutralize","Acrobatics","Flying Knee","Backflip","Slice","Blur","Die Die Die","Quick Slash","Adrenaline","Escape Plan","Flechettes","Leg Sweep"],"max_hp_per_floor":[70,70,70,70,70,70,70,70,70,70,70,70,70,70,70,70,70,70,70,70,70,70,70],"relics":["Runic Pyramid","Tiny Chest","Regal Pillow","Prayer Wheel","Black Star","Oddly Smooth Stone"],"campfire_meditates":0,"card_choices":[{"not_picked":["Malaise","Cloak And Dagger"],"picked":"Acrobatics"},{"not_picked":["Poisoned Stab","Slice"],"picked":"Flying Knee"},{"not_picked":["Concentrate","Calculated Gamble"],"picked":"Backflip"},{"not_picked":["Flechettes","PiercingWail"],"picked":"Slice"},{"not_picked":["Noxious Fumes","Cloak And Dagger"],"picked":"Blur"},{"not_picked":["Acrobatics","Noxious Fumes"],"picked":"Die Die Die"},{"not_picked":["Deadly Poison","Backflip"],"picked":"Quick Slash"},{"not_picked":["Unload","Bullet Time"],"picked":"Adrenaline"},{"not_picked":["Outmaneuver","Expertise"],"picked":"Escape Plan"},{"not_picked":["Flying Knee","Endless Agony"],"picked":"Flechettes"},{"not_picked":["Finisher","Quick Slash"],"picked":"Leg Sweep"}],"player_experience":256085,"potions_floor_usage":[6,6,18,20,22],"damage_taken":[{"damage":2,"enemies":"Blue Slaver","floor":1,"turns":6},{"damage":0,"enemies":"Cultist","floor":2,"turns":4},{"damage":25,"enemies":"Lagavulin","floor":6,"turns":8},{"damage":0,"enemies":"Jaw Worm","floor":8,"turns":3},{"damage":0,"enemies":"2 Fungi Beasts","floor":10,"turns":4},{"damage":8,"enemies":"Red Slaver","floor":11,"turns":4},{"damage":14,"enemies":"3 Sentries","floor":12,"turns":6},{"damage":0,"enemies":"3 Louse","floor":14,"turns":2},{"damage":50,"enemies":"The Guardian","floor":16,"turns":13},{"damage":18,"enemies":"2 Thieves","floor":18,"turns":5},{"damage":1,"enemies":"Chosen","floor":20,"turns":7},{"damage":2,"enemies":"Snake Plant","floor":22,"turns":6},{"damage":73,"enemies":"Book of Stabbing","floor":24,"turns":8}],"event_choices":[{"event_name":"Shining Light","player_choice":"Entered Light","floor":4,"damage_taken":0},{"event_name":"Big Fish","player_choice":"Banana","floor":5,"damage_taken":0},{"event_name":"The Mausoleum","player_choice":"No","floor":21,"damage_taken":0}],"boss_relics":[{"not_picked":["Calling Bell","Astrolabe"],"picked":"Black Star"}],"potions_floor_spawned":[1,2,12,14,18],"seed_played":"8986014062085521517","killed_by":"Book of Stabbing","is_trial":false}