{"path_per_floor":["M","?","M","M","M","E","?","E","T","?","T","R","M","M","R","B",null,"M","?","T","?","?","E","M","R","T","M","M","M","$","M","R","B",null,"M","M","M","?","?","R"],"character_chosen":"THE_SILENT","items_purchased":["Lantern","Block Potion","Block Potion"],"gold_per_floor":[112,112,123,134,147,178,148,175,175,239,239,239,256,268,268,365,365,365,365,365,365,365,365,290,290,290,290,290,290,44,44,44,44,44,44,44,44,44,44,44],"floor_reached":41,"campfire_rested":3,"playtime":5252,"current_hp_per_floor":[69,69,69,69,67,54,54,40,40,9,9,30,30,30,51,10,70,58,49,49,49,33,20,9,23,23,28,25,31,31,36,36,30,49,47,45,12,30,30,30],"items_purged":[],"gold":44,"play_id":"2c189891-9186-4052-8fe8-aa76fde98d4a","is_prod":false,"is_daily":false,"campfire_rituals":0,"campfire_upgraded":2,"is_hardmode":false,"path_taken":["M","?","M","M","M","E","?","E","T","?","?","R","M","M","R","BOSS","M","?","?","?","?","E","M","R","T","M","M","M","$","M","R","BOSS","M","M","M","?","?","R","E"],"build_version":"2017-12-21-PROD1","purchased_purges":0,"victory":false,"master_deck":["Defend_G","Defend_G","Defend_G","Defend_G","Defend_G","Survivor","Neutralize","Flying Knee","Blade Dance","Predator","Footwork","Distraction","Predator","Flying Knee","Sucker Punch","Sucker Punch","Wraith Form","Backflip","Bite_G","Bite_G","Bite_G","Bite_G","Bite_G","Madness","Cloak And Dagger","Crippling Poison","Footwork","Backflip","Infinite Blades","Quick Slash","Dagger Throw","Bullet Time","Sucker Punch","Dash","Writhe"],"max_hp_per_floor":[70,70,70,70,70,70,70,70,70,70,70,70,70,70,70,70,70,70,49,49,49,49,49,49,49,49,49,49,49,49,49,49,49,49,49,49,49,55,55,55],"relics":["Ring of the Snake","Darkstone Periapt","Happy Flower","Juzu Bracelet","Ornamental Fan","Ectoplasm","Nilry\u0027s Codex","Paper Crane","Bag of Preparation","Lantern","Black Star"],"campfire_meditates":0,"card_choices":[{"not_picked":["Bane","Slice"],"picked":"Flying Knee"},{"not_picked":["Sucker Punch","Accuracy"],"picked":"Blade Dance"},{"not_picked":["Burst","Caltrops"],"picked":"Predator"},{"not_picked":["Reflex","Leg Sweep"],"picked":"Footwork"},{"not_picked":["Quick Slash","Slice"],"picked":"Distraction"},{"not_picked":["Accuracy","Eviscerate"],"picked":"Predator"},{"not_picked":["Deflect","Dodge and Roll"],"picked":"Flying Knee"},{"not_picked":["Crippling Poison","Underhanded Strike"],"picked":"Sucker Punch"},{"not_picked":["Dagger Throw","Reflex"],"picked":"Sucker Punch"},{"not_picked":["After Image","Corpse Explosion"],"picked":"Wraith Form"},{"not_picked":["Quick Slash","Acrobatics"],"picked":"Backflip"},{"not_picked":["Skewer","Backflip"],"picked":"Crippling Poison"},{"not_picked":["Slice","Sucker Punch"],"picked":"Footwork"},{"not_picked":["Corpse Explosion","All Out Attack"],"picked":"Backflip"},{"not_picked":["Noxious Fumes","Distraction"],"picked":"Infinite Blades"},{"not_picked":["Distraction","Deadly Poison"],"picked":"Quick Slash"},{"not_picked":["Endless Agony","Deadly Poison"],"picked":"Dagger Throw"},{"not_picked":["Corpse Explosion","Envenom"],"picked":"Bullet Time"},{"not_picked":["Acrobatics","Quick Slash"],"picked":"Sucker Punch"},{"not_picked":["Finisher","Skewer"],"picked":"Dash"}],"player_experience":92412,"potions_floor_usage":[5,6,8,13,16,23,23,24,28,29,31,31,33],"damage_taken":[{"damage":1,"enemies":"Cultist","floor":1,"turns":4},{"damage":0,"enemies":"Jaw Worm","floor":3,"turns":4},{"damage":0,"enemies":"Looter","floor":4,"turns":3},{"damage":2,"enemies":"Exordium Wildlife","floor":5,"turns":2},{"damage":13,"enemies":"Lagavulin","floor":6,"turns":8},{"damage":14,"enemies":"Gremlin Nob","floor":8,"turns":3},{"damage":31,"enemies":"Lagavulin Event","floor":10,"turns":8},{"damage":0,"enemies":"3 Louse","floor":13,"turns":1},{"damage":0,"enemies":"2 Fungi Beasts","floor":14,"turns":3},{"damage":41,"enemies":"Hexaghost","floor":16,"turns":11},{"damage":12,"enemies":"3 Byrds","floor":18,"turns":6},{"damage":21,"enemies":"Book of Stabbing","floor":23,"turns":5},{"damage":11,"enemies":"2 Thieves","floor":24,"turns":4},{"damage":1,"enemies":"Snake Plant","floor":27,"turns":6},{"damage":11,"enemies":"Centurion and Healer","floor":28,"turns":5},{"damage":19,"enemies":"3 Cultists","floor":29,"turns":7},{"damage":5,"enemies":"Chosen and Byrds","floor":31,"turns":6},{"damage":12,"enemies":"Automaton","floor":33,"turns":11},{"damage":8,"enemies":"Orb Walker","floor":35,"turns":4},{"damage":12,"enemies":"3 Darklings","floor":36,"turns":6},{"damage":44,"enemies":"Maw","floor":37,"turns":10},{"damage":41,"enemies":"Giant Head","floor":41,"turns":9}],"event_choices":[{"event_name":"The Cleric","player_choice":"Leave","floor":2,"damage_taken":0},{"event_name":"World of Goop","player_choice":"Left","floor":7,"damage_taken":0},{"event_name":"Dead Adventurer","player_choice":"Searched \u00272\u0027 times","floor":10,"damage_taken":0},{"event_name":"Vampires","player_choice":"Became a vampire","floor":19,"damage_taken":0},{"event_name":"Match and Keep!","player_choice":"2 cards matched","floor":21,"damage_taken":0},{"event_name":"Cursed Tome","player_choice":"Obtained Book","floor":22,"damage_taken":0},{"event_name":"Winding Halls","player_choice":"Writhe","floor":38,"damage_taken":0},{"event_name":"Golden Shrine","player_choice":"Skipped","floor":39,"damage_taken":0}],"boss_relics":[{"not_picked":["Runic Pyramid","Orrery"],"picked":"Ectoplasm"},{"not_picked":["Snecko Eye","Sozu"],"picked":"Black Star"}],"potions_floor_spawned":[3,5,6,10,14,16,23,27,28,31,33,35,36],"seed_played":"8148050769893284788","killed_by":"Giant Head","is_trial":false}