{"path_per_floor":["M","?","$","M","?","R","M","R","T","?","E","R","M","$","R","B",null,"M","?","$","?","T","E","?","E","T","M","$","M","R","?","R","B",null,"M","?","?","M","M","M","E","M","T","R","E","R","M","$","R","B"],"character_chosen":"THE_SILENT","items_purchased":["Apotheosis","Kunai"],"gold_per_floor":[113,213,138,148,148,148,163,163,163,163,198,198,214,21,21,119,119,135,135,35,35,113,145,145,173,199,219,94,112,112,112,112,214,214,230,230,230,246,257,275,301,316,370,370,401,401,412,23,23,23],"floor_reached":51,"campfire_rested":4,"playtime":7296,"current_hp_per_floor":[31,31,31,27,27,27,27,27,27,27,4,4,4,4,25,9,70,70,70,70,70,70,69,69,70,70,70,70,70,70,61,61,50,75,72,72,62,40,37,26,2,1,1,23,17,39,39,39,61,10],"items_purged":["Strike_G","Strike_G","Defend_G","Defend_G"],"gold":23,"play_id":"1f95f16a-e720-4787-b956-a1df449499dd","is_prod":false,"is_daily":false,"campfire_rituals":0,"campfire_upgraded":5,"is_hardmode":false,"path_taken":["M","?","$","M","?","R","M","R","T","?","E","R","?","$","R","BOSS","M","?","$","?","?","E","?","E","T","M","$","M","R","?","R","BOSS","M","?","?","M","M","M","E","M","T","R","E","R","M","$","R","BOSS"],"build_version":"2017-12-21-PROD1","purchased_purges":4,"victory":true,"master_deck":["Defend_G","Defend_G","Defend_G","Strike_G","Strike_G","Strike_G","Survivor","Neutralize","Storm of Steel","Heel Hook","Cloak And Dagger","Deflect","Prepared","Infinite Blades","Apotheosis","Adrenaline","Dash","Backflip","Infinite Blades","Blade Dance","Tools of the Trade","Cloak And Dagger","Underhanded Strike","Calculated Gamble","Tactician","Madness","Madness","Blade Dance","Dagger Throw","Acrobatics","Blur","Blur","Caltrops","Acrobatics"],"max_hp_per_floor":[70,70,70,70,70,70,70,70,70,70,70,70,70,70,70,70,70,70,70,70,70,70,70,70,70,70,70,70,70,70,75,75,75,75,75,75,75,75,75,75,75,75,75,75,75,75,75,75,75,75],"relics":["Ring of the Snake","Mummified Hand","Bottled Flame","Orrery","Tough Bandages","Toxic Egg","Ice Cream","Ancient Tea Set","Question Card","Toolbox","Bronze Scales","Art of War","Kunai"],"campfire_meditates":0,"card_choices":[{"not_picked":["After Image","Bullet Time"],"picked":"Storm of Steel"},{"not_picked":["Outmaneuver","Skewer"],"picked":"Quick Slash"},{"not_picked":["Slice","Calculated Gamble"],"picked":"Heel Hook"},{"not_picked":["Dagger Spray","Flying Knee"],"picked":"Deflect"},{"not_picked":["Masterful Stab","Outmaneuver"],"picked":"Prepared"},{"not_picked":["Setup","Wraith Form"],"picked":"Infinite Blades"},{"not_picked":["Wraith Form","Doppelganger"],"picked":"Adrenaline"},{"not_picked":["Catalyst","PiercingWail"],"picked":"Setup"},{"not_picked":["Acrobatics","Dagger Spray"],"picked":"Dash"},{"not_picked":["Outmaneuver","Dash"],"picked":"Backflip"},{"not_picked":["Noxious Fumes","Masterful Stab"],"picked":"Infinite Blades"},{"not_picked":["Bane","Dash"],"picked":"Blade Dance"},{"not_picked":["Distraction","Slice"],"picked":"Cloak And Dagger"},{"not_picked":["Sucker Punch","Footwork"],"picked":"Underhanded Strike"},{"not_picked":["Deadly Poison","Well Laid Plans"],"picked":"Calculated Gamble"},{"not_picked":["Grand Finale","Burst"],"picked":"Tactician"},{"not_picked":["Deflect","PiercingWail","Flying Knee"],"picked":"Blade Dance"},{"not_picked":["Underhanded Strike","Well Laid Plans","Calculated Gamble"],"picked":"Dagger Throw"},{"not_picked":["Prepared","PiercingWail","Dodge and Roll"],"picked":"Acrobatics"},{"not_picked":["Choke","Corpse Explosion","Dash"],"picked":"Blur"},{"not_picked":["Flying Knee","Cloak And Dagger","Dagger Throw"],"picked":"Blur"},{"not_picked":["Blur","Underhanded Strike","PiercingWail"],"picked":"Caltrops"},{"not_picked":["Catalyst","Choke","Cloak And Dagger"],"picked":"Acrobatics"}],"player_experience":117531,"potions_floor_usage":[11,16,23,25,25,33,39,45,45,50],"damage_taken":[{"damage":4,"enemies":"Blue Slaver","floor":1,"turns":5},{"damage":4,"enemies":"Looter","floor":4,"turns":5},{"damage":0,"enemies":"Jaw Worm","floor":7,"turns":3},{"damage":23,"enemies":"Lagavulin","floor":11,"turns":6},{"damage":0,"enemies":"3 Louse","floor":13,"turns":3},{"damage":16,"enemies":"The Guardian","floor":16,"turns":10},{"damage":0,"enemies":"Chosen","floor":18,"turns":6},{"damage":1,"enemies":"Gremlin Leader","floor":23,"turns":12},{"damage":2,"enemies":"Slavers","floor":25,"turns":7},{"damage":0,"enemies":"3 Byrds","floor":27,"turns":4},{"damage":0,"enemies":"Snecko","floor":29,"turns":6},{"damage":11,"enemies":"Automaton","floor":33,"turns":13},{"damage":3,"enemies":"Orb Walker","floor":35,"turns":4},{"damage":22,"enemies":"3 Shapes","floor":38,"turns":7},{"damage":3,"enemies":"Maw","floor":39,"turns":10},{"damage":11,"enemies":"Sphere and 2 Shapes","floor":40,"turns":7},{"damage":24,"enemies":"Giant Head","floor":41,"turns":10},{"damage":1,"enemies":"4 Shapes","floor":42,"turns":7},{"damage":21,"enemies":"Nemesis","floor":45,"turns":10},{"damage":0,"enemies":"Maw","floor":47,"turns":8},{"damage":51,"enemies":"Time Eater","floor":50,"turns":16}],"event_choices":[{"event_name":"Golden Shrine","player_choice":"Pray","floor":2,"damage_taken":0},{"event_name":"Match and Keep!","player_choice":"1 cards matched","floor":5,"damage_taken":0},{"event_name":"Liars Game","player_choice":"disagreed","floor":10,"damage_taken":0},{"event_name":"Bonfire Elementals","player_choice":"SKILL","floor":19,"damage_taken":0},{"event_name":"The Library","player_choice":"Read","floor":21,"damage_taken":0},{"event_name":"The Lab","player_choice":"Got Potions","floor":24,"damage_taken":0},{"event_name":"Forgotten Altar","player_choice":"Shed Blood","floor":31,"damage_taken":0},{"event_name":"Winding Halls","player_choice":"Embrace Madness","floor":37,"damage_taken":0}],"boss_relics":[{"not_picked":["Calling Bell","The Specimen"],"picked":"Orrery"},{"not_picked":["Runic Pyramid","Lizard Tail"],"picked":"Question Card"}],"potions_floor_spawned":[4,11,13,16,23,27,29,39,40,42,47],"seed_played":"6943476462226943004","is_trial":false}