{"path_per_floor":["M","M","?","M","?","E","R","E","T","R","?","M","R","T","R","B",null,"M","M","$","?","M"],"character_chosen":"THE_SILENT","items_purchased":["Deadly Poison","Flying Knee"],"gold_per_floor":[114,133,133,103,103,136,136,168,217,217,217,228,228,228,228,323,323,342,360,263,263,283],"floor_reached":23,"campfire_rested":1,"playtime":2493,"current_hp_per_floor":[69,67,72,72,72,46,46,16,16,16,16,31,31,31,53,38,75,57,57,57,57,53],"items_purged":[],"gold":283,"play_id":"99db7db5-0b82-4e0d-8adb-8d695917af53","is_prod":false,"is_daily":false,"campfire_rituals":0,"campfire_upgraded":1,"is_hardmode":false,"path_taken":["M","M","?","M","?","E","R","E","T","R","?","M","R","?","R","BOSS","M","M","$","?","M","E"],"build_version":"2017-12-21-PROD1","purchased_purges":0,"victory":false,"master_deck":["Defend_G","Defend_G","Defend_G","Defend_G","Defend_G","Strike_G","Strike_G","Survivor","Neutralize","Tools of the Trade","Deadly Poison","Leg Sweep","Escape Plan","Deflect","Poisoned Stab","Bane","Burst","Slice","A Thousand Cuts","Dagger Spray","Cloak And Dagger","Poisoned Stab","Deadly Poison","Flying Knee","Dodge and Roll"],"max_hp_per_floor":[70,70,75,75,75,75,75,75,75,75,75,75,75,75,75,75,75,75,75,75,75,75],"relics":["Ring of the Snake","Dodecahedron","Shovel","Happy Flower","Matryoshka","Pen Nib","Prayer Wheel","Calipers","Astrolabe"],"campfire_meditates":0,"card_choices":[{"not_picked":["Outmaneuver","Poisoned Stab"],"picked":"Deadly Poison"},{"not_picked":["Poisoned Stab","Dodge and Roll"],"picked":"Leg Sweep"},{"not_picked":["Poisoned Stab","Slice"],"picked":"Escape Plan"},{"not_picked":["Dodge and Roll","Poisoned Stab"],"picked":"Deflect"},{"not_picked":["Blade Dance","Distraction"],"picked":"Poisoned Stab"},{"not_picked":["Prepared","Doppelganger"],"picked":"Bane"},{"not_picked":["Tools of the Trade","Envenom"],"picked":"Burst"},{"not_picked":["Slice","Bane"],"picked":"Cloak And Dagger"},{"not_picked":["PiercingWail","Cloak And Dagger"],"picked":"Poisoned Stab"},{"not_picked":["Dagger Spray","Outmaneuver"],"picked":"Dodge and Roll"}],"player_experience":76623,"potions_floor_usage":[8,12,16,19,22],"damage_taken":[{"damage":1,"enemies":"Cultist","floor":1,"turns":5},{"damage":2,"enemies":"Jaw Worm","floor":2,"turns":5},{"damage":0,"enemies":"Looter","floor":4,"turns":4},{"damage":26,"enemies":"Gremlin Nob","floor":6,"turns":6},{"damage":30,"enemies":"Lagavulin","floor":8,"turns":12},{"damage":0,"enemies":"3 Louse","floor":12,"turns":6},{"damage":15,"enemies":"Hexaghost","floor":16,"turns":10},{"damage":18,"enemies":"2 Thieves","floor":18,"turns":3},{"damage":0,"enemies":"Chosen","floor":19,"turns":3},{"damage":4,"enemies":"Snecko","floor":22,"turns":5},{"damage":59,"enemies":"Gremlin Leader","floor":23,"turns":7}],"event_choices":[{"event_name":"Big Fish","player_choice":"Donut","floor":3,"damage_taken":0},{"event_name":"Living Wall","player_choice":"Grow","floor":5,"damage_taken":0},{"event_name":"Golden Idol","player_choice":"Ignored","floor":11,"damage_taken":0},{"event_name":"Vampires","player_choice":"Ignored","floor":21,"damage_taken":0}],"boss_relics":[{"not_picked":["Runic Dome","The Specimen"],"picked":"Astrolabe"}],"potions_floor_spawned":[2,8,12,18,19],"seed_played":"-3510820322286551159","killed_by":"Gremlin Leader","is_trial":false}