{"path_per_floor":["M","$","T","M","M","R","E","$","T","$","M","R","M","M","R","B",null,"M","M","$","?"],"character_chosen":"THE_SILENT","items_purchased":["Sucker Punch","Catalyst","Crippling Poison","Footwork"],"gold_per_floor":[110,87,87,57,73,73,105,70,70,36,56,56,75,85,85,180,180,163,174,53,53],"floor_reached":22,"campfire_rested":1,"playtime":2886,"current_hp_per_floor":[67,67,67,67,67,67,54,54,54,54,54,54,34,31,52,34,70,64,54,54,54],"items_purged":["Strike_G"],"gold":53,"play_id":"ff00078b-5e6c-4094-bd6e-e8b32120a1ba","is_prod":false,"is_daily":false,"campfire_rituals":0,"campfire_upgraded":2,"is_hardmode":false,"path_taken":["M","?","?","?","M","R","E","$","T","$","M","R","?","M","R","BOSS","M","M","$","?","M"],"build_version":"2017-12-21-PROD1","purchased_purges":2,"victory":false,"master_deck":["Defend_G","Defend_G","Defend_G","Defend_G","Defend_G","Strike_G","Strike_G","Strike_G","Strike_G","Survivor","Neutralize","PiercingWail","Sucker Punch","Bouncing Flask","Sucker Punch","Bouncing Flask","Catalyst","Crippling Poison","Backflip","Adrenaline","Poisoned Stab","Envenom","Catalyst","Backflip","Footwork","Doubt"],"max_hp_per_floor":[70,70,70,70,70,70,70,70,70,70,70,70,70,70,70,70,70,70,70,70,70],"relics":["Ring of the Snake","Frozen Eye","Smiling Mask","Vajra","Sozu"],"campfire_meditates":0,"card_choices":[{"not_picked":["Dagger Throw","Glass Knife"],"picked":"PiercingWail"},{"not_picked":["Flying Knee","Sucker Punch"],"picked":"Bouncing Flask"},{"not_picked":["Dagger Spray","Prepared"],"picked":"Sucker Punch"},{"not_picked":["All Out Attack","Backstab"],"picked":"Bouncing Flask"},{"not_picked":["Acrobatics","Riddle With Holes"],"picked":"Backflip"},{"not_picked":["Dodge and Roll","PiercingWail"],"picked":"Adrenaline"},{"not_picked":["PiercingWail","Riddle With Holes"],"picked":"Poisoned Stab"},{"not_picked":["Phantasmal Killer","After Image"],"picked":"Envenom"},{"not_picked":["Escape Plan","Deflect"],"picked":"Catalyst"},{"not_picked":["Quick Slash","Terror"],"picked":"Backflip"}],"player_experience":30988,"potions_floor_usage":[16],"damage_taken":[{"damage":3,"enemies":"Blue Slaver","floor":1,"turns":5},{"damage":0,"enemies":"Looter","floor":4,"turns":4},{"damage":0,"enemies":"Cultist","floor":5,"turns":3},{"damage":13,"enemies":"Lagavulin","floor":7,"turns":5},{"damage":0,"enemies":"Exordium Wildlife","floor":11,"turns":3},{"damage":20,"enemies":"Exordium Thugs","floor":13,"turns":6},{"damage":3,"enemies":"3 Louse","floor":14,"turns":3},{"damage":18,"enemies":"The Guardian","floor":16,"turns":7},{"damage":6,"enemies":"2 Thieves","floor":18,"turns":4},{"damage":10,"enemies":"Spheric Guardian","floor":19,"turns":4},{"damage":57,"enemies":"3 Cultists","floor":22,"turns":6}],"event_choices":[{"event_name":"Match and Keep!","player_choice":"1 cards matched","floor":21,"damage_taken":0},{"event_name":"Match and Keep!","player_choice":"1 cards matched","floor":21,"damage_taken":0}],"boss_relics":[{"not_picked":["Tiny House","Runic Dome"],"picked":"Sozu"}],"potions_floor_spawned":[5,13,16,18],"seed_played":"796643933002606617","killed_by":"3 Cultists","is_trial":false}