{"path_per_floor":["M","?","M","$","M","E","M","R","T","?","R","E","M","M","R","B",null,"M","?","?","?","$","E","R","T","T","E","R","M","$","M","R"],"character_chosen":"THE_SILENT","items_purchased":["Terror","Lantern"],"gold_per_floor":[112,112,130,49,66,101,117,117,117,147,147,173,186,196,196,297,297,312,338,263,263,188,219,219,242,542,570,570,589,333,343,343],"floor_reached":33,"campfire_rested":0,"playtime":2383,"current_hp_per_floor":[70,74,74,74,72,46,46,46,46,46,46,42,27,24,24,23,77,66,58,58,58,58,41,41,41,41,21,35,35,35,23,23],"items_purged":["Strike_G","Strike_G"],"gold":343,"play_id":"882de75e-244c-4f94-8a90-d8a6b8716866","is_prod":false,"is_daily":false,"campfire_rituals":0,"campfire_upgraded":3,"is_hardmode":false,"path_taken":["M","?","M","$","M","E","M","R","T","?","R","E","M","M","R","BOSS","M","?","?","?","$","E","R","?","T","E","R","M","$","M","R","BOSS"],"build_version":"2018-01-01-BETA1","purchased_purges":2,"victory":false,"master_deck":["Defend_G","Defend_G","Defend_G","Defend_G","Defend_G","Strike_G","Strike_G","Survivor","Neutralize","Dagger Throw","Heel Hook","Terror","Masterful Stab","Heel Hook","Prepared","Underhanded Strike","Burst","Quick Slash","Reflex","Prepared","Dagger Throw"],"max_hp_per_floor":[70,77,77,77,77,77,77,77,77,77,77,77,77,77,77,77,77,77,77,77,77,77,77,77,77,77,77,91,91,91,91,91],"relics":["Runic Dome","Strawberry","Kunai","Sundial","Shovel","Letter Opener","Question Card","Red Mask","Dodecahedron","Centennial Puzzle","Bag of Preparation","Old Coin","Ornamental Fan","Mango","Lantern","Regal Pillow"],"campfire_meditates":0,"card_choices":[{"not_picked":["Sucker Punch","Bane"],"picked":"Dagger Throw"},{"not_picked":["Backstab","Outmaneuver"],"picked":"Heel Hook"},{"not_picked":["Bullet Time","Backflip"],"picked":"Masterful Stab"},{"not_picked":["Cloak And Dagger","Quick Slash"],"picked":"Heel Hook"},{"not_picked":["Acrobatics","Deadly Poison"],"picked":"Prepared"},{"not_picked":["Bane","Slice"],"picked":"Underhanded Strike"},{"not_picked":["Corpse Explosion","Bullet Time"],"picked":"Burst"},{"not_picked":["Underhanded Strike","Bane","PiercingWail"],"picked":"Quick Slash"},{"not_picked":["Endless Agony","Dodge and Roll","Blur"],"picked":"Reflex"},{"not_picked":["Bullet Time","Deflect","Deadly Poison"],"picked":"Prepared"},{"not_picked":["Poisoned Stab","Deadly Poison","Bouncing Flask"],"picked":"Dagger Throw"}],"player_experience":269503,"potions_floor_usage":[19,27,33,33,33],"damage_taken":[{"damage":0.0,"enemies":"Jaw Worm","floor":1.0,"turns":4.0},{"damage":0.0,"enemies":"Small Slimes","floor":3.0,"turns":4.0},{"damage":2.0,"enemies":"Blue Slaver","floor":5.0,"turns":3.0},{"damage":26.0,"enemies":"Lagavulin","floor":6.0,"turns":5.0},{"damage":0.0,"enemies":"2 Fungi Beasts","floor":7.0,"turns":3.0},{"damage":4.0,"enemies":"Gremlin Nob","floor":12.0,"turns":4.0},{"damage":15.0,"enemies":"Exordium Thugs","floor":13.0,"turns":3.0},{"damage":3.0,"enemies":"Exordium Wildlife","floor":14.0,"turns":4.0},{"damage":1,"enemies":"Slime Boss","floor":16,"turns":12},{"damage":11,"enemies":"Spheric Guardian","floor":18,"turns":4},{"damage":8,"enemies":"Masked Bandits","floor":19,"turns":6},{"damage":17,"enemies":"Slavers","floor":23,"turns":8},{"damage":20,"enemies":"Gremlin Leader","floor":27,"turns":7},{"damage":0,"enemies":"3 Byrds","floor":29,"turns":4},{"damage":12,"enemies":"Sentry and Sphere","floor":31,"turns":4},{"damage":25,"enemies":"Automaton","floor":33,"turns":6}],"event_choices":[{"event_name":"Scrap Ooze","player_choice":"success","floor":2.0,"damage_taken":3.0},{"event_name":"Dead Adventurer","player_choice":"Searched \u00272\u0027 times","floor":10.0,"damage_taken":0.0},{"event_name":"Masked Bandits","player_choice":"Fought over 312 gold","floor":19,"damage_taken":0},{"event_name":"Beggar","player_choice":"Gave Gold","floor":20,"damage_taken":0},{"event_name":"Drug Dealer","player_choice":"Ignored","floor":21,"damage_taken":0}],"boss_relics":[{"not_picked":["Tiny House","Runic Pyramid"],"picked":"Question Card"}],"potions_floor_spawned":[12,13,14,16,23,29,31],"seed_played":"336584020124090571","killed_by":"Automaton","is_trial":false}