{"path_per_floor":["M","?","T","M","M","R","M","M","T","M","R","M","$","M","R","B",null,"M","M","?","$","?","R","M","R","T","?","R","$","R","M","R","B",null,"M","?","?","?","M","R","$","R","T","R","M","?","M","M","R","B"],"character_chosen":"THE_SILENT","items_purchased":["Backflip","Anchor"],"gold_per_floor":[19,19,19,34,51,51,64,84,84,100,100,119,42,59,59,157,157,167,180,180,130,130,130,144,144,144,174,174,124,124,144,144,242,242,256,256,256,306,326,326,133,133,133,133,146,146,156,170,170,170],"floor_reached":51,"campfire_rested":3,"playtime":4092,"current_hp_per_floor":[70,70,70,66,66,66,57,57,57,52,52,52,52,52,52,15,70,70,48,32,32,32,53,53,53,53,53,53,53,53,44,65,20,70,70,70,60,57,57,57,57,57,57,57,57,57,57,57,70,66],"items_purged":["Strike_G","Strike_G","Defend_G","Strike_G"],"gold":170,"play_id":"2181e7dd-b076-4f52-add6-f74b965e7b38","is_prod":false,"is_daily":false,"campfire_rituals":0,"campfire_upgraded":6,"is_hardmode":false,"path_taken":["M","?","?","M","M","R","M","M","T","M","R","?","$","M","R","BOSS","M","M","?","$","?","R","M","R","T","?","R","$","R","M","R","BOSS","M","?","?","?","M","R","$","R","T","R","M","?","?","?","R","BOSS"],"build_version":"2017-12-29-BETA1","purchased_purges":4,"victory":true,"master_deck":["Defend_G","Defend_G","Survivor","Neutralize","Backflip","Heel Hook","Die Die Die","Dagger Spray","Flying Knee","Backflip","Blur","Die Die Die","Caltrops","Necronomicurse","Dodge and Roll","Riddle With Holes","Adrenaline","Predator","Madness","Madness","Outmaneuver","Footwork","Crippling Poison"],"max_hp_per_floor":[70,70,70,70,70,70,70,70,70,70,70,70,70,70,70,70,70,70,70,70,70,70,70,70,70,70,70,70,70,70,70,70,70,70,70,70,70,70,70,70,70,70,70,70,70,70,70,70,70,70],"relics":["Ring of the Snake","Du-Vu Doll","Smiling Mask","Runic Dome","Necronomicon","Paper Crane","Ornamental Fan","Red Mask","Philosopher\u0027s Stone","Girya","Anchor","Thread and Needle"],"campfire_meditates":0,"card_choices":[{"not_picked":["Blade Dance","Bane"],"picked":"Backflip"},{"not_picked":["Backflip","Outmaneuver"],"picked":"Heel Hook"},{"not_picked":["Deflect","Prepared"],"picked":"Die Die Die"},{"not_picked":["Expertise","Choke"],"picked":"Dagger Spray"},{"not_picked":["Deflect","Prepared"],"picked":"Flying Knee"},{"not_picked":["Prepared","Noxious Fumes"],"picked":"Blur"},{"not_picked":["Corpse Explosion","Phantasmal Killer"],"picked":"Die Die Die"},{"not_picked":["Calculated Gamble","Eviscerate"],"picked":"Caltrops"},{"not_picked":["Distraction","Endless Agony"],"picked":"Dodge and Roll"},{"not_picked":["Quick Slash","PiercingWail"],"picked":"Riddle With Holes"},{"not_picked":["Envenom","Unload"],"picked":"Adrenaline"},{"not_picked":["Bane","Slice"],"picked":"Predator"},{"not_picked":["Heel Hook","Dagger Spray"],"picked":"Outmaneuver"},{"not_picked":["Dodge and Roll","Prepared"],"picked":"Footwork"},{"not_picked":["Dagger Throw","Bane"],"picked":"Crippling Poison"}],"player_experience":217557,"potions_floor_usage":[7,7,16,33,33],"damage_taken":[{"damage":0,"enemies":"Jaw Worm","floor":1,"turns":5},{"damage":4,"enemies":"Blue Slaver","floor":4,"turns":5},{"damage":0,"enemies":"Small Slimes","floor":5,"turns":3},{"damage":9,"enemies":"Exordium Thugs","floor":7,"turns":6},{"damage":0,"enemies":"Red Slaver","floor":8,"turns":3},{"damage":5,"enemies":"Large Slime","floor":10,"turns":7},{"damage":0,"enemies":"2 Fungi Beasts","floor":12,"turns":2},{"damage":0,"enemies":"Exordium Thugs","floor":14,"turns":3},{"damage":37,"enemies":"Slime Boss","floor":16,"turns":19},{"damage":0,"enemies":"Shell Parasite","floor":18,"turns":5},{"damage":22,"enemies":"Chosen","floor":19,"turns":7},{"damage":0,"enemies":"Snecko","floor":24,"turns":4},{"damage":0,"enemies":"Masked Bandits","floor":27,"turns":2},{"damage":9,"enemies":"Sentry and Sphere","floor":31,"turns":4},{"damage":57,"enemies":"Champ","floor":33,"turns":14},{"damage":0,"enemies":"3 Darklings","floor":35,"turns":4},{"damage":3,"enemies":"Mysterious Sphere","floor":38,"turns":4},{"damage":0,"enemies":"Orb Walker","floor":39,"turns":2},{"damage":0,"enemies":"Spire Growth","floor":45,"turns":3},{"damage":0,"enemies":"Flame Bruiser 2 Orb","floor":47,"turns":2},{"damage":0,"enemies":"Maw","floor":48,"turns":5},{"damage":4,"enemies":"Awakened One","floor":50,"turns":8}],"event_choices":[{"event_name":"Bonfire Elementals","player_choice":"SKILL","floor":2,"damage_taken":0},{"event_name":"Cursed Tome","player_choice":"Obtained Book","floor":20,"damage_taken":0},{"event_name":"Wheel of Change","player_choice":"Relic","floor":22,"damage_taken":0},{"event_name":"Masked Bandits","player_choice":"Fought over 144 gold","floor":27,"damage_taken":0},{"event_name":"Tomb of Lord Red Mask","player_choice":"Ignored","floor":36,"damage_taken":0},{"event_name":"Winding Halls","player_choice":"Embrace Madness","floor":37,"damage_taken":0},{"event_name":"Mysterious Sphere","player_choice":"Fight","floor":38,"damage_taken":0}],"boss_relics":[{"not_picked":["Sozu","Cursed Key"],"picked":"Runic Dome"},{"not_picked":["Astrolabe","Calling Bell"],"picked":"Philosopher\u0027s Stone"}],"potions_floor_spawned":[1,5,8,12,16,18,19,33,39,45,48],"seed_played":"4587798500313269675","is_trial":false}