{"path_per_floor":["M","M","$","M","M","R","E","R","T","M","R","M","M","E","R","B",null,"M","?","$","?","T","E","M","R","T","E","M","$","M","$","R","B",null,"M","?","$","?","M","R","?","E","T","$","R","M","E","M","R"],"character_chosen":"THE_SILENT","items_purchased":["Cloak And Dagger","Tough Bandages","Toxic Egg","Dagger Throw"],"gold_per_floor":[114,132,31,43,62,62,93,93,173,193,193,209,228,253,253,352,352,371,371,33,33,56,89,71,71,94,127,137,12,30,30,30,129,129,148,148,4,104,116,116,163,193,219,42,42,59,84,100,100],"floor_reached":50,"campfire_rested":0,"playtime":6307,"current_hp_per_floor":[68,62,62,62,62,62,47,47,47,47,47,47,47,47,47,27,70,68,59,59,59,59,43,43,43,43,48,50,50,51,51,51,36,82,82,82,82,82,82,82,82,66,66,66,66,68,56,51,51],"items_purged":["Defend_G","Defend_G","Defend_G","Strike_G"],"gold":100,"play_id":"70c1616d-50da-4e7e-9a4a-88e9a4daed59","is_prod":false,"is_daily":false,"campfire_rituals":0,"campfire_upgraded":7,"is_hardmode":false,"path_taken":["M","?","$","M","?","R","E","R","T","?","R","M","M","E","R","BOSS","M","?","$","?","?","E","M","R","T","E","?","$","M","?","R","BOSS","M","?","$","?","M","R","?","E","T","$","R","M","E","M","R","BOSS"],"build_version":"2017-12-21-PROD1","purchased_purges":5,"victory":false,"master_deck":["Defend_G","Strike_G","Strike_G","Strike_G","Survivor","Neutralize","Bouncing Flask","Leg Sweep","Footwork","Cloak And Dagger","Quick Slash","Backflip","Adrenaline","Escape Plan","Backflip","Tactician","Accuracy","Flying Knee","Heel Hook","Heel Hook","Adrenaline","Cloak And Dagger","Cloak And Dagger","Acrobatics","Dagger Throw","Prepared","Dash","Escape Plan"],"max_hp_per_floor":[70,70,70,70,70,70,70,70,70,70,70,70,70,70,70,70,70,70,75,75,75,75,75,75,75,75,82,82,82,82,82,82,82,82,82,82,82,82,82,82,82,82,82,82,82,82,82,82,82],"relics":["Ring of the Snake","Ancient Tea Set","Matryoshka","Ninja Scroll","Black Star","Tough Bandages","Blood Vial","Bronze Scales","Meat on the Bone","Dodecahedron","Kunai","Art of War","Whetstone","Strawberry","Question Card","Toxic Egg","Shovel","Mummified Hand","Centennial Puzzle","Anchor","Ice Cream","War Paint","Pen Nib","Bag of Preparation"],"campfire_meditates":0,"card_choices":[{"not_picked":["Quick Slash","After Image"],"picked":"Leg Sweep"},{"not_picked":["Dagger Throw","Eviscerate"],"picked":"Footwork"},{"not_picked":["Crippling Poison","Bane"],"picked":"Quick Slash"},{"not_picked":["Backstab","Skewer"],"picked":"Backflip"},{"not_picked":["Endless Agony","Bouncing Flask"],"picked":"Adrenaline"},{"not_picked":["Finisher","Slice"],"picked":"Escape Plan"},{"not_picked":["Underhanded Strike","Quick Slash"],"picked":"Backflip"},{"not_picked":["Corpse Explosion","Burst"],"picked":"Tactician"},{"not_picked":["Poisoned Stab","Eviscerate"],"picked":"Accuracy"},{"not_picked":["Glass Knife","Quick Slash"],"picked":"Heel Hook"},{"not_picked":["Deadly Poison","Outmaneuver"],"picked":"Heel Hook"},{"not_picked":["PiercingWail","Quick Slash"],"picked":"Adrenaline"},{"not_picked":["Dash","Backstab","Masterful Stab"],"picked":"Cloak And Dagger"},{"not_picked":["Outmaneuver","Bane","Eviscerate"],"picked":"Cloak And Dagger"},{"not_picked":["Poisoned Stab","Deadly Poison","Slice"],"picked":"Acrobatics"},{"not_picked":["Backflip","Noxious Fumes","Eviscerate"],"picked":"Prepared"},{"not_picked":["Predator","Deadly Poison","Quick Slash"],"picked":"Dash"},{"not_picked":["Sucker Punch","Terror","Prepared"],"picked":"Escape Plan"}],"player_experience":108052,"potions_floor_usage":[14,16,23,24,33,33,42,47,47,50],"damage_taken":[{"damage":2,"enemies":"Blue Slaver","floor":1,"turns":4},{"damage":6,"enemies":"Looter","floor":2,"turns":4},{"damage":0,"enemies":"Jaw Worm","floor":4,"turns":5},{"damage":0,"enemies":"3 Louse","floor":5,"turns":4},{"damage":15,"enemies":"Gremlin Nob","floor":7,"turns":4},{"damage":0,"enemies":"Exordium Wildlife","floor":10,"turns":7},{"damage":0,"enemies":"2 Fungi Beasts","floor":12,"turns":3},{"damage":0,"enemies":"Lots of Slimes","floor":13,"turns":4},{"damage":0,"enemies":"3 Sentries","floor":14,"turns":5},{"damage":20,"enemies":"The Guardian","floor":16,"turns":8},{"damage":2,"enemies":"Spheric Guardian","floor":18,"turns":8},{"damage":30,"enemies":"Gremlin Leader","floor":23,"turns":9},{"damage":2,"enemies":"2 Thieves","floor":24,"turns":4},{"damage":4,"enemies":"Book of Stabbing","floor":27,"turns":5},{"damage":0,"enemies":"Snake Plant","floor":28,"turns":5},{"damage":1,"enemies":"Sentry and Sphere","floor":30,"turns":7},{"damage":29,"enemies":"Automaton","floor":33,"turns":14},{"damage":0,"enemies":"3 Darklings","floor":35,"turns":5},{"damage":0,"enemies":"Orb Walker","floor":39,"turns":2},{"damage":0,"enemies":"Mysterious Sphere","floor":41,"turns":4},{"damage":16,"enemies":"Nemesis","floor":42,"turns":10},{"damage":0,"enemies":"3 Darklings","floor":46,"turns":3},{"damage":14,"enemies":"2 Orb Walkers","floor":47,"turns":7},{"damage":7,"enemies":"Sphere and 2 Shapes","floor":48,"turns":4},{"damage":54,"enemies":"Time Eater","floor":50,"turns":11}],"event_choices":[{"event_name":"Forgotten Altar","player_choice":"Shed Blood","floor":19,"damage_taken":0},{"event_name":"The Library","player_choice":"Read","floor":21,"damage_taken":0},{"event_name":"Golden Shrine","player_choice":"Pray","floor":38,"damage_taken":0},{"event_name":"Mysterious Sphere","player_choice":"Fight","floor":41,"damage_taken":0}],"boss_relics":[{"not_picked":["Tiny House","The Specimen"],"picked":"Black Star"},{"not_picked":["Runic Dome","Astrolabe"],"picked":"Question Card"}],"potions_floor_spawned":[2,4,7,10,13,16,27,28,33,39,41,42,46],"seed_played":"4494403251071326991","killed_by":"Time Eater","is_trial":false}