{"path_per_floor":["M","$","M","?","?","R","M","R","T","M","M","E","M","M","R","B",null,"M","?","?","$","M","E","R","M","T","M","?","R","$","T","R"],"character_chosen":"THE_SILENT","items_purchased":["Ninja Scroll","Cloak And Dagger"],"gold_per_floor":[116,116,132,132,82,82,95,95,95,118,133,171,194,207,207,337,375,396,396,396,78,91,124,124,143,220,233,233,233,110,135,135],"floor_reached":33,"campfire_rested":0,"playtime":3838,"current_hp_per_floor":[70,70,67,67,67,67,67,67,67,67,63,46,46,40,40,19,72,72,72,72,72,72,62,62,64,69,57,57,57,57,62,62],"items_purged":["Strike_G","Defend_G"],"gold":135,"play_id":"f29f1937-9a97-4c73-b6de-690b5292a85d","is_prod":false,"is_daily":false,"campfire_rituals":0,"campfire_upgraded":6,"is_hardmode":false,"path_taken":["M","$","M","?","?","R","M","R","T","M","M","E","M","M","R","BOSS","M","?","?","$","M","E","R","M","T","?","?","R","$","?","R","BOSS"],"build_version":"2017-12-29-BETA1","purchased_purges":2,"victory":false,"master_deck":["Defend_G","Defend_G","Defend_G","Defend_G","Strike_G","Strike_G","Strike_G","Survivor","Neutralize","Flying Knee","Terror","Blur","Endless Agony","Quick Slash","Dodge and Roll","Finisher","Reflex","Infinite Blades","Escape Plan","Calculated Gamble","PiercingWail","Survivor","Cloak And Dagger"],"max_hp_per_floor":[70,70,70,67,67,67,67,67,67,67,67,67,67,67,67,67,72,72,72,72,72,72,72,72,72,72,72,72,72,72,72,72],"relics":["Sozu","Bloody Idol","Shovel","Ornamental Fan","Tiny House","Ninja Scroll","Anchor","Dodecahedron","Vajra"],"campfire_meditates":0,"card_choices":[{"not_picked":["Quick Slash","Masterful Stab"],"picked":"Flying Knee"},{"not_picked":["Outmaneuver","All Out Attack"],"picked":"Terror"},{"not_picked":["Deadly Poison","Dodge and Roll"],"picked":"Blur"},{"not_picked":["Footwork","Underhanded Strike"],"picked":"Endless Agony"},{"not_picked":["Endless Agony","Doppelganger"],"picked":"Quick Slash"},{"not_picked":["Accuracy","Dagger Spray"],"picked":"Dodge and Roll"},{"not_picked":["Dodge and Roll","Noxious Fumes"],"picked":"Finisher"},{"not_picked":["Flying Knee","Dagger Spray"],"picked":"Reflex"},{"not_picked":["Poisoned Stab","Choke"],"picked":"Infinite Blades"},{"not_picked":["Sucker Punch","All Out Attack"],"picked":"Escape Plan"},{"not_picked":["Sucker Punch","Underhanded Strike"],"picked":"Calculated Gamble"},{"not_picked":["Malaise","Prepared"],"picked":"PiercingWail"}],"player_experience":167394,"potions_floor_usage":[],"damage_taken":[{"damage":0,"enemies":"2 Louse","floor":1,"turns":3},{"damage":3,"enemies":"Jaw Worm","floor":3,"turns":4},{"damage":0,"enemies":"Small Slimes","floor":7,"turns":4},{"damage":0,"enemies":"2 Fungi Beasts","floor":10,"turns":4},{"damage":4,"enemies":"Looter","floor":11,"turns":4},{"damage":17,"enemies":"3 Sentries","floor":12,"turns":11},{"damage":0,"enemies":"Gremlin Gang","floor":13,"turns":6},{"damage":6,"enemies":"Exordium Wildlife","floor":14,"turns":5},{"damage":21,"enemies":"Slime Boss","floor":16,"turns":10},{"damage":0,"enemies":"Chosen","floor":18,"turns":8},{"damage":0,"enemies":"3 Byrds","floor":22,"turns":6},{"damage":15,"enemies":"Slavers","floor":23,"turns":10},{"damage":3,"enemies":"Snake Plant","floor":25,"turns":6},{"damage":17,"enemies":"3 Cultists","floor":27,"turns":8},{"damage":80,"enemies":"Automaton","floor":33,"turns":12}],"event_choices":[{"event_name":"Golden Idol","player_choice":"Lose Max HP","floor":4,"damage_taken":0},{"event_name":"The Cleric","player_choice":"Card Removal","floor":5,"damage_taken":0},{"event_name":"Forgotten Altar","player_choice":"Gave Idol","floor":19,"damage_taken":0},{"event_name":"The Mausoleum","player_choice":"No","floor":20,"damage_taken":0},{"event_name":"Duplicator","player_choice":"One dupe","floor":28,"damage_taken":0}],"boss_relics":[{"not_picked":["The Specimen","Velvet Choker"],"picked":"Tiny House"}],"potions_floor_spawned":[1,3,13,18,25],"seed_played":"1010522094870003547","killed_by":"Automaton","is_trial":false}