{"path_per_floor":["M","?","?","M","M","E","R","$","T","?","M","E","M","M","R","B",null,"M","$","M","M","?","E","R","?","T","E","R","E","M","M","R"],"character_chosen":"THE_SILENT","items_purchased":["Molten Egg","Apotheosis","Well Laid Plans"],"gold_per_floor":[117,117,117,135,150,183,183,28,55,55,70,104,114,132,132,236,236,254,4,16,29,29,59,59,59,82,416,416,448,461,477,477],"floor_reached":33,"campfire_rested":3,"playtime":4646,"current_hp_per_floor":[69,69,62,52,51,25,46,46,46,70,67,67,67,66,66,19,77,72,72,75,75,75,68,68,68,68,31,54,41,29,27,50],"items_purged":[],"gold":477,"play_id":"3a55ce08-e0b7-43d4-8ec0-75bd0cf4d340","is_prod":false,"is_daily":false,"campfire_rituals":0,"campfire_upgraded":2,"is_hardmode":false,"path_taken":["M","?","?","?","M","E","R","$","T","?","?","E","M","M","R","BOSS","M","$","M","M","?","E","R","?","T","E","R","E","M","M","R","BOSS"],"build_version":"2017-12-21-PROD1","purchased_purges":1,"victory":false,"master_deck":["Defend_G","Defend_G","Defend_G","Defend_G","Defend_G","Strike_G","Strike_G","Strike_G","Strike_G","Survivor","Neutralize","Predator","Outmaneuver","Backstab","Slice","Deflect","Slice","Sucker Punch","Tactician","Apotheosis","Well Laid Plans","Sucker Punch","Footwork","Predator","Well Laid Plans","Regret","Adrenaline","Blade Dance","Infinite Blades"],"max_hp_per_floor":[70,70,70,70,70,70,70,70,70,70,70,77,77,77,77,77,77,77,77,77,77,77,77,77,77,77,77,77,77,77,77,77],"relics":["Ring of the Snake","Toolbox","Orichalcum","Molten Egg","Pen Nib","Strawberry","Cursed Key","Oddly Smooth Stone","Prayer Wheel","Old Coin","Lantern"],"campfire_meditates":0,"card_choices":[{"not_picked":["Escape Plan","Terror"],"picked":"Outmaneuver"},{"not_picked":["Poisoned Stab","Bane"],"picked":"Backstab"},{"not_picked":["PiercingWail","Backflip"],"picked":"Endless Agony"},{"not_picked":["Deflect","Dagger Spray"],"picked":"Slice"},{"not_picked":["Dodge and Roll","Poisoned Stab"],"picked":"Deflect"},{"not_picked":["Deadly Poison","Eviscerate"],"picked":"Slice"},{"not_picked":["Footwork","Crippling Poison"],"picked":"Sucker Punch"},{"not_picked":["A Thousand Cuts","Phantasmal Killer"],"picked":"Tactician"},{"not_picked":["Deadly Poison","Noxious Fumes"],"picked":"Sucker Punch"},{"not_picked":["Choke","Bane"],"picked":"Footwork"},{"not_picked":["Poisoned Stab","Backflip"],"picked":"Well Laid Plans"},{"not_picked":["Crippling Poison","Dagger Throw"],"picked":"Adrenaline"},{"not_picked":["Deflect","Backflip"],"picked":"Blade Dance"},{"not_picked":["Flying Knee","Deadly Poison"],"picked":"Infinite Blades"}],"player_experience":33874,"potions_floor_usage":[6,16,16,16,18,23,27,33],"damage_taken":[{"damage":1,"enemies":"Cultist","floor":1,"turns":4},{"damage":10,"enemies":"Looter","floor":4,"turns":3},{"damage":1,"enemies":"Blue Slaver","floor":5,"turns":2},{"damage":26,"enemies":"3 Sentries","floor":6,"turns":11},{"damage":3,"enemies":"Exordium Wildlife","floor":11,"turns":5},{"damage":7,"enemies":"Lagavulin","floor":12,"turns":4},{"damage":0,"enemies":"Gremlin Gang","floor":13,"turns":3},{"damage":1,"enemies":"2 Fungi Beasts","floor":14,"turns":2},{"damage":47,"enemies":"Hexaghost","floor":16,"turns":14},{"damage":5,"enemies":"Shell Parasite","floor":18,"turns":5},{"damage":1,"enemies":"Chosen","floor":20,"turns":5},{"damage":0,"enemies":"Snecko","floor":21,"turns":4},{"damage":7,"enemies":"Gremlin Leader","floor":23,"turns":10},{"damage":37,"enemies":"Book of Stabbing","floor":27,"turns":6},{"damage":13,"enemies":"Gremlin Leader","floor":29,"turns":6},{"damage":12,"enemies":"Snake Plant","floor":30,"turns":4},{"damage":2,"enemies":"3 Cultists","floor":31,"turns":5},{"damage":50,"enemies":"Champ","floor":33,"turns":10}],"event_choices":[{"event_name":"Big Fish","player_choice":"Box","floor":2,"damage_taken":0},{"event_name":"Golden Wing","player_choice":"Card Removal","floor":3,"damage_taken":0},{"event_name":"Bonfire Elementals","player_choice":"ATTACK","floor":10,"damage_taken":0},{"event_name":"The Library","player_choice":"Read","floor":22,"damage_taken":0},{"event_name":"Drug Dealer","player_choice":"Ignored","floor":25,"damage_taken":0}],"boss_relics":[{"not_picked":["Calling Bell","Question Card"],"picked":"Cursed Key"}],"potions_floor_spawned":[1,4,12,13,14,16,20,23,30],"seed_played":"2747072104861664654","killed_by":"Champ","is_trial":false}