{"path_per_floor":["M","?","?","$","M","R","M","R","T","$","?","M","R","M","R","B",null,"M","$","M","?","M","R","M","M","T","M","$","M","M","$","R","B",null,"M","?","M","M","M","R","E","M","T","$","R","?","?","T","R","B"],"character_chosen":"THE_SILENT","items_purchased":["Oddly Smooth Stone","Leg Sweep","Regen Potion","Dexterity Potion"],"gold_per_floor":[10,10,10,10,35,35,54,54,78,3,78,99,99,122,122,242,242,261,6,29,29,53,53,78,93,173,196,71,94,115,37,37,160,160,181,181,205,218,236,236,272,287,343,92,92,92,92,92,92,92],"floor_reached":51,"campfire_rested":1,"playtime":5343,"current_hp_per_floor":[70,67,67,67,67,67,67,67,67,67,56,56,56,56,56,30,67,67,67,67,67,61,67,67,67,67,66,66,65,65,65,67,37,67,61,61,61,52,49,57,50,47,47,47,57,47,47,47,67,29],"items_purged":["Strike_G","Reflex","Defend_G","Defend_G"],"gold":92,"play_id":"1bbb6214-a4fe-4f7e-811b-cbc0b80e0cd3","is_prod":false,"is_daily":false,"campfire_rituals":0,"campfire_upgraded":8,"is_hardmode":false,"path_taken":["M","?","?","$","M","R","?","R","T","?","?","M","R","M","R","BOSS","M","?","M","?","?","R","M","?","T","?","$","M","M","?","R","BOSS","M","?","M","M","M","R","E","M","T","$","R","?","?","?","R","BOSS"],"build_version":"2017-12-29-BETA1","purchased_purges":4,"victory":true,"master_deck":["Defend_G","Defend_G","Strike_G","Strike_G","Strike_G","Survivor","Neutralize","Poisoned Stab","Dodge and Roll","Backflip","Infinite Blades","Adrenaline","Deadly Poison","Dash","Backflip","Backflip","Die Die Die","Dash","Leg Sweep","Die Die Die","Catalyst","PiercingWail","Bane","Crippling Poison","PiercingWail","Madness","Madness"],"max_hp_per_floor":[70,70,67,67,67,67,67,67,67,67,67,67,67,67,67,67,67,67,67,67,67,67,67,67,67,67,67,67,67,67,67,67,67,67,67,67,67,67,67,67,67,67,67,67,67,67,67,67,67,67],"relics":["Ring of the Snake","Mercury Hourglass","Golden Idol","Pen Nib","Eternal Feather","Oddly Smooth Stone","Tough Bandages","Runic Dome","Whetstone","Tiny Chest","Bronze Scales"],"campfire_meditates":0,"card_choices":[{"not_picked":["Prepared","Leg Sweep"],"picked":"Reflex"},{"not_picked":["Deadly Poison","Acrobatics"],"picked":"Poisoned Stab"},{"not_picked":["PiercingWail","Bane"],"picked":"Dodge and Roll"},{"not_picked":["Crippling Poison","Deadly Poison"],"picked":"Backflip"},{"not_picked":["Prepared","A Thousand Cuts"],"picked":"Infinite Blades"},{"not_picked":["Grand Finale","Glass Knife"],"picked":"Adrenaline"},{"not_picked":["PiercingWail","Riddle With Holes"],"picked":"Deadly Poison"},{"not_picked":["Malaise","Slice"],"picked":"Dash"},{"not_picked":["Sucker Punch","Flechettes"],"picked":"Backflip"},{"not_picked":["Masterful Stab","Prepared"],"picked":"Backflip"},{"not_picked":["Deadly Poison","Dagger Spray"],"picked":"Die Die Die"},{"not_picked":["Deflect","Deadly Poison"],"picked":"Dash"},{"not_picked":["Doppelganger","Night Terror"],"picked":"Die Die Die"},{"not_picked":["Dodge and Roll","Outmaneuver"],"picked":"Catalyst"},{"not_picked":["Sucker Punch","Blur"],"picked":"PiercingWail"},{"not_picked":["Phantasmal Killer","Deflect"],"picked":"Bane"},{"not_picked":["Concentrate","Glass Knife"],"picked":"Crippling Poison"},{"not_picked":["Backflip","Underhanded Strike"],"picked":"PiercingWail"}],"player_experience":224869,"potions_floor_usage":[16,24,27,33,35,38,42,50,50],"damage_taken":[{"damage":0,"enemies":"Jaw Worm","floor":1,"turns":6},{"damage":0,"enemies":"Cultist","floor":5,"turns":3},{"damage":0,"enemies":"Small Slimes","floor":7,"turns":2},{"damage":0,"enemies":"3 Louse","floor":12,"turns":3},{"damage":0,"enemies":"Red Slaver","floor":14,"turns":3},{"damage":26,"enemies":"The Guardian","floor":16,"turns":11},{"damage":0,"enemies":"Shell Parasite","floor":18,"turns":6},{"damage":0,"enemies":"Spheric Guardian","floor":20,"turns":5},{"damage":6,"enemies":"3 Cultists","floor":22,"turns":8},{"damage":0,"enemies":"Centurion and Healer","floor":24,"turns":8},{"damage":0,"enemies":"Snecko","floor":25,"turns":5},{"damage":1,"enemies":"Chosen and Byrds","floor":27,"turns":6},{"damage":1,"enemies":"3 Cultists","floor":29,"turns":4},{"damage":0,"enemies":"Snake Plant","floor":30,"turns":4},{"damage":30,"enemies":"Collector","floor":33,"turns":17},{"damage":6,"enemies":"3 Shapes","floor":35,"turns":3},{"damage":0,"enemies":"3 Darklings","floor":37,"turns":4},{"damage":9,"enemies":"4 Shapes","floor":38,"turns":4},{"damage":3,"enemies":"Flame Bruiser 2 Orb","floor":39,"turns":6},{"damage":7,"enemies":"Nemesis","floor":41,"turns":7},{"damage":3,"enemies":"Maw","floor":42,"turns":6},{"damage":53,"enemies":"Donu and Deca","floor":50,"turns":13}],"event_choices":[{"event_name":"Scrap Ooze","player_choice":"success","floor":2,"damage_taken":3},{"event_name":"Golden Idol","player_choice":"Lose Max HP","floor":3,"damage_taken":0},{"event_name":"World of Goop","player_choice":"Gather Gold","floor":11,"damage_taken":0},{"event_name":"The Library","player_choice":"Heal","floor":21,"damage_taken":0},{"event_name":"Tomb of Lord Red Mask","player_choice":"Ignored","floor":36,"damage_taken":0},{"event_name":"Winding Halls","player_choice":"Embrace Madness","floor":46,"damage_taken":0},{"event_name":"The Lab","player_choice":"Got Potions","floor":47,"damage_taken":0}],"boss_relics":[{"not_picked":["Lizard Tail","The Specimen"],"picked":"Eternal Feather"},{"not_picked":["Orrery","Astrolabe"],"picked":"Runic Dome"}],"potions_floor_spawned":[1,5,16,18,20,30,33,35,39],"seed_played":"5609950954612670290","is_trial":false}