{"path_per_floor":["M","M","M","?","M","E","R","M","T","?","M","R","M","M","R","B",null,"M","?","M","M","?","R","E","R","T","M","M","$","?","?","R"],"character_chosen":"THE_SILENT","items_purchased":[],"gold_per_floor":[99,99,99,99,99,99,99,99,99,99,69,69,69,69,69,69,69,69,69,69,69,69,69,69,69,69,69,69,69,69,69,69],"floor_reached":33,"campfire_rested":1,"playtime":2512,"current_hp_per_floor":[70,67,67,67,67,47,47,47,57,57,57,57,57,54,54,38,80,80,80,77,65,52,52,47,47,47,29,13,13,13,19,44],"items_purged":[],"gold":69,"play_id":"10158137-e37a-4290-9131-b186758f3ad3","is_prod":false,"is_daily":false,"campfire_rituals":0,"campfire_upgraded":5,"is_hardmode":false,"path_taken":["M","M","?","?","M","E","R","M","T","?","M","R","M","M","R","BOSS","M","?","M","M","?","R","E","R","T","?","M","?","?","?","R","BOSS"],"build_version":"2018-01-01-BETA1","purchased_purges":0,"victory":false,"master_deck":["Defend_G","Defend_G","Defend_G","Defend_G","Defend_G","Strike_G","Strike_G","Strike_G","Strike_G","Survivor","Neutralize","Bane","Glass Knife","Cloak And Dagger","Slice","Endless Agony","PiercingWail","Heel Hook","Burst","Accuracy","Poisoned Stab","Quick Slash","Slice","Decay"],"max_hp_per_floor":[70,70,70,70,70,70,70,70,80,80,80,80,80,80,80,80,80,80,80,80,80,80,80,80,80,80,80,80,80,80,86,86],"relics":["Ectoplasm","Kunai","Pear","Black Star","Red Mask","Mercury Hourglass","Darkstone Periapt","Art of War"],"campfire_meditates":0,"card_choices":[{"not_picked":["Flechettes","Noxious Fumes"],"picked":"Bane"},{"not_picked":["Bane","Flechettes"],"picked":"Glass Knife"},{"not_picked":["Caltrops","Bane"],"picked":"Cloak And Dagger"},{"not_picked":["Setup","Blur"],"picked":"Slice"},{"not_picked":["Deadly Poison","Well Laid Plans"],"picked":"Endless Agony"},{"not_picked":["Dash","Acrobatics"],"picked":"PiercingWail"},{"not_picked":["Reflex","Sucker Punch"],"picked":"Heel Hook"},{"not_picked":["Unload","Envenom"],"picked":"Burst"},{"not_picked":["Outmaneuver","Bane"],"picked":"Accuracy"},{"not_picked":["Outmaneuver","Deadly Poison"],"picked":"Poisoned Stab"},{"not_picked":["Underhanded Strike","Concentrate"],"picked":"Quick Slash"},{"not_picked":["Skewer","Setup"],"picked":"Slice"}],"player_experience":293511,"potions_floor_usage":[6,18,22,24,24,33],"damage_taken":[{"damage":0,"enemies":"Blue Slaver","floor":1,"turns":4},{"damage":3,"enemies":"Jaw Worm","floor":2,"turns":3},{"damage":0,"enemies":"Cultist","floor":3,"turns":3},{"damage":0,"enemies":"3 Louse","floor":5,"turns":3},{"damage":20,"enemies":"Gremlin Nob","floor":6,"turns":5},{"damage":0,"enemies":"Lots of Slimes","floor":8,"turns":4},{"damage":0,"enemies":"Looter","floor":11,"turns":3},{"damage":0,"enemies":"3 Louse","floor":13,"turns":3},{"damage":3,"enemies":"2 Fungi Beasts","floor":14,"turns":3},{"damage":16,"enemies":"The Guardian","floor":16,"turns":12},{"damage":0,"enemies":"Chosen","floor":18,"turns":4},{"damage":3,"enemies":"Shell Parasite","floor":20,"turns":5},{"damage":12,"enemies":"Centurion and Healer","floor":21,"turns":11},{"damage":13,"enemies":"Masked Bandits","floor":22,"turns":5},{"damage":20,"enemies":"Slavers","floor":24,"turns":8},{"damage":18,"enemies":"Snake Plant","floor":27,"turns":5},{"damage":16,"enemies":"Snecko","floor":28,"turns":5},{"damage":49,"enemies":"Automaton","floor":33,"turns":6}],"event_choices":[{"event_name":"Living Wall","player_choice":"Forget","floor":4,"damage_taken":0},{"event_name":"Accursed Blacksmith","player_choice":"Forge","floor":10,"damage_taken":0},{"event_name":"Beggar","player_choice":"Ignored","floor":19,"damage_taken":0},{"event_name":"Masked Bandits","player_choice":"Fought over 69 gold","floor":22,"damage_taken":0},{"event_name":"Drug Dealer","player_choice":"Ignored","floor":30,"damage_taken":0},{"event_name":"Forgotten Altar","player_choice":"Smashed Altar","floor":31,"damage_taken":0}],"boss_relics":[{"not_picked":["White Beast Statue","Lizard Tail"],"picked":"Black Star"}],"potions_floor_spawned":[2,5,6,11,16,22,27,28],"seed_played":"-3730557059134592066","killed_by":"Automaton","is_trial":false}