{"path_per_floor":["M","M","?","?","M","E","?","E","T","M","M","M","M","M","R","B",null,"M","?","?","?","$","R","M","M","T","T","R","E","M","$","R","B",null,"M","?","M","M"],"character_chosen":"THE_SILENT","items_purchased":["Shuriken","Caltrops","Bag of Preparation","Anchor"],"gold_per_floor":[110,80,155,120,132,159,159,193,193,211,226,238,253,271,271,368,368,388,388,388,488,45,45,58,71,71,97,97,132,151,4,4,105,105,117,0,18,34],"floor_reached":39,"campfire_rested":2,"playtime":4521,"current_hp_per_floor":[70,70,59,70,69,50,70,60,60,60,58,58,58,58,58,28,70,45,45,45,45,45,45,35,32,32,32,53,41,41,41,62,11,70,59,59,34,4],"items_purged":[],"gold":34,"play_id":"8d487ad2-b327-4837-b372-85fbab60d836","is_prod":false,"is_daily":false,"campfire_rituals":0,"campfire_upgraded":2,"is_hardmode":false,"path_taken":["M","M","?","?","M","E","?","E","T","M","M","M","M","M","R","BOSS","M","?","?","?","$","R","M","M","T","?","R","E","M","?","R","BOSS","M","?","M","M","M"],"build_version":"2017-12-21-PROD1","purchased_purges":0,"victory":false,"master_deck":["Defend_G","Defend_G","Defend_G","Defend_G","Defend_G","Strike_G","Strike_G","Strike_G","Strike_G","Strike_G","Survivor","Neutralize","Terror","Backstab","Flying Knee","Backstab","Dash","Bullet Time","Finisher","Outmaneuver","Flying Knee","Sucker Punch","Wraith Form","Flying Knee","Noxious Fumes","Caltrops","Backstab","Quick Slash","Blade Dance","Leg Sweep","After Image","Backflip","Quick Slash","Prepared"],"max_hp_per_floor":[70,70,70,70,70,70,70,70,70,70,70,70,70,70,70,70,70,70,70,70,70,70,70,70,70,70,70,70,70,70,70,70,70,70,70,70,70,70],"relics":["Ring of the Snake","Torii","Omamori","Frozen Eye","Black Star","Shuriken","Bag of Preparation","Du-Vu Doll","Bronze Scales","Whetstone","Juzu Bracelet","Anchor","Sozu","Red Mask"],"campfire_meditates":0,"card_choices":[{"not_picked":["Slice","Catalyst"],"picked":"Terror"},{"not_picked":["PiercingWail","Dodge and Roll"],"picked":"Backstab"},{"not_picked":["Well Laid Plans","Deadly Poison"],"picked":"Flying Knee"},{"not_picked":["Acrobatics","Choke"],"picked":"Backstab"},{"not_picked":["Dodge and Roll","Slice"],"picked":"Dash"},{"not_picked":["Masterful Stab","Malaise"],"picked":"Bullet Time"},{"not_picked":["Dodge and Roll","Well Laid Plans"],"picked":"Finisher"},{"not_picked":["Flechettes","Backstab"],"picked":"Outmaneuver"},{"not_picked":["Dodge and Roll","Crippling Poison"],"picked":"Flying Knee"},{"not_picked":["Dagger Spray","Eviscerate"],"picked":"Sucker Punch"},{"not_picked":["Doppelganger","Bullet Time"],"picked":"Wraith Form"},{"not_picked":["PiercingWail","Outmaneuver"],"picked":"Flying Knee"},{"not_picked":["Deflect","PiercingWail"],"picked":"Backstab"},{"not_picked":["Deadly Poison","Well Laid Plans"],"picked":"Quick Slash"},{"not_picked":["Skewer","Dagger Throw"],"picked":"Blade Dance"},{"not_picked":["Flying Knee","Dash"],"picked":"Leg Sweep"},{"not_picked":["Die Die Die","Envenom"],"picked":"After Image"},{"not_picked":["PiercingWail","Deflect"],"picked":"Backflip"},{"not_picked":["Dagger Spray","Acrobatics"],"picked":"Quick Slash"},{"not_picked":["Bane","Sucker Punch"],"picked":"Prepared"}],"player_experience":22780,"potions_floor_usage":[],"damage_taken":[{"damage":0.0,"enemies":"Cultist","floor":1.0,"turns":4.0},{"damage":0.0,"enemies":"Looter","floor":2.0,"turns":4.0},{"damage":1.0,"enemies":"Jaw Worm","floor":5.0,"turns":4.0},{"damage":19.0,"enemies":"3 Sentries","floor":6.0,"turns":11.0},{"damage":10.0,"enemies":"Lagavulin","floor":8.0,"turns":6.0},{"damage":0.0,"enemies":"Exordium Thugs","floor":10.0,"turns":4.0},{"damage":2.0,"enemies":"Gremlin Gang","floor":11.0,"turns":4.0},{"damage":0.0,"enemies":"Exordium Wildlife","floor":12.0,"turns":2.0},{"damage":0.0,"enemies":"Exordium Thugs","floor":13.0,"turns":2.0},{"damage":0.0,"enemies":"3 Louse","floor":14.0,"turns":3.0},{"damage":30.0,"enemies":"Slime Boss","floor":16.0,"turns":14.0},{"damage":25.0,"enemies":"Chosen","floor":18.0,"turns":6.0},{"damage":10.0,"enemies":"Spheric Guardian","floor":24.0,"turns":6.0},{"damage":3.0,"enemies":"Snake Plant","floor":25.0,"turns":5.0},{"damage":12.0,"enemies":"Slavers","floor":29.0,"turns":5.0},{"damage":0.0,"enemies":"Slaver and Parasite","floor":30.0,"turns":2.0},{"damage":51.0,"enemies":"Collector","floor":33.0,"turns":10.0},{"damage":11.0,"enemies":"3 Shapes","floor":35.0,"turns":6.0},{"damage":25,"enemies":"3 Darklings","floor":37,"turns":6},{"damage":30,"enemies":"Sphere and 2 Shapes","floor":38,"turns":5},{"damage":8,"enemies":"4 Shapes","floor":39,"turns":4}],"event_choices":[{"event_name":"World of Goop","player_choice":"Gather Gold","floor":3.0,"damage_taken":0.0},{"event_name":"The Cleric","player_choice":"Healed","floor":4.0,"damage_taken":0.0},{"event_name":"Big Fish","player_choice":"Banana","floor":7.0,"damage_taken":0.0},{"event_name":"Back to Basics","player_choice":"Simplicity","floor":19.0,"damage_taken":0.0},{"event_name":"The Library","player_choice":"Read","floor":20.0,"damage_taken":0.0},{"event_name":"Golden Shrine","player_choice":"Pray","floor":21.0,"damage_taken":0.0},{"event_name":"Tomb of Lord Red Mask","player_choice":"Paid","floor":36.0,"damage_taken":0.0}],"boss_relics":[],"potions_floor_spawned":[1,6,8,10,12,25,29,30,35],"seed_played":"6126609299553787883","killed_by":"4 Shapes","is_trial":false}