{"path_per_floor":["M","?","M","M","?","R","M","R","T","$","R","M","R","M","R","B",null,"M","?","M","?","$","R","M","R","T","R","?","?","M","M","R","B",null,"M","$","M","?","M","R","E","?","T","E","M","M","?","M","R"],"character_chosen":"THE_SILENT","items_purchased":["Leg Sweep","Vajra","Predator"],"gold_per_floor":[111,111,123,133,133,133,151,151,219,69,69,87,87,102,102,197,197,212,212,230,230,86,86,99,99,99,99,99,24,37,56,56,161,161,172,137,155,502,512,512,546,546,546,580,590,604,604,623,623],"floor_reached":50,"campfire_rested":3,"playtime":4440,"current_hp_per_floor":[70,70,68,65,65,65,65,65,65,65,65,62,62,61,61,30,70,70,61,60,44,44,44,37,37,37,37,37,37,32,32,54,53,75,56,56,51,44,37,59,46,46,46,46,46,44,44,41,63],"items_purged":["Defend_G"],"gold":623,"play_id":"25a10779-7084-426e-88ff-2cc27dfbcab5","is_prod":false,"is_daily":false,"campfire_rituals":0,"campfire_upgraded":7,"is_hardmode":false,"path_taken":["M","?","M","M","?","R","M","R","T","?","R","?","R","M","R","BOSS","M","?","M","?","$","R","M","R","T","R","?","?","M","M","R","BOSS","M","$","M","?","M","R","E","?","T","E","M","M","?","?","R","BOSS"],"build_version":"2017-12-29-BETA1","purchased_purges":1,"victory":false,"master_deck":["Defend_G","Defend_G","Defend_G","Defend_G","Strike_G","Strike_G","Strike_G","Survivor","Neutralize","Slice","Dagger Throw","Dodge and Roll","Leg Sweep","Flying Knee","Cloak And Dagger","Glass Knife","Deflect","Dagger Throw","Calculated Gamble","Necronomicurse","Flying Knee","Backflip","Dash","Predator","Acrobatics","Tactician","Underhanded Strike","Underhanded Strike","Terror","Calculated Gamble","Blur"],"max_hp_per_floor":[70,70,70,70,70,70,70,70,70,70,70,70,70,70,70,70,70,70,75,75,75,75,75,75,75,75,75,75,75,75,75,75,75,75,75,75,75,75,75,75,75,75,75,75,75,75,75,75,75],"relics":["White Beast Statue","Tough Bandages","Philosopher\u0027s Stone","Necronomicon","Vajra","Shovel","Centennial Puzzle","Cursed Key","Old Coin","Dead Branch","Mercury Hourglass"],"campfire_meditates":0,"card_choices":[{"not_picked":["Outmaneuver","Choke"],"picked":"Slice"},{"not_picked":["Prepared","Masterful Stab"],"picked":"Dagger Throw"},{"not_picked":["PiercingWail","Slice"],"picked":"Dodge and Roll"},{"not_picked":["Deadly Poison","Phantasmal Killer"],"picked":"Flying Knee"},{"not_picked":["Sucker Punch","Flying Knee"],"picked":"Cloak And Dagger"},{"not_picked":["Corpse Explosion","Unload"],"picked":"Glass Knife"},{"not_picked":["PiercingWail","Acrobatics"],"picked":"Deflect"},{"not_picked":["Acrobatics","PiercingWail"],"picked":"Dagger Throw"},{"not_picked":["Flying Knee","Heel Hook"],"picked":"Calculated Gamble"},{"not_picked":["PiercingWail","Sucker Punch"],"picked":"Flying Knee"},{"not_picked":["Grand Finale","Blade Dance"],"picked":"Backflip"},{"not_picked":["Grand Finale","Night Terror"],"picked":"Tools of the Trade"},{"not_picked":["Setup","Prepared"],"picked":"Dash"},{"not_picked":["Eviscerate","Cloak And Dagger"],"picked":"Acrobatics"},{"not_picked":["Dagger Throw","Dagger Spray"],"picked":"Tactician"},{"not_picked":["Setup","Malaise"],"picked":"Underhanded Strike"},{"not_picked":["Slice","Dagger Throw"],"picked":"Underhanded Strike"},{"not_picked":["Cloak And Dagger","Acrobatics"],"picked":"Terror"},{"not_picked":["Leg Sweep","Cloak And Dagger"],"picked":"Calculated Gamble"},{"not_picked":["Malaise","Prepared"],"picked":"Blur"}],"player_experience":249812,"potions_floor_usage":[3,12,16,18,20,30,31,33,33,33,38,39,39,41,46,48,50,50,50],"damage_taken":[{"damage":0,"enemies":"Cultist","floor":1,"turns":5},{"damage":2,"enemies":"Small Slimes","floor":3,"turns":3},{"damage":3,"enemies":"Jaw Worm","floor":4,"turns":4},{"damage":0,"enemies":"3 Louse","floor":7,"turns":4},{"damage":3,"enemies":"Exordium Thugs","floor":12,"turns":5},{"damage":1,"enemies":"Red Slaver","floor":14,"turns":3},{"damage":31,"enemies":"The Guardian","floor":16,"turns":14},{"damage":0,"enemies":"Shell Parasite","floor":18,"turns":7},{"damage":1,"enemies":"Chosen","floor":20,"turns":7},{"damage":7,"enemies":"Sentry and Sphere","floor":24,"turns":5},{"damage":5,"enemies":"3 Cultists","floor":30,"turns":4},{"damage":0,"enemies":"Snecko","floor":31,"turns":4},{"damage":1,"enemies":"Champ","floor":33,"turns":12},{"damage":19,"enemies":"3 Darklings","floor":35,"turns":8},{"damage":5,"enemies":"Flame Bruiser 1 Orb","floor":37,"turns":5},{"damage":7,"enemies":"Mysterious Sphere","floor":38,"turns":6},{"damage":7,"enemies":"Maw","floor":39,"turns":8},{"damage":13,"enemies":"Giant Head","floor":41,"turns":8},{"damage":0,"enemies":"Nemesis","floor":44,"turns":6},{"damage":0,"enemies":"Flame Bruiser 2 Orb","floor":45,"turns":4},{"damage":2,"enemies":"Spire Growth","floor":46,"turns":3},{"damage":3,"enemies":"3 Darklings","floor":48,"turns":3},{"damage":64,"enemies":"Time Eater","floor":50,"turns":8}],"event_choices":[{"event_name":"Living Wall","player_choice":"Forget","floor":2,"damage_taken":0},{"event_name":"Upgrade Shrine","player_choice":"Upgraded","floor":5,"damage_taken":0},{"event_name":"Forgotten Altar","player_choice":"Shed Blood","floor":19,"damage_taken":0},{"event_name":"Cursed Tome","player_choice":"Obtained Book","floor":21,"damage_taken":0},{"event_name":"Fountain of Cleansing","player_choice":"Removed Curse","floor":28,"damage_taken":0},{"event_name":"Beggar","player_choice":"Gave Gold","floor":29,"damage_taken":0},{"event_name":"Mysterious Sphere","player_choice":"Fight","floor":38,"damage_taken":0},{"event_name":"Tomb of Lord Red Mask","player_choice":"Ignored","floor":42,"damage_taken":0}],"boss_relics":[{"not_picked":["Question Card","Lizard Tail"],"picked":"Philosopher\u0027s Stone"},{"not_picked":["Calling Bell","Black Star"],"picked":"Cursed Key"}],"potions_floor_spawned":[1,3,4,7,12,14,16,18,20,24,30,31,33,35,37,38,39,41,44,45,46,48],"seed_played":"6425875242686744724","killed_by":"Time Eater","is_trial":false}