{"path_per_floor":["M","M","$","M","?","R","M","R","T","?","M","M","?","?","R","B",null,"M","?","$","M","M","E","?"],"character_chosen":"THE_SILENT","items_purchased":[],"gold_per_floor":[99,99,24,24,1,1,1,1,1,1,1,1,1,1,1,1,1,1,1,1,1,1,1,1],"floor_reached":25,"campfire_rested":0,"playtime":1833,"current_hp_per_floor":[70,70,70,68,68,68,68,68,68,68,68,53,53,70,70,47,70,65,65,65,56,48,14,35],"items_purged":["Strike_G"],"gold":1,"play_id":"8d5bc3b7-fff8-495e-a596-9194f415d0e0","is_prod":false,"is_daily":false,"campfire_rituals":0,"campfire_upgraded":3,"is_hardmode":false,"path_taken":["M","M","$","M","?","R","?","R","T","?","?","M","?","?","R","BOSS","M","?","$","M","M","E","?","E"],"build_version":"2017-12-29-BETA1","purchased_purges":1,"victory":false,"master_deck":["Defend_G","Defend_G","Defend_G","Defend_G","Defend_G","Strike_G","Strike_G","Strike_G","Survivor","Neutralize","Dagger Throw","Terror","Footwork","Sucker Punch","Blade Dance","Quick Slash","Choke","Cloak And Dagger","Adrenaline","Leg Sweep","Escape Plan"],"max_hp_per_floor":[70,70,70,70,70,70,70,70,70,70,70,70,70,70,70,70,70,70,70,70,70,70,70,70],"relics":["Ectoplasm","Lantern","Lizard Tail","Bronze Scales","Nilry\u0027s Codex"],"campfire_meditates":0,"card_choices":[{"not_picked":["Corpse Explosion","Bouncing Flask"],"picked":"Dagger Throw"},{"not_picked":["Dagger Throw","Outmaneuver"],"picked":"Terror"},{"not_picked":["PiercingWail","Underhanded Strike"],"picked":"Footwork"},{"not_picked":["Riddle With Holes","Deflect"],"picked":"Sucker Punch"},{"not_picked":["Phantasmal Killer","Bane"],"picked":"Quick Slash"},{"not_picked":["Bane","Poisoned Stab"],"picked":"Choke"},{"not_picked":["Glass Knife","Corpse Explosion"],"picked":"Adrenaline"},{"not_picked":["Sucker Punch","Flying Knee"],"picked":"Leg Sweep"},{"not_picked":["Deflect","Dagger Throw"],"picked":"Escape Plan"}],"player_experience":254252,"potions_floor_usage":[11,16,21,25],"damage_taken":[{"damage":0,"enemies":"2 Louse","floor":1,"turns":4},{"damage":0,"enemies":"Jaw Worm","floor":2,"turns":3},{"damage":2,"enemies":"Blue Slaver","floor":4,"turns":4},{"damage":0,"enemies":"Exordium Wildlife","floor":7,"turns":6},{"damage":0,"enemies":"Lots of Slimes","floor":11,"turns":5},{"damage":15,"enemies":"2 Fungi Beasts","floor":12,"turns":3},{"damage":23,"enemies":"Slime Boss","floor":16,"turns":9},{"damage":5,"enemies":"Spheric Guardian","floor":18,"turns":4},{"damage":9,"enemies":"Chosen","floor":21,"turns":4},{"damage":8,"enemies":"Snake Plant","floor":22,"turns":6},{"damage":34,"enemies":"Slavers","floor":23,"turns":9},{"damage":39,"enemies":"Gremlin Leader","floor":25,"turns":5}],"event_choices":[{"event_name":"World of Goop","player_choice":"Left","floor":5,"damage_taken":0},{"event_name":"Transmorgrifier","player_choice":"Transform","floor":10,"damage_taken":0},{"event_name":"Match and Keep!","player_choice":"1 cards matched","floor":13,"damage_taken":0},{"event_name":"Big Fish","player_choice":"Banana","floor":14,"damage_taken":0},{"event_name":"The Mausoleum","player_choice":"No","floor":19,"damage_taken":0},{"event_name":"Cursed Tome","player_choice":"Obtained Book","floor":24,"damage_taken":0}],"boss_relics":[{"not_picked":["The Specimen","Calling Bell"],"picked":"Lizard Tail"}],"potions_floor_spawned":[1,12,16,23],"seed_played":"7603192540223148757","killed_by":"Gremlin Leader","is_trial":false}