{"path_per_floor":["M","M","M","M","?","E","M","R","T","R","M","?","M","E","R","B",null,"M","M","$","M","?","R","E","T","T","R","?","E","M","M","R"],"character_chosen":"THE_SILENT","items_purchased":["Bandage Up","Well Laid Plans","Strength Potion"],"gold_per_floor":[118,136,156,145,120,145,163,163,163,163,178,178,197,233,233,357,357,343,358,132,145,145,145,180,205,229,229,229,264,279,294,294],"floor_reached":33,"campfire_rested":3,"playtime":4495,"current_hp_per_floor":[69,69,69,57,57,61,61,61,61,61,61,61,58,58,58,45,67,55,42,42,27,27,47,28,28,28,48,48,11,13,13,33],"items_purged":[],"gold":294,"play_id":"054ff131-5720-480a-ab97-2b598775917c","is_prod":false,"is_daily":false,"campfire_rituals":0,"campfire_upgraded":3,"is_hardmode":false,"path_taken":["M","M","M","M","?","E","M","R","T","R","M","?","M","E","R","BOSS","M","M","$","M","?","R","E","?","T","R","?","E","M","M","R","BOSS"],"build_version":"2017-12-21-PROD1","purchased_purges":0,"victory":false,"master_deck":["Defend_G","Defend_G","Defend_G","Defend_G","Defend_G","Strike_G","Strike_G","Strike_G","Strike_G","Strike_G","Survivor","Neutralize","Infinite Blades","Cloak And Dagger","Flying Knee","Deflect","Quick Slash","Dodge and Roll","Flying Knee","Backflip","Dash","Tools of the Trade","Dagger Throw","Cloak And Dagger","Bandage Up","Well Laid Plans","Flying Knee","Escape Plan","Sucker Punch","Deflect","Sucker Punch"],"max_hp_per_floor":[70,70,70,70,70,70,70,70,70,70,70,67,67,67,67,67,67,67,67,67,67,67,67,67,67,67,67,67,67,67,67,67],"relics":["Ring of the Snake","Du-Vu Doll","Ice Cream","Golden Idol","Pantograph","Question Card","Ninja Scroll","Whetstone","Molten Egg","Vajra"],"campfire_meditates":0,"card_choices":[{"not_picked":["Calculated Gamble","Phantasmal Killer"],"picked":"Infinite Blades"},{"not_picked":["Terror","Well Laid Plans"],"picked":"Cloak And Dagger"},{"not_picked":["Finisher","Backflip"],"picked":"Flying Knee"},{"not_picked":["Acrobatics","Underhanded Strike"],"picked":"Deflect"},{"not_picked":["Poisoned Stab","Underhanded Strike"],"picked":"Quick Slash"},{"not_picked":["Outmaneuver","Poisoned Stab"],"picked":"Dodge and Roll"},{"not_picked":["Deadly Poison","PiercingWail"],"picked":"Flying Knee"},{"not_picked":["Crippling Poison","Noxious Fumes"],"picked":"Backflip"},{"not_picked":["Envenom","Riddle With Holes"],"picked":"Dash"},{"not_picked":["Envenom","Storm of Steel"],"picked":"Tools of the Trade"},{"not_picked":["Prepared","Deadly Poison","Poisoned Stab"],"picked":"Dagger Throw"},{"not_picked":["Reflex","Deflect","Dagger Spray"],"picked":"Cloak And Dagger"},{"not_picked":["Finisher","Choke","Deflect"],"picked":"Flying Knee"},{"not_picked":["Backflip","Sucker Punch","Endless Agony"],"picked":"Escape Plan"},{"not_picked":["Distraction","Storm of Steel","Finisher"],"picked":"Sucker Punch"},{"not_picked":["Reflex","Poisoned Stab","Catalyst"],"picked":"Deflect"},{"not_picked":["Bane","Dodge and Roll","Riddle With Holes"],"picked":"Sucker Punch"}],"player_experience":79116,"potions_floor_usage":[6,6,6,14,16,18,19,24,24],"damage_taken":[{"damage":1,"enemies":"Cultist","floor":1,"turns":5},{"damage":0,"enemies":"Looter","floor":2,"turns":4},{"damage":0,"enemies":"Jaw Worm","floor":3,"turns":6},{"damage":12,"enemies":"Exordium Thugs","floor":4,"turns":6},{"damage":11,"enemies":"Lagavulin","floor":6,"turns":8},{"damage":0,"enemies":"2 Fungi Beasts","floor":7,"turns":4},{"damage":0,"enemies":"Large Slime","floor":11,"turns":5},{"damage":3,"enemies":"Red Slaver","floor":13,"turns":5},{"damage":0,"enemies":"Gremlin Nob","floor":14,"turns":3},{"damage":22,"enemies":"Hexaghost","floor":16,"turns":9},{"damage":12,"enemies":"2 Thieves","floor":18,"turns":4},{"damage":19,"enemies":"Spheric Guardian","floor":19,"turns":7},{"damage":19,"enemies":"Snecko","floor":21,"turns":6},{"damage":38,"enemies":"Book of Stabbing","floor":24,"turns":7},{"damage":41,"enemies":"Gremlin Leader","floor":29,"turns":9},{"damage":2,"enemies":"Centurion and Healer","floor":30,"turns":7},{"damage":4,"enemies":"3 Cultists","floor":31,"turns":6},{"damage":70,"enemies":"Champ","floor":33,"turns":19}],"event_choices":[{"event_name":"World of Goop","player_choice":"Left","floor":5,"damage_taken":0},{"event_name":"Golden Idol","player_choice":"Lose Max HP","floor":12,"damage_taken":0},{"event_name":"Back to Basics","player_choice":"Simplicity","floor":22,"damage_taken":0},{"event_name":"Vampires","player_choice":"Ignored","floor":28,"damage_taken":0}],"boss_relics":[{"not_picked":["Runic Dome","Velvet Choker"],"picked":"Question Card"}],"potions_floor_spawned":[1,2,4,7,14,16,18,19,31],"seed_played":"-6476908658736814072","killed_by":"Champ","is_trial":false}