{"path_per_floor":["M","?","M","$","M","R","E","?","T","M","E","M","?","E","R","B",null,"M","?","$","?","M","E","R","M","T","M","E","M","?","M","R","B",null,"M","M","?","M","?","E","M","M","T","R","M","M","R","M","R","B"],"character_chosen":"THE_SILENT","items_purchased":["Footwork","Apotheosis","Blur"],"gold_per_floor":[114,114,128,54,72,72,104,64,90,106,134,147,172,207,207,310,310,310,310,70,70,70,70,70,70,70,70,70,70,70,70,70,70,70,70,70,70,70,70,70,70,70,70,70,70,70,70,70,70,70],"floor_reached":51,"campfire_rested":1,"playtime":5322,"current_hp_per_floor":[70,56,56,56,56,56,38,38,38,40,42,44,46,42,63,45,70,70,70,70,61,63,59,59,61,61,63,63,64,64,72,72,75,75,75,67,67,53,53,70,75,75,75,75,75,75,75,75,75,75],"items_purged":[],"gold":70,"play_id":"e880aa04-7808-4681-8853-8b221cd3fb9d","is_prod":false,"is_daily":false,"campfire_rituals":0,"campfire_upgraded":6,"is_hardmode":false,"path_taken":["M","?","M","?","M","R","E","?","T","M","E","?","?","E","R","BOSS","M","?","$","?","?","E","R","M","T","M","E","M","?","M","R","BOSS","M","M","?","M","?","E","?","M","T","R","M","M","R","M","R","BOSS"],"build_version":"2017-12-21-PROD1","purchased_purges":0,"victory":true,"master_deck":["Defend_G","Defend_G","Defend_G","Defend_G","Defend_G","Survivor","Neutralize","Cloak And Dagger","Cloak And Dagger","Footwork","Accuracy","Glass Knife","Cloak And Dagger","Footwork","Flying Knee","Dagger Throw","Quick Slash","After Image","Deflect","Apotheosis","Blur","Dagger Throw","Deflect","Caltrops","Sucker Punch","Acrobatics","Bite_G","Bite_G","Bite_G","Bite_G","Bite_G","Backflip","A Thousand Cuts","Backflip","Outmaneuver","Backflip","Terror"],"max_hp_per_floor":[70,70,70,70,70,70,70,70,70,70,70,70,70,70,70,70,70,70,70,70,75,75,75,75,75,75,75,75,75,75,75,75,75,75,75,75,75,75,75,75,75,75,75,75,75,75,75,75,75,75],"relics":["Ring of the Snake","Vajra","Toxic Egg","Tough Bandages","Odd Mushroom","Bronze Scales","Ectoplasm","Omamori","Calipers","Pantograph","Philosopher\u0027s Stone","Paper Crane","Frozen Egg"],"campfire_meditates":0,"card_choices":[{"not_picked":["Crippling Poison","Dodge and Roll"],"picked":"Cloak And Dagger"},{"not_picked":["Well Laid Plans","Corpse Explosion"],"picked":"Cloak And Dagger"},{"not_picked":["Deflect","Dagger Spray"],"picked":"Accuracy"},{"not_picked":["All Out Attack","Skewer"],"picked":"Glass Knife"},{"not_picked":["Prepared","Dagger Spray"],"picked":"Cloak And Dagger"},{"not_picked":["Quick Slash","Deflect"],"picked":"Footwork"},{"not_picked":["Blur","Quick Slash"],"picked":"Flying Knee"},{"not_picked":["Leg Sweep","Doppelganger"],"picked":"Dagger Throw"},{"not_picked":["Crippling Poison","Bane"],"picked":"Quick Slash"},{"not_picked":["Unload","Burst"],"picked":"After Image"},{"not_picked":["Acrobatics","Dodge and Roll"],"picked":"Deflect"},{"not_picked":["Slice","Calculated Gamble"],"picked":"Dagger Throw"},{"not_picked":["Flechettes","PiercingWail"],"picked":"Deflect"},{"not_picked":["Dagger Spray","Backflip"],"picked":"Caltrops"},{"not_picked":["Bane","Endless Agony"],"picked":"Sucker Punch"},{"not_picked":["Catalyst","Noxious Fumes"],"picked":"Distraction"},{"not_picked":["Dagger Spray","Slice"],"picked":"Acrobatics"},{"not_picked":["Reflex","Flying Knee"],"picked":"Backflip"},{"not_picked":["After Image","Die Die Die"],"picked":"A Thousand Cuts"},{"not_picked":["Deadly Poison","Cloak And Dagger"],"picked":"Backflip"},{"not_picked":["Poisoned Stab","Sucker Punch"],"picked":"Outmaneuver"},{"not_picked":["Dagger Throw","Acrobatics"],"picked":"Backflip"},{"not_picked":["Dash","Unload"],"picked":"Terror"}],"player_experience":87090,"potions_floor_usage":[7,11,12,13,14,23,23,33,33,50],"damage_taken":[{"damage":0,"enemies":"Jaw Worm","floor":1,"turns":3},{"damage":0,"enemies":"Cultist","floor":3,"turns":3},{"damage":0,"enemies":"Blue Slaver","floor":5,"turns":4},{"damage":18,"enemies":"Gremlin Nob","floor":7,"turns":4},{"damage":0,"enemies":"Exordium Wildlife","floor":10,"turns":2},{"damage":0,"enemies":"3 Sentries","floor":11,"turns":5},{"damage":0,"enemies":"Lots of Slimes","floor":12,"turns":1},{"damage":0,"enemies":"The Mushroom Lair","floor":13,"turns":4},{"damage":6,"enemies":"Gremlin Nob","floor":14,"turns":4},{"damage":20,"enemies":"Hexaghost","floor":16,"turns":9},{"damage":0,"enemies":"Shell Parasite","floor":18,"turns":4},{"damage":0,"enemies":"3 Byrds","floor":22,"turns":4},{"damage":6,"enemies":"Gremlin Leader","floor":23,"turns":6},{"damage":0,"enemies":"Centurion and Healer","floor":25,"turns":7},{"damage":0,"enemies":"Chosen and Byrds","floor":27,"turns":6},{"damage":2,"enemies":"Book of Stabbing","floor":28,"turns":5},{"damage":1,"enemies":"Snecko","floor":29,"turns":4},{"damage":1,"enemies":"Centurion and Healer","floor":31,"turns":5},{"damage":0,"enemies":"Collector","floor":33,"turns":11},{"damage":0,"enemies":"Orb Walker","floor":35,"turns":4},{"damage":8,"enemies":"3 Shapes","floor":36,"turns":4},{"damage":25,"enemies":"Sphere and 2 Shapes","floor":38,"turns":6},{"damage":1,"enemies":"Nemesis","floor":40,"turns":10},{"damage":0,"enemies":"3 Darklings","floor":41,"turns":4},{"damage":0,"enemies":"4 Shapes","floor":42,"turns":4},{"damage":0,"enemies":"Maw","floor":45,"turns":7},{"damage":0,"enemies":"Sphere and 2 Shapes","floor":46,"turns":5},{"damage":0,"enemies":"4 Shapes","floor":48,"turns":7},{"damage":14,"enemies":"Time Eater","floor":50,"turns":11}],"event_choices":[{"event_name":"Shining Light","player_choice":"Entered Light","floor":2,"damage_taken":0},{"event_name":"The Woman in Blue","player_choice":"Bought 3 Potions","floor":8,"damage_taken":0},{"event_name":"Mushrooms","player_choice":"Fought Mushrooms","floor":13,"damage_taken":0},{"event_name":"Beggar","player_choice":"Ignored","floor":19,"damage_taken":0},{"event_name":"Forgotten Altar","player_choice":"Shed Blood","floor":21,"damage_taken":0},{"event_name":"Vampires","player_choice":"Became a vampire (Vial)","floor":30,"damage_taken":0},{"event_name":"The Lab","player_choice":"Got Potions","floor":37,"damage_taken":0},{"event_name":"Purifier","player_choice":"One Purge","floor":39,"damage_taken":0}],"boss_relics":[{"not_picked":["Orrery","Velvet Choker"],"picked":"Ectoplasm"},{"not_picked":["The Specimen","Astrolabe"],"picked":"Philosopher\u0027s Stone"}],"potions_floor_spawned":[1,7,11,14,16,18,29,31,35,38,40],"seed_played":"2576657301770624071","is_trial":false}