{"path_per_floor":["M","$","M","M","M","R","E","$","T","T","M","M","R","M","R","B",null,"M","M","?","$","M","R","E","M","T","R","?","M","E","M","R","B",null,"M","?","$","?","$","E","?","?","T","E","R","M","R","?","R","B"],"character_chosen":"THE_SILENT","items_purchased":["Toolbox","Paper Crane","Vajra","Footwork","War Paint"],"gold_per_floor":[366,48,67,83,100,100,134,34,116,416,428,439,439,455,455,553,553,570,584,634,46,62,62,97,114,114,114,39,55,84,103,103,199,199,214,214,214,214,68,99,0,100,152,180,180,191,191,240,240,240],"floor_reached":51,"campfire_rested":2,"playtime":4224,"current_hp_per_floor":[62,62,62,63,63,63,50,50,50,50,50,50,50,50,50,25,63,54,63,63,63,63,63,58,58,64,64,64,63,51,41,41,36,75,75,65,65,65,65,65,65,65,71,37,61,61,61,27,51,64],"items_purged":["Strike_G","Strike_G","Strike_G"],"gold":240,"play_id":"036639bc-5291-4cf4-a26b-b7f55e4b809c","is_prod":false,"is_daily":false,"campfire_rituals":0,"campfire_upgraded":7,"is_hardmode":false,"path_taken":["M","$","M","?","?","R","E","$","T","?","M","?","R","M","R","BOSS","M","M","?","$","M","R","E","M","T","R","?","M","E","M","R","BOSS","M","?","$","?","$","E","?","?","T","E","R","M","R","?","R","BOSS"],"build_version":"2018-01-01-BETA1","purchased_purges":3,"victory":true,"master_deck":["Defend_G","Defend_G","Defend_G","Defend_G","Defend_G","Strike_G","Survivor","Neutralize","Dagger Spray","Bouncing Flask","Distraction","Quick Slash","Quick Slash","Leg Sweep","Venomology","Footwork","Flying Knee","Bouncing Flask","Dodge and Roll","Cloak And Dagger","Die Die Die","Doubt","Madness","Madness","Clumsy","Bane","Backflip","Bane"],"max_hp_per_floor":[63,63,63,63,63,63,63,63,63,63,63,63,63,63,63,63,63,63,63,63,63,63,63,63,63,69,69,69,69,69,69,69,69,75,75,75,75,75,75,75,75,75,81,81,81,81,81,81,81,81],"relics":["Ring of the Snake","Toolbox","Ancient Tea Set","Darkstone Periapt","Old Coin","Cursed Key","Paper Crane","Vajra","Ice Cream","Juzu Bracelet","Letter Opener","The Specimen","War Paint","Pantograph","Red Mask","Lantern","Bronze Scales","Girya"],"campfire_meditates":0,"card_choices":[{"not_picked":["Outmaneuver","Sucker Punch"],"picked":"Dagger Spray"},{"not_picked":["Dodge and Roll","PiercingWail"],"picked":"Bouncing Flask"},{"not_picked":["Quick Slash","Flying Knee"],"picked":"Distraction"},{"not_picked":["Outmaneuver","Tools of the Trade"],"picked":"Quick Slash"},{"not_picked":["Riddle With Holes","Slice"],"picked":"Quick Slash"},{"not_picked":["Slice","Poisoned Stab"],"picked":"Leg Sweep"},{"not_picked":["Bullet Time","Storm of Steel"],"picked":"Venomology"},{"not_picked":["Underhanded Strike","Sucker Punch"],"picked":"Flying Knee"},{"not_picked":["Bane","Slice"],"picked":"Bouncing Flask"},{"not_picked":["Outmaneuver","Reflex"],"picked":"Dodge and Roll"},{"not_picked":["Flying Knee","PiercingWail"],"picked":"Cloak And Dagger"},{"not_picked":["Grand Finale","Glass Knife"],"picked":"Die Die Die"},{"not_picked":["PiercingWail","Slice"],"picked":"Bane"},{"not_picked":["Deflect","Dodge and Roll"],"picked":"Backflip"},{"not_picked":["Malaise","Deflect"],"picked":"Bane"}],"player_experience":262045,"potions_floor_usage":[12,12,14,18,19,24,24,29,29,30,33,33,35,35,40,44,48,48,50,50,50,50],"damage_taken":[{"damage":1,"enemies":"Blue Slaver","floor":1,"turns":8},{"damage":0,"enemies":"Cultist","floor":3,"turns":4},{"damage":0,"enemies":"Jaw Worm","floor":4,"turns":3},{"damage":0,"enemies":"Red Slaver","floor":5,"turns":4},{"damage":13,"enemies":"Lagavulin","floor":7,"turns":5},{"damage":0,"enemies":"Exordium Wildlife","floor":11,"turns":2},{"damage":0,"enemies":"Exordium Thugs","floor":12,"turns":3},{"damage":0,"enemies":"Lots of Slimes","floor":14,"turns":1},{"damage":25,"enemies":"The Guardian","floor":16,"turns":9},{"damage":9,"enemies":"2 Thieves","floor":18,"turns":5},{"damage":5,"enemies":"Shell Parasite","floor":19,"turns":6},{"damage":0,"enemies":"Snake Plant","floor":22,"turns":4},{"damage":5,"enemies":"Slavers","floor":24,"turns":5},{"damage":0,"enemies":"Centurion and Healer","floor":25,"turns":7},{"damage":9,"enemies":"Chosen and Byrds","floor":29,"turns":5},{"damage":12,"enemies":"Book of Stabbing","floor":30,"turns":7},{"damage":10,"enemies":"Snecko","floor":31,"turns":3},{"damage":5,"enemies":"Automaton","floor":33,"turns":9},{"damage":0,"enemies":"Flame Bruiser 1 Orb","floor":35,"turns":4},{"damage":0,"enemies":"Giant Head","floor":40,"turns":10},{"damage":49,"enemies":"Nemesis","floor":44,"turns":11},{"damage":0,"enemies":"Orb Walker","floor":46,"turns":3},{"damage":34,"enemies":"Mysterious Sphere","floor":48,"turns":4},{"damage":12,"enemies":"Awakened One","floor":50,"turns":11}],"event_choices":[{"event_name":"The Joust","player_choice":"Bet on Murderer","floor":20,"damage_taken":0},{"event_name":"Beggar","player_choice":"Gave Gold","floor":28,"damage_taken":0},{"event_name":"Winding Halls","player_choice":"Embrace Madness","floor":36,"damage_taken":0},{"event_name":"Tomb of Lord Red Mask","player_choice":"Paid","floor":41,"damage_taken":0},{"event_name":"Golden Shrine","player_choice":"Pray","floor":42,"damage_taken":0},{"event_name":"Mysterious Sphere","player_choice":"Fight","floor":48,"damage_taken":0}],"boss_relics":[{"not_picked":["Ectoplasm","Eternal Feather"],"picked":"Cursed Key"},{"not_picked":["Calling Bell","Pandora\u0027s Box"],"picked":"The Specimen"}],"potions_floor_spawned":[3,5,7,11,18,19,24,29,33,44,48],"seed_played":"3863579259649842720","is_trial":false}