{"path_per_floor":["M","M","?","M","$","R","?","M","T","M","R","?","R","M","R","B",null,"M","$","M","?","?","R","M","R","T","R","?","?","M","M","R","B",null,"M","?","M","$","?","R","$","R","T","?","M","R","M","M","R","B"],"character_chosen":"THE_SILENT","items_purchased":["Madness","Calculated Gamble"],"gold_per_floor":[112,128,228,245,70,70,70,83,83,98,98,127,127,147,147,278,278,233,133,133,133,133,133,133,133,133,133,133,58,58,58,58,58,58,58,58,58,58,58,58,24,24,24,24,24,24,24,24,24,24],"floor_reached":51,"campfire_rested":0,"playtime":3029,"current_hp_per_floor":[70,70,70,66,66,66,66,66,66,66,66,65,65,65,65,23,67,58,58,59,59,59,59,54,54,54,54,54,54,35,33,33,34,67,67,67,60,60,60,60,60,60,60,50,50,50,50,50,50,50],"items_purged":["Strike_G","Strike_G"],"gold":24,"play_id":"9c5a3782-12cd-4b11-9984-692817a03397","is_prod":false,"is_daily":false,"campfire_rituals":0,"campfire_upgraded":5,"is_hardmode":false,"path_taken":["M","M","?","M","$","R","?","M","T","M","R","?","R","?","R","BOSS","M","$","M","?","?","R","M","R","T","R","?","?","M","M","R","BOSS","M","?","M","$","?","R","$","R","T","?","?","R","M","M","R","BOSS"],"build_version":"2018-01-02-BETA1","purchased_purges":2,"victory":true,"master_deck":["Survivor","Neutralize","Flying Knee","Wraith Form","Acrobatics","Madness","Calculated Gamble","Heel Hook","Tactician","Dagger Throw","Quick Slash","Reflex","Prepared","Adrenaline","Calculated Gamble","Madness","Madness","Reflex"],"max_hp_per_floor":[70,70,70,70,70,70,67,67,67,67,67,67,67,67,67,67,67,67,67,67,67,67,67,67,67,67,67,67,67,67,67,67,67,67,67,67,67,67,67,67,67,67,67,67,67,67,67,67,67,67],"relics":["Ring of the Snake","Golden Idol","Peace Pipe","Odd Mushroom","Ectoplasm","Sozu","Bag of Marbles"],"campfire_meditates":0,"card_choices":[{"not_picked":["Prepared","Masterful Stab"],"picked":"Flying Knee"},{"not_picked":["Bane","Sucker Punch"],"picked":"Wraith Form"},{"not_picked":["Setup","Quick Slash"],"picked":"Acrobatics"},{"not_picked":["Endless Agony","Malaise"],"picked":"Calculated Gamble"},{"not_picked":["Bane","Outmaneuver"],"picked":"Heel Hook"},{"not_picked":["Die Die Die","After Image"],"picked":"Tactician"},{"not_picked":["Caltrops","PiercingWail"],"picked":"Dagger Throw"},{"not_picked":["PiercingWail","Catalyst"],"picked":"Quick Slash"},{"not_picked":["Flying Knee","Acrobatics"],"picked":"Reflex"},{"not_picked":["Expertise","Concentrate"],"picked":"Prepared"},{"not_picked":["Tools of the Trade","Phantasmal Killer"],"picked":"Adrenaline"},{"not_picked":["Footwork","Acrobatics"],"picked":"Reflex"}],"player_experience":318395,"potions_floor_usage":[10,12,18,20,33],"damage_taken":[{"damage":0,"enemies":"Small Slimes","floor":1,"turns":3},{"damage":0,"enemies":"Blue Slaver","floor":2,"turns":5},{"damage":4,"enemies":"2 Louse","floor":4,"turns":3},{"damage":0,"enemies":"Exordium Wildlife","floor":8,"turns":3},{"damage":0,"enemies":"Looter","floor":10,"turns":5},{"damage":1,"enemies":"The Mushroom Lair","floor":12,"turns":5},{"damage":0,"enemies":"Large Slime","floor":14,"turns":8},{"damage":42,"enemies":"Slime Boss","floor":16,"turns":13},{"damage":9,"enemies":"2 Thieves","floor":18,"turns":4},{"damage":8,"enemies":"Shell Parasite","floor":20,"turns":4},{"damage":5,"enemies":"3 Cultists","floor":24,"turns":5},{"damage":19,"enemies":"Sentry and Sphere","floor":30,"turns":4},{"damage":2,"enemies":"Slaver and Parasite","floor":31,"turns":3},{"damage":8,"enemies":"Champ","floor":33,"turns":4},{"damage":0,"enemies":"3 Darklings","floor":35,"turns":1},{"damage":7,"enemies":"3 Shapes","floor":37,"turns":2},{"damage":0,"enemies":"Spire Growth","floor":45,"turns":2},{"damage":0,"enemies":"3 Darklings","floor":47,"turns":1},{"damage":0,"enemies":"Flame Bruiser 2 Orb","floor":48,"turns":1},{"damage":0,"enemies":"Awakened One","floor":50,"turns":2}],"event_choices":[{"event_name":"Golden Shrine","player_choice":"Pray","floor":3,"damage_taken":0},{"event_name":"Golden Idol","player_choice":"Lose Max HP","floor":7,"damage_taken":0},{"event_name":"Mushrooms","player_choice":"Fought Mushrooms","floor":12,"damage_taken":0},{"event_name":"The Mausoleum","player_choice":"No","floor":21,"damage_taken":0},{"event_name":"Cursed Tome","player_choice":"Ignored","floor":22,"damage_taken":0},{"event_name":"Vampires","player_choice":"Ignored","floor":28,"damage_taken":0},{"event_name":"Beggar","player_choice":"Gave Gold","floor":29,"damage_taken":0},{"event_name":"Transmorgrifier","player_choice":"Skipped","floor":36,"damage_taken":0},{"event_name":"Mysterious Sphere","player_choice":"Ignore","floor":39,"damage_taken":0},{"event_name":"Winding Halls","player_choice":"Embrace Madness","floor":44,"damage_taken":0}],"boss_relics":[{"not_picked":["White Beast Statue","Astrolabe"],"picked":"Ectoplasm"},{"not_picked":["Black Star","Cursed Key"],"picked":"Sozu"}],"potions_floor_spawned":[8,10,14,16,20,30,33,45,47,48],"seed_played":"-4763037507387279927","is_trial":false}