{"path_per_floor":["M","?","?","M","T","R","M","R","T","M","M","M","$","M","R","B",null,"M","M","M","?","M","R","$","R","T","M","M","M","R","?","R","B",null,"M","M","?"],"character_chosen":"THE_SILENT","items_purchased":["Terror"],"gold_per_floor":[20,20,20,39,88,88,103,103,103,115,126,138,63,83,83,188,188,199,213,227,227,238,238,70,70,141,160,173,183,183,183,183,284,284,304,314,314],"floor_reached":38,"campfire_rested":1,"playtime":1876,"current_hp_per_floor":[70,73,78,78,78,78,78,78,78,75,75,75,75,75,75,61,85,57,49,25,25,21,21,21,21,21,21,20,13,13,13,38,20,85,83,48,48],"items_purged":["Strike_G","Strike_G"],"gold":314,"play_id":"bbd161cd-5897-4036-82f6-72f9c947a2c3","is_prod":false,"is_daily":false,"campfire_rituals":0,"campfire_upgraded":6,"is_hardmode":false,"path_taken":["M","?","?","?","?","R","M","R","T","M","M","M","?","M","R","BOSS","M","?","M","?","M","R","$","R","T","M","M","M","R","?","R","BOSS","M","?","?","M"],"build_version":"2018-01-05-BETA1","purchased_purges":2,"victory":false,"master_deck":["Defend_G","Defend_G","Defend_G","Defend_G","Strike_G","Strike_G","Survivor","Neutralize","Backflip","Grand Finale","Heel Hook","Blur","Quick Slash","Heel Hook","Dagger Throw","Terror","Noxious Fumes","Reflex","Decay"],"max_hp_per_floor":[70,80,85,85,85,85,85,85,85,85,85,85,85,85,85,85,85,85,85,85,85,85,85,85,85,85,85,85,85,85,85,85,85,85,85,85,85],"relics":["Ring of the Snake","Pear","Bronze Scales","Ice Cream","Philosopher\u0027s Stone","Blue Candle","Black Star"],"campfire_meditates":0,"card_choices":[{"not_picked":["Dodge and Roll","Flying Knee"],"picked":"Backflip"},{"not_picked":["Dagger Spray","Sucker Punch"],"picked":"Grand Finale"},{"not_picked":["Blade Dance","Riddle With Holes"],"picked":"Heel Hook"},{"not_picked":["Underhanded Strike","Backflip"],"picked":"Blur"},{"not_picked":["Dagger Spray","Infinite Blades"],"picked":"Quick Slash"},{"not_picked":["Finisher","Bane"],"picked":"Heel Hook"},{"not_picked":["Backflip","Riddle With Holes"],"picked":"Dagger Throw"},{"not_picked":["Dash","Flying Knee"],"picked":"Noxious Fumes"},{"not_picked":["Dagger Throw","Expertise"],"picked":"Reflex"}],"player_experience":348449,"potions_floor_usage":[11,12,27,33,33],"damage_taken":[{"damage":0,"enemies":"Small Slimes","floor":1,"turns":4},{"damage":0,"enemies":"2 Louse","floor":4,"turns":3},{"damage":0,"enemies":"Blue Slaver","floor":7,"turns":5},{"damage":3,"enemies":"Exordium Wildlife","floor":10,"turns":4},{"damage":0,"enemies":"Gremlin Gang","floor":11,"turns":2},{"damage":0,"enemies":"3 Louse","floor":12,"turns":1},{"damage":0,"enemies":"2 Fungi Beasts","floor":14,"turns":2},{"damage":14,"enemies":"Slime Boss","floor":16,"turns":9},{"damage":28,"enemies":"Spheric Guardian","floor":18,"turns":6},{"damage":8,"enemies":"2 Thieves","floor":19,"turns":2},{"damage":24,"enemies":"Snake Plant","floor":20,"turns":5},{"damage":4,"enemies":"Slaver and Parasite","floor":22,"turns":7},{"damage":0,"enemies":"Snecko","floor":27,"turns":4},{"damage":1,"enemies":"Centurion and Healer","floor":28,"turns":3},{"damage":7,"enemies":"Chosen and Byrds","floor":29,"turns":7},{"damage":18,"enemies":"Automaton","floor":33,"turns":11},{"damage":2,"enemies":"3 Shapes","floor":35,"turns":3},{"damage":35,"enemies":"3 Darklings","floor":36,"turns":7},{"damage":55,"enemies":"Sphere and 2 Shapes","floor":38,"turns":4}],"event_choices":[{"event_name":"Scrap Ooze","player_choice":"success","floor":2,"damage_taken":7},{"event_name":"Big Fish","player_choice":"Donut","floor":3,"damage_taken":0},{"event_name":"Duplicator","player_choice":"Ignored","floor":21,"damage_taken":0},{"event_name":"Forgotten Altar","player_choice":"Smashed Altar","floor":31,"damage_taken":0},{"event_name":"Mysterious Sphere","player_choice":"Ignore","floor":37,"damage_taken":0}],"boss_relics":[{"not_picked":["Snecko Eye","Calling Bell"],"picked":"Philosopher\u0027s Stone"},{"not_picked":["Pandora\u0027s Box","Astrolabe"],"picked":"Black Star"}],"potions_floor_spawned":[4,11,12,20,28],"seed_played":"-746428661422491791","killed_by":"Sphere and 2 Shapes","is_trial":false}