{"path_per_floor":["M","M","M","M","M","R","E","R","T","M","$","?","M","M","R","B",null,"M","M","M","$","?","R","?","?","T","M","R","?","M","M","R","B",null,"M","?","$","?","M","R","?","M","T","?","M","$","R","M","R","B"],"character_chosen":"THE_SILENT","items_purchased":["Leg Sweep","Heel Hook"],"gold_per_floor":[115,128,148,168,188,188,220,220,220,236,92,92,104,121,121,217,217,228,244,259,125,50,50,50,50,74,87,87,87,99,113,113,214,214,225,225,100,100,111,111,159,172,172,172,184,34,34,54,54,54],"floor_reached":51,"campfire_rested":4,"playtime":3903,"current_hp_per_floor":[70,68,68,68,66,66,52,52,52,49,49,35,35,35,35,20,70,60,43,46,46,46,46,37,37,37,17,39,39,30,18,40,32,75,75,75,75,75,68,68,56,40,40,30,6,6,28,28,50,22],"items_purged":["Strike_G","Strike_G","Defend_G","Strike_G"],"gold":54,"play_id":"03a515fd-5456-46be-a52a-5cde485f4066","is_prod":false,"is_daily":false,"campfire_rituals":0,"campfire_upgraded":5,"is_hardmode":false,"path_taken":["M","M","M","M","M","R","E","R","T","M","$","?","M","?","R","BOSS","M","M","M","$","?","R","?","?","T","M","R","?","?","M","R","BOSS","M","?","$","?","?","R","?","?","T","?","M","?","R","M","R","BOSS"],"build_version":"2018-01-09-BETA1","purchased_purges":4,"victory":true,"master_deck":["Defend_G","Defend_G","Defend_G","Defend_G","Survivor","Neutralize","Skewer","Dagger Throw","Choke","Sucker Punch","Flying Knee","Leg Sweep","Flying Knee","Backflip","Phantasmal Killer","Well Laid Plans","Outmaneuver","Heel Hook","Flying Knee","Predator","Die Die Die","Blur","Flash of Steel","Heel Hook","Cloak And Dagger","Madness","Madness","Quick Slash"],"max_hp_per_floor":[70,70,70,70,70,70,70,70,70,70,70,70,70,70,70,70,70,70,70,70,70,70,70,75,75,75,75,75,75,75,75,75,75,75,75,75,75,75,75,75,75,75,75,75,75,75,75,75,75,75],"relics":["Ring of the Snake","Oddly Smooth Stone","Ginger","White Beast Statue","Pen Nib","Question Card","Sundial","Gambling Chip"],"campfire_meditates":0,"card_choices":[{"not_picked":["Riddle With Holes","All Out Attack"],"picked":"Skewer"},{"not_picked":["Sucker Punch","Slice"],"picked":"Dagger Throw"},{"not_picked":["Dagger Spray","Crippling Poison"],"picked":"Choke"},{"not_picked":["Underhanded Strike","Bane"],"picked":"Sucker Punch"},{"not_picked":["Deflect","PiercingWail"],"picked":"Flying Knee"},{"not_picked":["Setup","Bane"],"picked":"Flying Knee"},{"not_picked":["Bane","Outmaneuver"],"picked":"Backflip"},{"not_picked":["Storm of Steel","Bullet Time"],"picked":"Phantasmal Killer"},{"not_picked":["Prepared","Dagger Spray"],"picked":"Well Laid Plans"},{"not_picked":["Deadly Poison","Flying Knee"],"picked":"Outmaneuver"},{"not_picked":["Poisoned Stab","Sucker Punch"],"picked":"Flying Knee"},{"not_picked":["Calculated Gamble","Slice"],"picked":"Predator"},{"not_picked":["Sucker Punch","Setup"],"picked":"Noxious Fumes"},{"not_picked":["Tactician","Bullet Time"],"picked":"Die Die Die"},{"not_picked":["Catalyst","Flying Knee","Dagger Spray"],"picked":"Blur"},{"not_picked":["Acrobatics","Underhanded Strike","Doppelganger"],"picked":"Heel Hook"},{"not_picked":["Bane","Deflect","Infinite Blades"],"picked":"Cloak And Dagger"},{"not_picked":["Acrobatics","Sucker Punch","Heel Hook"],"picked":"Quick Slash"}],"player_experience":129452,"potions_floor_usage":[7,7,10,18,20,27,30,31,33,33,39,41,41,45,50,50,50],"damage_taken":[{"damage":0,"enemies":"2 Louse","floor":1,"turns":4},{"damage":2,"enemies":"Jaw Worm","floor":2,"turns":4},{"damage":0,"enemies":"Blue Slaver","floor":3,"turns":5},{"damage":0,"enemies":"2 Fungi Beasts","floor":4,"turns":3},{"damage":2,"enemies":"3 Louse","floor":5,"turns":5},{"damage":14,"enemies":"Lagavulin","floor":7,"turns":5},{"damage":3,"enemies":"Red Slaver","floor":10,"turns":4},{"damage":0,"enemies":"2 Fungi Beasts","floor":13,"turns":3},{"damage":0,"enemies":"3 Louse","floor":14,"turns":2},{"damage":15,"enemies":"Hexaghost","floor":16,"turns":13},{"damage":10,"enemies":"Shell Parasite","floor":18,"turns":8},{"damage":17,"enemies":"Chosen","floor":19,"turns":7},{"damage":12,"enemies":"Centurion and Healer","floor":20,"turns":7},{"damage":20,"enemies":"Sentry and Sphere","floor":27,"turns":6},{"damage":9,"enemies":"Snake Plant","floor":30,"turns":5},{"damage":12,"enemies":"Slaver and Parasite","floor":31,"turns":7},{"damage":8,"enemies":"Collector","floor":33,"turns":9},{"damage":0,"enemies":"3 Shapes","floor":35,"turns":5},{"damage":7,"enemies":"Flame Bruiser 1 Orb","floor":39,"turns":4},{"damage":27,"enemies":"Mysterious Sphere","floor":41,"turns":10},{"damage":16,"enemies":"3 Darklings","floor":42,"turns":4},{"damage":24,"enemies":"Sphere and 2 Shapes","floor":45,"turns":6},{"damage":0,"enemies":"Maw","floor":48,"turns":8},{"damage":28,"enemies":"Awakened One","floor":50,"turns":11}],"event_choices":[{"event_name":"Shining Light","player_choice":"Entered Light","floor":12,"damage_taken":0},{"event_name":"Beggar","player_choice":"Gave Gold","floor":22,"damage_taken":0},{"event_name":"Forgotten Altar","player_choice":"Shed Blood","floor":24,"damage_taken":0},{"event_name":"The Woman in Blue","player_choice":"Bought 0 Potions","floor":25,"damage_taken":0},{"event_name":"The Lab","player_choice":"Got Potions","floor":29,"damage_taken":0},{"event_name":"Match and Keep!","player_choice":"1 cards matched","floor":36,"damage_taken":0},{"event_name":"Mysterious Sphere","player_choice":"Fight","floor":41,"damage_taken":0},{"event_name":"Winding Halls","player_choice":"Embrace Madness","floor":44,"damage_taken":0}],"boss_relics":[{"not_picked":["Eternal Feather","Astrolabe"],"picked":"White Beast Statue"},{"not_picked":["The Specimen","Orrery"],"picked":"Question Card"}],"potions_floor_spawned":[1,2,3,5,13,18,19,20,27,30,31,33,35,39,41,42,45,48],"seed_played":"-8334517880876927448","is_trial":false}