{"path_per_floor":["M","M","?","M","?","R","M","R","T","R","M","?","R","M","R","B",null,"M","M","$","M","?","R","$","T","T","R","M","R","M","$","R"],"character_chosen":"THE_SILENT","items_purchased":["Bag of Preparation"],"gold_per_floor":[119,129,129,148,148,148,165,165,165,165,177,177,177,192,192,290,290,307,295,220,232,232,232,78,78,78,78,95,95,109,9,9],"floor_reached":33,"campfire_rested":0,"playtime":1807,"current_hp_per_floor":[70,70,75,75,63,63,60,60,60,60,58,58,58,58,58,29,75,75,73,73,73,73,73,73,80,80,80,70,70,59,59,59],"items_purged":["Strike_G","Strike_G"],"gold":9,"play_id":"618ae15e-4dfe-41c0-a200-25f151888be3","is_prod":false,"is_daily":false,"campfire_rituals":0,"campfire_upgraded":9,"is_hardmode":false,"path_taken":["M","M","?","M","?","R","?","R","T","R","M","?","R","M","R","BOSS","M","M","$","M","?","R","$","?","T","R","?","R","M","$","R","BOSS"],"build_version":"2018-01-02-BETA1","purchased_purges":2,"victory":false,"master_deck":["Defend_G","Defend_G","Defend_G","Defend_G","Defend_G","Strike_G","Strike_G","Strike_G","Survivor","Neutralize","Quick Slash","Backflip","Calculated Gamble","Prepared","Heel Hook","Heel Hook","Burst"],"max_hp_per_floor":[70,70,75,75,75,75,75,75,75,75,75,75,75,75,75,75,75,75,75,75,75,75,75,75,82,82,82,82,82,82,82,82],"relics":["Ring of the Snake","Mummified Hand","Tough Bandages","Sozu","Bag of Preparation","Strawberry","Bottled Flame"],"campfire_meditates":0,"card_choices":[{"not_picked":["Deadly Poison","Phantasmal Killer"],"picked":"Quick Slash"},{"not_picked":["Distraction","Quick Slash"],"picked":"Backflip"},{"not_picked":["Riddle With Holes","After Image"],"picked":"Calculated Gamble"},{"not_picked":["PiercingWail","Heel Hook"],"picked":"Prepared"},{"not_picked":["All Out Attack","Malaise"],"picked":"Heel Hook"},{"not_picked":["Dagger Spray","Footwork"],"picked":"Heel Hook"},{"not_picked":["Cloak And Dagger","Deflect"],"picked":"Burst"}],"player_experience":321424,"potions_floor_usage":[],"damage_taken":[{"damage":0,"enemies":"2 Louse","floor":1,"turns":3},{"damage":0,"enemies":"Small Slimes","floor":2,"turns":4},{"damage":0,"enemies":"Jaw Worm","floor":4,"turns":4},{"damage":3,"enemies":"Lots of Slimes","floor":7,"turns":6},{"damage":2,"enemies":"2 Fungi Beasts","floor":11,"turns":4},{"damage":0,"enemies":"Exordium Thugs","floor":14,"turns":5},{"damage":29,"enemies":"The Guardian","floor":16,"turns":13},{"damage":0,"enemies":"Shell Parasite","floor":18,"turns":5},{"damage":2,"enemies":"2 Thieves","floor":19,"turns":4},{"damage":0,"enemies":"Snake Plant","floor":21,"turns":7},{"damage":10,"enemies":"Snecko","floor":28,"turns":6},{"damage":11,"enemies":"Sentry and Sphere","floor":30,"turns":8},{"damage":64,"enemies":"Champ","floor":33,"turns":16}],"event_choices":[{"event_name":"Big Fish","player_choice":"Donut","floor":3,"damage_taken":0},{"event_name":"Scrap Ooze","player_choice":"success","floor":5,"damage_taken":12},{"event_name":"Liars Game","player_choice":"disagreed","floor":12,"damage_taken":0},{"event_name":"The Lab","player_choice":"Got Potions","floor":22,"damage_taken":0}],"boss_relics":[{"not_picked":["White Beast Statue","Velvet Choker"],"picked":"Sozu"}],"potions_floor_spawned":[4,11,18,19],"seed_played":"-7295845532401880915","killed_by":"Champ","is_trial":false}