{"path_per_floor":["M","?","?","M","M","R","M","R","T","T","$","M","M","M","R","B",null,"M","?","$","?","$","E","R","$","T","M","M","M","R","M","R","B",null,"M","M","?","?","M","R","?","R","T","M","$","M","R","?","R","B"],"character_chosen":"THE_SILENT","items_purchased":["Adrenaline"],"gold_per_floor":[114,64,64,77,91,91,108,108,134,134,59,75,90,110,110,215,215,227,227,127,52,52,85,85,85,85,101,120,130,130,143,143,242,242,261,274,274,274,291,291,291,291,316,334,56,70,70,70,70,70],"floor_reached":51,"campfire_rested":2,"playtime":3576,"current_hp_per_floor":[70,70,63,63,63,63,63,63,63,63,63,63,56,55,70,44,70,69,60,60,60,60,60,60,60,60,60,60,12,75,75,75,75,75,75,75,75,75,68,68,68,68,68,68,68,68,68,68,68,68],"items_purged":["Strike_G","Defend_G","Defend_G"],"gold":70,"play_id":"e436414e-babc-4146-b146-0ab26c1c8c01","is_prod":false,"is_daily":false,"campfire_rituals":0,"campfire_upgraded":5,"is_hardmode":false,"path_taken":["M","?","?","M","M","R","?","R","T","?","$","M","?","M","R","BOSS","M","?","$","?","$","E","R","$","T","M","M","M","R","M","R","BOSS","M","M","?","?","?","R","?","R","T","M","$","?","R","?","R","BOSS"],"build_version":"2018-01-05-BETA1","purchased_purges":3,"victory":true,"master_deck":["Defend_G","Defend_G","Strike_G","Survivor","Neutralize","Reflex","Prepared","Dagger Throw","Tactician","Acrobatics","Grand Finale","Adrenaline"],"max_hp_per_floor":[70,70,70,70,70,70,70,70,70,70,70,70,70,70,70,70,70,70,75,75,75,75,75,75,75,75,75,75,75,75,75,75,75,75,75,75,75,75,75,75,75,75,75,75,75,75,75,75,75,75],"relics":["Ring of the Snake","War Paint","Dream Catcher","Gambling Chip","White Beast Statue","Girya","Oddly Smooth Stone","Philosopher\u0027s Stone","Pen Nib"],"campfire_meditates":0,"card_choices":[{"not_picked":["Well Laid Plans","Footwork"],"picked":"Reflex"},{"not_picked":["Noxious Fumes","Outmaneuver"],"picked":"Prepared"},{"not_picked":["Blur","Accuracy"],"picked":"Dagger Throw"},{"not_picked":["Envenom","Phantasmal Killer"],"picked":"Tactician"},{"not_picked":["Flying Knee","Poisoned Stab"],"picked":"Acrobatics"},{"not_picked":["Night Terror","Tools of the Trade"],"picked":"Grand Finale"}],"player_experience":356414,"potions_floor_usage":[7,16,23,29,29,29,36],"damage_taken":[{"damage":0,"enemies":"Cultist","floor":1,"turns":6},{"damage":0,"enemies":"Jaw Worm","floor":4,"turns":5},{"damage":0,"enemies":"Blue Slaver","floor":5,"turns":6},{"damage":0,"enemies":"Large Slime","floor":7,"turns":5},{"damage":0,"enemies":"3 Louse","floor":12,"turns":4},{"damage":7,"enemies":"Exordium Wildlife","floor":13,"turns":6},{"damage":1,"enemies":"Red Slaver","floor":14,"turns":4},{"damage":26,"enemies":"The Guardian","floor":16,"turns":16},{"damage":1,"enemies":"Shell Parasite","floor":18,"turns":10},{"damage":0,"enemies":"Gremlin Leader","floor":23,"turns":1},{"damage":0,"enemies":"Chosen","floor":27,"turns":1},{"damage":0,"enemies":"Snecko","floor":28,"turns":1},{"damage":57,"enemies":"Chosen and Byrds","floor":29,"turns":8},{"damage":0,"enemies":"Snake Plant","floor":31,"turns":1},{"damage":0,"enemies":"Collector","floor":33,"turns":1},{"damage":0,"enemies":"Flame Bruiser 1 Orb","floor":35,"turns":1},{"damage":0,"enemies":"3 Darklings","floor":36,"turns":1},{"damage":7,"enemies":"Maw","floor":39,"turns":5},{"damage":0,"enemies":"Flame Bruiser 2 Orb","floor":44,"turns":1},{"damage":0,"enemies":"3 Darklings","floor":46,"turns":1},{"damage":0,"enemies":"Donu and Deca","floor":50,"turns":1}],"event_choices":[{"event_name":"The Cleric","player_choice":"Card Removal","floor":2,"damage_taken":0},{"event_name":"Golden Wing","player_choice":"Card Removal","floor":3,"damage_taken":0},{"event_name":"Forgotten Altar","player_choice":"Shed Blood","floor":19,"damage_taken":0},{"event_name":"Beggar","player_choice":"Gave Gold","floor":21,"damage_taken":0},{"event_name":"Mysterious Sphere","player_choice":"Ignore","floor":37,"damage_taken":0},{"event_name":"Upgrade Shrine","player_choice":"Upgraded","floor":38,"damage_taken":0},{"event_name":"The Woman in Blue","player_choice":"Bought 0 Potions","floor":41,"damage_taken":0}],"boss_relics":[{"not_picked":["Snecko Eye","Runic Pyramid"],"picked":"White Beast Statue"},{"not_picked":["Velvet Choker","Runic Dome"],"picked":"Philosopher\u0027s Stone"}],"potions_floor_spawned":[1,4,5,7,18,23,27,28,29,31,33,35,36,39,44,46],"seed_played":"8277965469566146471","is_trial":false}