{"path_per_floor":["M","M","M","$","M","R","M","R","T","R","?","M","M","?","R","B",null,"M","$","?","M","M","R","M","R","T","R","M","R","?","M","R","B",null,"M","$","M","$","T","R","E","R","T","?","M","R","$","M","R","B"],"character_chosen":"THE_SILENT","items_purchased":["Die Die Die","Footwork"],"gold_per_floor":[110,127,142,67,80,80,91,91,91,91,91,102,121,121,121,218,218,231,60,60,79,94,94,110,110,110,110,124,124,124,139,139,238,238,250,125,139,67,146,146,181,181,181,181,197,197,47,59,59,59],"floor_reached":51,"campfire_rested":1,"playtime":3413,"current_hp_per_floor":[69,65,65,65,65,65,65,65,65,65,65,65,65,51,51,29,70,66,66,66,63,55,55,44,44,44,44,37,37,37,39,60,26,70,54,54,60,60,60,60,45,45,59,49,48,48,48,70,70,44],"items_purged":["Strike_G","Defend_G","Defend_G","Strike_G"],"gold":59,"play_id":"2d25f1b4-33cc-4639-bc0c-212cf5a7b1fa","is_prod":false,"is_daily":false,"campfire_rituals":0,"campfire_upgraded":12,"is_hardmode":false,"path_taken":["M","M","M","$","M","R","M","R","T","R","?","M","M","?","R","BOSS","M","$","?","M","M","R","M","R","T","R","M","R","?","M","R","BOSS","M","$","M","$","?","R","E","R","T","?","M","R","$","M","R","BOSS"],"build_version":"2018-01-05-BETA1","purchased_purges":4,"victory":true,"master_deck":["Defend_G","Defend_G","Defend_G","Strike_G","Strike_G","Survivor","Neutralize","Dagger Throw","Dagger Spray","Quick Slash","Flying Knee","Backflip","After Image","Terror","Flying Knee","Cloak And Dagger","Backflip","Die Die Die","Footwork","Blur","A Thousand Cuts","Die Die Die","Footwork","Tools of the Trade","Madness","Madness","PiercingWail"],"max_hp_per_floor":[70,70,70,70,70,70,70,70,70,70,70,70,70,70,70,70,70,70,70,70,70,70,70,70,70,70,70,70,70,70,70,70,70,70,70,70,70,70,70,70,70,70,84,84,84,84,84,84,84,84],"relics":["Ring of the Snake","Mummified Hand","Orrery","Bird Faced Urn","Nloth\u0027s Gift","Runic Dome","Centennial Puzzle","Orichalcum","Mango"],"campfire_meditates":0,"card_choices":[{"not_picked":["Quick Slash","Prepared"],"picked":"Dagger Throw"},{"not_picked":["Well Laid Plans","Finisher"],"picked":"Dagger Spray"},{"not_picked":["Noxious Fumes","Caltrops"],"picked":"Quick Slash"},{"not_picked":["Flechettes","Acrobatics"],"picked":"Flying Knee"},{"not_picked":["Malaise","Concentrate"],"picked":"Backflip"},{"not_picked":["A Thousand Cuts","Night Terror"],"picked":"After Image"},{"not_picked":["Reflex","Poisoned Stab"],"picked":"Terror"},{"not_picked":["Prepared","Catalyst"],"picked":"Flying Knee"},{"not_picked":["Outmaneuver","Eviscerate"],"picked":"Cloak And Dagger"},{"not_picked":["Acrobatics","Setup"],"picked":"Backflip"},{"not_picked":["Catalyst","Dodge and Roll"],"picked":"Blur"},{"not_picked":["Tactician","Die Die Die"],"picked":"A Thousand Cuts"},{"not_picked":["Slice","Backflip"],"picked":"Die Die Die"},{"not_picked":["Phantasmal Killer","Deadly Poison"],"picked":"Tools of the Trade"},{"not_picked":["Die Die Die","Dagger Throw"],"picked":"PiercingWail"}],"player_experience":373033,"potions_floor_usage":[16,24,24,28,28,48,50],"damage_taken":[{"damage":1,"enemies":"Cultist","floor":1,"turns":5},{"damage":4,"enemies":"Blue Slaver","floor":2,"turns":6},{"damage":0,"enemies":"2 Louse","floor":3,"turns":3},{"damage":0,"enemies":"Large Slime","floor":5,"turns":5},{"damage":0,"enemies":"2 Fungi Beasts","floor":7,"turns":3},{"damage":0,"enemies":"Looter","floor":12,"turns":4},{"damage":0,"enemies":"Large Slime","floor":13,"turns":5},{"damage":22,"enemies":"The Guardian","floor":16,"turns":11},{"damage":4,"enemies":"Shell Parasite","floor":18,"turns":7},{"damage":3,"enemies":"3 Byrds","floor":21,"turns":4},{"damage":8,"enemies":"Snake Plant","floor":22,"turns":6},{"damage":11,"enemies":"Slaver and Parasite","floor":24,"turns":9},{"damage":11,"enemies":"3 Cultists","floor":28,"turns":7},{"damage":2,"enemies":"Snake Plant","floor":31,"turns":4},{"damage":38,"enemies":"Collector","floor":33,"turns":17},{"damage":18,"enemies":"3 Darklings","floor":35,"turns":5},{"damage":0,"enemies":"Flame Bruiser 1 Orb","floor":37,"turns":5},{"damage":23,"enemies":"Nemesis","floor":41,"turns":10},{"damage":11,"enemies":"3 Darklings","floor":45,"turns":3},{"damage":0,"enemies":"4 Shapes","floor":48,"turns":12},{"damage":36,"enemies":"Donu and Deca","floor":50,"turns":14}],"event_choices":[{"event_name":"Purifier","player_choice":"One Purge","floor":11,"damage_taken":0},{"event_name":"Shining Light","player_choice":"Entered Light","floor":14,"damage_taken":0},{"event_name":"The Library","player_choice":"Read","floor":20,"damage_taken":0},{"event_name":"N\u0027loth","player_choice":"Traded a Prayer Wheel","floor":30,"damage_taken":0},{"event_name":"Winding Halls","player_choice":"Embrace Madness","floor":44,"damage_taken":0}],"boss_relics":[{"not_picked":["Tiny House","Question Card"],"picked":"Orrery"},{"not_picked":["Velvet Choker","Black Star"],"picked":"Runic Dome"}],"potions_floor_spawned":[2,7,12,16,22,24,33,35,45],"seed_played":"6498536145347058377","is_trial":false}