{"path_per_floor":["M","?","M","?","M","R","M","M","T","$","R","?","E","M","R","B",null,"M","$","M","?","M","R","?","R","T","M","$","T","M","M","R"],"character_chosen":"THE_SILENT","items_purchased":[],"gold_per_floor":[12,12,23,23,36,36,48,67,67,67,67,89,120,138,138,236,236,249,174,186,186,196,196,196,196,196,215,115,115,128,139,139],"floor_reached":33,"campfire_rested":0,"playtime":1756,"current_hp_per_floor":[70,70,69,69,69,69,69,69,69,69,69,65,53,53,53,37,70,69,69,60,60,55,55,55,55,55,57,57,57,59,61,61],"items_purged":["Strike_G","Strike_G"],"gold":139,"play_id":"2dd656b8-e9a8-4c13-abc4-cb3cf5ad650c","is_prod":false,"is_daily":false,"campfire_rituals":0,"campfire_upgraded":5,"is_hardmode":false,"path_taken":["M","?","M","?","M","R","M","M","T","$","R","?","E","M","R","BOSS","M","?","M","?","?","R","?","R","T","M","$","?","M","M","R","BOSS"],"build_version":"2018-01-05-BETA1","purchased_purges":2,"victory":false,"master_deck":["Defend_G","Defend_G","Defend_G","Defend_G","Strike_G","Survivor","Neutralize","Dagger Throw","Flying Knee","Quick Slash","Acrobatics","Terror","After Image","Backflip"],"max_hp_per_floor":[70,70,70,70,70,70,70,70,70,70,70,70,70,70,70,70,70,70,70,70,70,70,70,70,70,70,70,70,70,70,70,70],"relics":["Ring of the Snake","Art of War","Odd Mushroom","Anchor","Sozu","Blood Vial","Peace Pipe"],"campfire_meditates":0,"card_choices":[{"not_picked":["Riddle With Holes","Leg Sweep"],"picked":"Dagger Throw"},{"not_picked":["Malaise","Caltrops"],"picked":"Flying Knee"},{"not_picked":["Corpse Explosion","Flying Knee"],"picked":"Quick Slash"},{"not_picked":["Eviscerate","Prepared"],"picked":"Acrobatics"},{"not_picked":["Deadly Poison","Quick Slash"],"picked":"Terror"},{"not_picked":["PiercingWail","Bane"],"picked":"After Image"},{"not_picked":["Noxious Fumes","Finisher"],"picked":"Backflip"}],"player_experience":344220,"potions_floor_usage":[12],"damage_taken":[{"damage":0,"enemies":"Jaw Worm","floor":1,"turns":5},{"damage":1,"enemies":"Blue Slaver","floor":3,"turns":4},{"damage":0,"enemies":"Cultist","floor":5,"turns":3},{"damage":0,"enemies":"Exordium Wildlife","floor":7,"turns":4},{"damage":0,"enemies":"Large Slime","floor":8,"turns":4},{"damage":4,"enemies":"The Mushroom Lair","floor":12,"turns":3},{"damage":12,"enemies":"Gremlin Nob","floor":13,"turns":4},{"damage":0,"enemies":"Looter","floor":14,"turns":2},{"damage":16,"enemies":"Slime Boss","floor":16,"turns":9},{"damage":1,"enemies":"3 Byrds","floor":18,"turns":5},{"damage":9,"enemies":"Spheric Guardian","floor":20,"turns":4},{"damage":5,"enemies":"3 Cultists","floor":22,"turns":7},{"damage":0,"enemies":"Slaver and Parasite","floor":27,"turns":7},{"damage":0,"enemies":"Chosen and Byrds","floor":30,"turns":6},{"damage":0,"enemies":"3 Cultists","floor":31,"turns":6},{"damage":90,"enemies":"Automaton","floor":33,"turns":18}],"event_choices":[{"event_name":"Upgrade Shrine","player_choice":"Upgraded","floor":2,"damage_taken":0},{"event_name":"The Cleric","player_choice":"Leave","floor":4,"damage_taken":0},{"event_name":"Mushrooms","player_choice":"Fought Mushrooms","floor":12,"damage_taken":0},{"event_name":"The Mausoleum","player_choice":"No","floor":21,"damage_taken":0},{"event_name":"Cursed Tome","player_choice":"Ignored","floor":24,"damage_taken":0}],"boss_relics":[{"not_picked":["Astrolabe","Eternal Feather"],"picked":"Sozu"}],"potions_floor_spawned":[1,7,12,14,16,20,22],"seed_played":"796717430746813242","killed_by":"Automaton","is_trial":false}