{"path_per_floor":["M","M","M","?","?","R","E","R","T","M","R","$","M","M","R","B",null,"M","M","$","M","?","R","M","E","T","?","R","M","R","E","R","B",null,"M","$","?","$","M","R","M","?","T","M","R","M","?","M","R","B"],"character_chosen":"THE_SILENT","items_purchased":["Acrobatics","Tough Bandages","Bronze Scales"],"gold_per_floor":[317,330,341,341,341,341,368,368,391,408,408,286,296,312,312,410,410,424,437,93,108,108,108,119,145,145,145,145,155,155,181,181,277,277,287,162,162,17,29,29,41,41,119,139,139,150,0,11,11,11],"floor_reached":51,"campfire_rested":4,"playtime":4306,"current_hp_per_floor":[70,70,69,69,55,55,42,42,42,42,42,42,42,32,53,15,70,65,46,46,43,34,56,56,39,39,39,39,39,39,39,75,59,75,75,75,65,65,65,65,65,65,65,65,65,65,65,65,75,75],"items_purged":["Defend_G","Strike_G","Strike_G"],"gold":11,"play_id":"66cf70de-cb68-42cb-9b96-d18e68dbe91f","is_prod":false,"is_daily":false,"campfire_rituals":0,"campfire_upgraded":7,"is_hardmode":false,"path_taken":["M","M","M","?","?","R","E","R","T","?","R","$","M","M","R","BOSS","M","M","$","M","?","R","M","E","T","?","R","M","R","E","R","BOSS","M","$","?","$","M","R","?","?","T","M","R","M","?","M","R","BOSS"],"build_version":"2018-01-04-BETA1","purchased_purges":3,"victory":true,"master_deck":["Defend_G","Defend_G","Defend_G","Defend_G","Strike_G","Strike_G","Survivor","Neutralize","Calculated Gamble","Flying Knee","Blur","Acrobatics","Dagger Throw","Flying Knee","Blur","Prepared","Die Die Die","Madness","Madness","Slice"],"max_hp_per_floor":[70,70,70,70,70,70,70,70,70,70,70,70,70,70,70,70,70,70,70,70,70,75,75,75,75,75,75,75,75,75,75,75,75,75,75,75,75,75,75,75,75,75,75,75,75,75,75,75,75,75],"relics":["Ring of the Snake","Old Coin","Ginger","Lantern","Question Card","Tough Bandages","Matryoshka","Regal Pillow","Shovel","Unceasing Top","Runic Dome","Bronze Scales","Happy Flower","Dodecahedron","Red Mask"],"campfire_meditates":0,"card_choices":[{"not_picked":["Predator","Sucker Punch"],"picked":"Calculated Gamble"},{"not_picked":["Backflip","Skewer"],"picked":"Flying Knee"},{"not_picked":["Flying Knee","Underhanded Strike"],"picked":"Footwork"},{"not_picked":["Bane","Slice"],"picked":"Blur"},{"not_picked":["Concentrate","Crippling Poison"],"picked":"Dagger Throw"},{"not_picked":["Dagger Throw","Cloak And Dagger","Masterful Stab"],"picked":"Flying Knee"},{"not_picked":["PiercingWail","Terror","All Out Attack"],"picked":"Blur"},{"not_picked":["Acrobatics","Endless Agony","Flying Knee"],"picked":"Prepared"},{"not_picked":["Phantasmal Killer","Venomology","Glass Knife"],"picked":"Die Die Die"},{"not_picked":["Prepared","Dagger Spray","Backflip"],"picked":"Slice"}],"player_experience":323231,"potions_floor_usage":[46],"damage_taken":[{"damage":0.0,"enemies":"Blue Slaver","floor":1.0,"turns":6.0},{"damage":0.0,"enemies":"Jaw Worm","floor":2.0,"turns":3.0},{"damage":1.0,"enemies":"Cultist","floor":3.0,"turns":5.0},{"damage":13.0,"enemies":"Lagavulin","floor":7.0,"turns":8.0},{"damage":0.0,"enemies":"2 Fungi Beasts","floor":10.0,"turns":4.0},{"damage":0.0,"enemies":"3 Louse","floor":13.0,"turns":4.0},{"damage":10.0,"enemies":"Exordium Wildlife","floor":14.0,"turns":7.0},{"damage":38.0,"enemies":"Slime Boss","floor":16.0,"turns":19.0},{"damage":5.0,"enemies":"3 Byrds","floor":18.0,"turns":9.0},{"damage":19.0,"enemies":"Chosen","floor":19.0,"turns":4.0},{"damage":3.0,"enemies":"Snecko","floor":21.0,"turns":8.0},{"damage":0.0,"enemies":"Sentry and Sphere","floor":24.0,"turns":10.0},{"damage":17.0,"enemies":"Slavers","floor":25.0,"turns":11.0},{"damage":0.0,"enemies":"Snake Plant","floor":29.0,"turns":7.0},{"damage":0.0,"enemies":"Book of Stabbing","floor":31.0,"turns":9.0},{"damage":16.0,"enemies":"Collector","floor":33.0,"turns":41.0},{"damage":0.0,"enemies":"3 Darklings","floor":35.0,"turns":7.0},{"damage":0.0,"enemies":"Orb Walker","floor":39.0,"turns":3.0},{"damage":0.0,"enemies":"3 Darklings","floor":41.0,"turns":5.0},{"damage":0.0,"enemies":"Sphere and 2 Shapes","floor":44.0,"turns":4.0},{"damage":0,"enemies":"Flame Bruiser 2 Orb","floor":46,"turns":7},{"damage":0,"enemies":"Spire Growth","floor":48,"turns":4},{"damage":0,"enemies":"Awakened One","floor":50,"turns":13}],"event_choices":[{"event_name":"Living Wall","player_choice":"Forget","floor":4.0,"damage_taken":0.0},{"event_name":"Shining Light","player_choice":"Entered Light","floor":5.0,"damage_taken":0.0},{"event_name":"Forgotten Altar","player_choice":"Shed Blood","floor":22.0,"damage_taken":0.0},{"event_name":"Cursed Tome","player_choice":"Ignored","floor":27.0,"damage_taken":0.0},{"event_name":"Winding Halls","player_choice":"Embrace Madness","floor":37.0,"damage_taken":0.0},{"event_name":"Tomb of Lord Red Mask","player_choice":"Paid","floor":47,"damage_taken":0}],"boss_relics":[],"potions_floor_spawned":[1,2,10,16,18,21,24,29,33,44,48],"seed_played":"7100867902335879497","is_trial":false}