{"path_per_floor":["M","M","M","$","M","R","M","$","T","?","R","M","R","M","R","B",null,"M","?","M","T","$"],"character_chosen":"THE_SILENT","items_purchased":["Tiny Chest","Lantern"],"gold_per_floor":[365,378,398,323,337,337,351,137,163,338,338,355,355,369,369,471,471,486,486,504,504,234],"floor_reached":23,"campfire_rested":0,"playtime":1741,"current_hp_per_floor":[35,34,32,32,30,30,30,30,30,30,30,30,30,30,30,28,70,48,48,33,33,33],"items_purged":["Strike_G","Strike_G","Defend_G"],"gold":234,"play_id":"1338c912-8e01-4da6-815f-b8ce79837121","is_prod":false,"is_daily":false,"campfire_rituals":0,"campfire_upgraded":4,"is_hardmode":false,"path_taken":["M","M","M","$","M","R","M","$","T","?","R","M","R","M","R","BOSS","M","?","M","?","$","E"],"build_version":"2018-01-12-BETA1","purchased_purges":3,"victory":false,"master_deck":["Defend_G","Defend_G","Defend_G","Defend_G","Strike_G","Strike_G","Strike_G","Survivor","Neutralize","Backflip","Acrobatics","Flying Knee","Dagger Spray","Dagger Throw","Doubt","Outmaneuver","Dagger Throw","Doppelganger","Quick Slash"],"max_hp_per_floor":[70,70,70,70,70,70,70,70,70,70,70,70,70,70,70,70,70,70,70,70,70,70],"relics":["Ring of the Snake","Tiny Chest","Juzu Bracelet","Black Star","Torii","Lantern"],"campfire_meditates":0,"card_choices":[{"not_picked":["Accuracy","Riddle With Holes"],"picked":"Backflip"},{"not_picked":["Cloak And Dagger","Corpse Explosion"],"picked":"Acrobatics"},{"not_picked":["Dagger Spray","Outmaneuver"],"picked":"Flying Knee"},{"not_picked":["Slice","Backstab"],"picked":"Dagger Spray"},{"not_picked":["Calculated Gamble","Dodge and Roll"],"picked":"Dagger Throw"},{"not_picked":["Eviscerate","Flechettes"],"picked":"Outmaneuver"},{"not_picked":["Corpse Explosion","Outmaneuver"],"picked":"Dagger Throw"},{"not_picked":["Phantasmal Killer","Tactician"],"picked":"Doppelganger"},{"not_picked":["Noxious Fumes","Outmaneuver"],"picked":"Quick Slash"}],"player_experience":166116,"potions_floor_usage":[14,16,16,18,23],"damage_taken":[{"damage":0,"enemies":"2 Louse","floor":1,"turns":3},{"damage":1,"enemies":"Jaw Worm","floor":2,"turns":7},{"damage":2,"enemies":"Small Slimes","floor":3,"turns":5},{"damage":2,"enemies":"Looter","floor":5,"turns":4},{"damage":0,"enemies":"Exordium Wildlife","floor":7,"turns":4},{"damage":0,"enemies":"3 Louse","floor":12,"turns":2},{"damage":0,"enemies":"Lots of Slimes","floor":14,"turns":1},{"damage":17,"enemies":"Hexaghost","floor":16,"turns":11},{"damage":22,"enemies":"2 Thieves","floor":18,"turns":4},{"damage":15,"enemies":"3 Byrds","floor":20,"turns":6},{"damage":33,"enemies":"Gremlin Leader","floor":23,"turns":6}],"event_choices":[{"event_name":"Liars Game","player_choice":"agreed","floor":10,"damage_taken":0},{"event_name":"Drug Dealer","player_choice":"Ignored","floor":19,"damage_taken":0}],"boss_relics":[{"not_picked":["Cursed Key","Tiny House"],"picked":"Black Star"}],"potions_floor_spawned":[1,5,12,14,18],"seed_played":"-2082217166307624882","killed_by":"Gremlin Leader","is_trial":false}