{"path_per_floor":["M","$","?","?","$","R","M","R","T","M","M","E","R","M","R","B",null,"M","?","M","$","M","R","?","R","T","$","T","E","M","M","R","B",null,"M","?","M","$","?","R","M","E","T","M","R","M","R","M","R","B"],"character_chosen":"THE_SILENT","items_purchased":["Dagger Throw","Escape Plan"],"gold_per_floor":[217,96,96,96,29,29,47,47,47,64,83,111,111,125,125,223,223,235,235,250,150,163,163,191,191,191,66,66,99,111,131,131,226,226,239,239,250,100,154,154,168,202,280,294,294,308,308,321,321,321],"floor_reached":51,"campfire_rested":0,"playtime":3745,"current_hp_per_floor":[70,70,70,58,58,58,58,58,58,58,58,32,32,32,32,3,70,66,66,66,66,64,70,69,70,70,70,70,70,70,70,70,9,70,70,70,70,70,70,70,70,51,61,61,67,64,70,70,78,29],"items_purged":["Strike_G","Defend_G","Strike_G","Strike_G"],"gold":321,"play_id":"5c165cdb-a8d2-4d7b-b9ec-5a6883f86991","is_prod":false,"is_daily":false,"campfire_rituals":0,"campfire_upgraded":7,"is_hardmode":false,"path_taken":["BOSS","M","?","?","?","?","R","M","R","T","?","M","E","R","M","R","BOSS","M","?","M","?","?","R","?","R","T","$","?","E","?","M","R","BOSS","M","?","M","$","?","R","M","E","T","M","R","?","R","M","R","BOSS"],"build_version":"2018-01-04-BETA1","purchased_purges":4,"victory":true,"master_deck":["Defend_G","Defend_G","Defend_G","Survivor","Neutralize","Prepared","Dagger Throw","Escape Plan","Backflip","Backflip","Slice","Flying Knee","Quick Slash","Calculated Gamble","After Image","Acrobatics","Sucker Punch","Slice","Heel Hook","Acrobatics"],"max_hp_per_floor":[70,70,70,70,70,70,70,70,70,70,70,70,70,70,70,70,70,70,70,70,70,70,70,70,70,70,70,70,70,70,70,70,70,70,70,70,70,70,70,70,70,70,80,80,80,80,80,80,80,80],"relics":["Ring of the Snake","Dead Branch","Shovel","Darkstone Periapt","Eternal Feather","Red Mask","Gremlin Horn","Paper Crane","Bottled Flame","Runic Dome","Girya","Whetstone","Pear","Mercury Hourglass"],"campfire_meditates":0,"card_choices":[{"not_picked":["Deflect","Dagger Spray"],"picked":"Prepared"},{"not_picked":["Backstab","Sucker Punch"],"picked":"Backflip"},{"not_picked":["Infinite Blades","Choke"],"picked":"Backflip"},{"not_picked":["Cloak And Dagger","Backstab"],"picked":"Slice"},{"not_picked":["Unload","Cloak And Dagger"],"picked":"Flying Knee"},{"not_picked":["Flying Knee","Dagger Spray"],"picked":"Quick Slash"},{"not_picked":["Caltrops","Noxious Fumes"],"picked":"Calculated Gamble"},{"not_picked":["Bullet Time","A Thousand Cuts"],"picked":"After Image"},{"not_picked":["Bane","Quick Slash"],"picked":"Acrobatics"},{"not_picked":["Blur","Slice"],"picked":"Sucker Punch"},{"not_picked":["Bane","Dagger Spray"],"picked":"Slice"},{"not_picked":["PiercingWail","Deflect"],"picked":"Heel Hook"},{"not_picked":["Poisoned Stab","Escape Plan"],"picked":"Acrobatics"}],"player_experience":329878,"potions_floor_usage":[12,20,24,29,33,33,42],"damage_taken":[{"damage":0,"enemies":"Blue Slaver","floor":1,"turns":6},{"damage":0,"enemies":"2 Louse","floor":7,"turns":2},{"damage":0,"enemies":"Small Slimes","floor":10,"turns":4},{"damage":0,"enemies":"2 Fungi Beasts","floor":11,"turns":4},{"damage":26,"enemies":"3 Sentries","floor":12,"turns":12},{"damage":0,"enemies":"Looter","floor":14,"turns":4},{"damage":29,"enemies":"The Guardian","floor":16,"turns":18},{"damage":4,"enemies":"3 Byrds","floor":18,"turns":9},{"damage":0,"enemies":"Shell Parasite","floor":20,"turns":11},{"damage":2,"enemies":"Centurion and Healer","floor":22,"turns":8},{"damage":1,"enemies":"Masked Bandits","floor":24,"turns":4},{"damage":0,"enemies":"Slavers","floor":29,"turns":5},{"damage":0,"enemies":"Snake Plant","floor":30,"turns":5},{"damage":0,"enemies":"Snecko","floor":31,"turns":3},{"damage":61,"enemies":"Champ","floor":33,"turns":17},{"damage":0,"enemies":"Flame Bruiser 1 Orb","floor":35,"turns":6},{"damage":0,"enemies":"3 Darklings","floor":37,"turns":5},{"damage":0,"enemies":"Mysterious Sphere","floor":39,"turns":7},{"damage":0,"enemies":"Flame Bruiser 2 Orb","floor":41,"turns":3},{"damage":19,"enemies":"2 Orb Walkers","floor":42,"turns":7},{"damage":0,"enemies":"Sphere and 2 Shapes","floor":44,"turns":5},{"damage":3,"enemies":"Spire Growth","floor":46,"turns":4},{"damage":0,"enemies":"Flame Bruiser 2 Orb","floor":48,"turns":3},{"damage":49,"enemies":"Donu and Deca","floor":50,"turns":13}],"event_choices":[{"event_name":"Bonfire Elementals","player_choice":"ATTACK","floor":3,"damage_taken":0},{"event_name":"Scrap Ooze","player_choice":"success","floor":4,"damage_taken":12},{"event_name":"Purifier","player_choice":"One Purge","floor":19,"damage_taken":0},{"event_name":"Masked Bandits","player_choice":"Fought over 163 gold","floor":24,"damage_taken":0},{"event_name":"Purifier","player_choice":"One Purge","floor":36,"damage_taken":0},{"event_name":"Mysterious Sphere","player_choice":"Fight","floor":39,"damage_taken":0}],"boss_relics":[{"not_picked":["Lizard Tail","Velvet Choker"],"picked":"Eternal Feather"},{"not_picked":["Philosopher\u0027s Stone","Calling Bell"],"picked":"Runic Dome"}],"potions_floor_spawned":[7,12,16,20,24,29,30,39,46],"seed_played":"-2467700155586282809","is_trial":false}