{"path_per_floor":["M","M","$","M","M","E","M","?","T","M","R","?","E","M","R","B",null,"M","$","M","M","M","E","R","E","T","R","M","M","E","$","R","B",null,"M","?","?","M","M","E","M","R","T","M","E","?","M"],"character_chosen":"THE_SILENT","items_purchased":[],"gold_per_floor":[111,124,49,65,77,105,115,115,142,154,154,154,182,192,192,287,287,307,207,218,234,246,276,276,306,306,306,318,332,366,241,241,337,337,348,348,348,365,381,415,427,427,475,495,520,620,640],"floor_reached":48,"campfire_rested":1,"playtime":3944,"current_hp_per_floor":[70,70,70,70,70,53,53,35,35,37,37,37,32,34,34,21,70,70,70,70,64,64,66,66,57,57,57,59,56,58,58,58,34,70,64,54,54,53,43,21,3,24,24,26,12,12,1],"items_purged":["Strike_G","Strike_G","Pain"],"gold":640,"play_id":"cff9062f-5f83-4abf-8ede-e09b887820ca","is_prod":false,"is_daily":false,"campfire_rituals":0,"campfire_upgraded":5,"is_hardmode":false,"path_taken":["M","M","$","M","M","E","M","?","T","M","R","?","E","M","R","BOSS","M","$","M","M","M","E","R","E","T","R","M","M","E","$","R","BOSS","M","?","?","M","?","E","M","R","T","M","E","?","M","M"],"build_version":"2018-01-12-BETA1","purchased_purges":4,"victory":false,"master_deck":["Defend_G","Defend_G","Defend_G","Defend_G","Defend_G","Strike_G","Strike_G","Survivor","Neutralize","PiercingWail","Dagger Throw","Sucker Punch","Backflip","Skewer","Bouncing Flask","Dagger Spray","Corpse Explosion","Malaise","Dagger Spray","Skewer","Quick Slash","Backflip","Die Die Die","Pain","Madness","Madness","Envenom","Catalyst","Pain","Well Laid Plans"],"max_hp_per_floor":[70,70,70,70,70,70,70,70,70,70,70,70,70,70,70,70,70,70,70,70,70,70,70,70,70,70,70,70,70,70,70,70,70,70,70,70,70,70,70,70,70,70,70,70,70,70,70],"relics":["Velvet Choker","Gremlin Horn","Pen Nib","Blood Vial","Snake Skull","Cursed Key","Sundial","Bag of Preparation","Mercury Hourglass","Frozen Eye","Philosopher\u0027s Stone","Vajra","Toxic Egg","Prayer Wheel"],"campfire_meditates":0,"card_choices":[{"not_picked":["Slice","Outmaneuver"],"picked":"PiercingWail"},{"not_picked":["Bane","Envenom"],"picked":"Dagger Throw"},{"not_picked":["Footwork","Deflect"],"picked":"Sucker Punch"},{"not_picked":["Crippling Poison","Bane"],"picked":"Backflip"},{"not_picked":["Dagger Spray","Cloak And Dagger"],"picked":"Skewer"},{"not_picked":["Acrobatics","Distraction"],"picked":"Bouncing Flask"},{"not_picked":["Tools of the Trade","Endless Agony"],"picked":"Dagger Spray"},{"not_picked":["Glass Knife","Grand Finale"],"picked":"Corpse Explosion"},{"not_picked":["Outmaneuver","Dagger Spray"],"picked":"Malaise"},{"not_picked":["Endless Agony","Acrobatics"],"picked":"Dagger Spray"},{"not_picked":["Outmaneuver","Poisoned Stab"],"picked":"Skewer"},{"not_picked":["Outmaneuver","Die Die Die"],"picked":"Quick Slash"},{"not_picked":["Deflect","Bane"],"picked":"Backflip"},{"not_picked":["A Thousand Cuts","Phantasmal Killer"],"picked":"Die Die Die"},{"not_picked":["Cloak And Dagger","Slice"],"picked":"Envenom"},{"not_picked":["Sucker Punch","Bane"],"picked":"Catalyst"},{"not_picked":["Dagger Spray","Bane"],"picked":"Well Laid Plans"}],"player_experience":178356,"potions_floor_usage":[6,16,23,25,33,39,39,41,45],"damage_taken":[{"damage":0,"enemies":"Cultist","floor":1,"turns":4},{"damage":0,"enemies":"Jaw Worm","floor":2,"turns":5},{"damage":0,"enemies":"2 Louse","floor":4,"turns":3},{"damage":0,"enemies":"Looter","floor":5,"turns":4},{"damage":17,"enemies":"3 Sentries","floor":6,"turns":9},{"damage":0,"enemies":"Exordium Thugs","floor":7,"turns":5},{"damage":0,"enemies":"Gremlin Gang","floor":10,"turns":3},{"damage":7,"enemies":"Gremlin Nob","floor":13,"turns":3},{"damage":0,"enemies":"3 Louse","floor":14,"turns":2},{"damage":15,"enemies":"Slime Boss","floor":16,"turns":9},{"damage":0,"enemies":"Shell Parasite","floor":18,"turns":4},{"damage":0,"enemies":"Spheric Guardian","floor":20,"turns":3},{"damage":6,"enemies":"3 Cultists","floor":21,"turns":5},{"damage":2,"enemies":"Slaver and Parasite","floor":22,"turns":5},{"damage":0,"enemies":"Book of Stabbing","floor":23,"turns":4},{"damage":11,"enemies":"Slavers","floor":25,"turns":5},{"damage":0,"enemies":"Centurion and Healer","floor":28,"turns":5},{"damage":5,"enemies":"Sentry and Sphere","floor":29,"turns":3},{"damage":0,"enemies":"Book of Stabbing","floor":30,"turns":6},{"damage":26,"enemies":"Automaton","floor":33,"turns":7},{"damage":6,"enemies":"3 Darklings","floor":35,"turns":4},{"damage":3,"enemies":"Flame Bruiser 1 Orb","floor":38,"turns":3},{"damage":18,"enemies":"Maw","floor":39,"turns":7},{"damage":24,"enemies":"Nemesis","floor":40,"turns":7},{"damage":20,"enemies":"4 Shapes","floor":41,"turns":8},{"damage":0,"enemies":"Sphere and 2 Shapes","floor":44,"turns":3},{"damage":16,"enemies":"Giant Head","floor":45,"turns":7},{"damage":13,"enemies":"Maw","floor":47,"turns":6},{"damage":10,"enemies":"Spire Growth","floor":48,"turns":2}],"event_choices":[{"event_name":"Scrap Ooze","player_choice":"success","floor":8,"damage_taken":18},{"event_name":"Bonfire Elementals","player_choice":"BASIC","floor":12,"damage_taken":0},{"event_name":"Winding Halls","player_choice":"Embrace Madness","floor":36,"damage_taken":0},{"event_name":"Accursed Blacksmith","player_choice":"Forge","floor":37,"damage_taken":0},{"event_name":"Golden Shrine","player_choice":"Pray","floor":46,"damage_taken":0}],"boss_relics":[{"not_picked":["Question Card","Pandora\u0027s Box"],"picked":"Cursed Key"},{"not_picked":["Calling Bell","Orrery"],"picked":"Philosopher\u0027s Stone"}],"potions_floor_spawned":[1,6,10,20,22,28,29,30,33,35,38,44],"seed_played":"-2070909845231575381","killed_by":"Spire Growth","is_trial":false}