{"path_per_floor":["M","$","M","M","M","R","M","R","T","M","$","?","M","M","R","B",null,"M","?","M","?","?","R","M","M","T","R","M","$","M","M","R","B",null,"M","?","?"],"character_chosen":"THE_SILENT","items_purchased":["Paper Crane"],"gold_per_floor":[111,36,54,73,90,90,107,107,107,121,21,21,0,11,11,115,115,133,133,144,144,344,344,360,374,446,446,456,81,94,112,112,212,212,225,225,225],"floor_reached":38,"campfire_rested":0,"playtime":3173,"current_hp_per_floor":[70,70,70,70,70,70,70,70,70,59,59,59,59,59,59,26,70,69,69,69,69,69,69,66,66,66,66,62,62,62,62,62,50,70,57,57,47],"items_purged":["Strike_G","Strike_G","Defend_G"],"gold":225,"play_id":"f590efda-bd67-4d92-b232-5359985927c9","is_prod":false,"is_daily":false,"campfire_rituals":0,"campfire_upgraded":6,"is_hardmode":false,"path_taken":["M","?","M","M","?","R","M","R","T","M","$","?","M","M","R","BOSS","M","?","M","?","?","R","M","M","T","R","M","$","M","?","R","BOSS","M","?","?","?"],"build_version":"2018-01-02-BETA1","purchased_purges":3,"victory":false,"master_deck":["Defend_G","Defend_G","Defend_G","Strike_G","Strike_G","Strike_G","Neutralize","Flying Knee","Blur","Sucker Punch","Backflip","After Image","Footwork","Dash","Tactician","Expertise","PiercingWail","Outmaneuver","Acrobatics","Doppelganger","Madness","Madness"],"max_hp_per_floor":[70,70,70,70,70,70,70,70,70,70,70,70,70,70,70,70,70,70,70,70,70,70,70,70,70,70,70,70,70,70,70,70,70,70,70,70,70],"relics":["Ring of the Snake","Sozu","Bottled Lightning","Paper Crane","White Beast Statue"],"campfire_meditates":0,"card_choices":[{"not_picked":["Bane","Outmaneuver"],"picked":"Flying Knee"},{"not_picked":["Concentrate","Quick Slash"],"picked":"Blur"},{"not_picked":["Bane","Quick Slash"],"picked":"Sucker Punch"},{"not_picked":["Sucker Punch","Cloak And Dagger"],"picked":"Backflip"},{"not_picked":["Storm of Steel","Corpse Explosion"],"picked":"After Image"},{"not_picked":["PiercingWail","Underhanded Strike"],"picked":"Footwork"},{"not_picked":["Underhanded Strike","Backflip"],"picked":"Tactician"},{"not_picked":["Dash","Bane"],"picked":"Expertise"},{"not_picked":["Cloak And Dagger","Backflip"],"picked":"PiercingWail"},{"not_picked":["Eviscerate","Concentrate"],"picked":"Outmaneuver"},{"not_picked":["Poisoned Stab","Dodge and Roll"],"picked":"Acrobatics"},{"not_picked":["Storm of Steel","Bullet Time"],"picked":"Doppelganger"}],"player_experience":311689,"potions_floor_usage":[7,16],"damage_taken":[{"damage":0,"enemies":"Blue Slaver","floor":1,"turns":6},{"damage":0,"enemies":"2 Louse","floor":3,"turns":3},{"damage":0,"enemies":"Jaw Worm","floor":4,"turns":5},{"damage":0,"enemies":"Looter","floor":5,"turns":5},{"damage":0,"enemies":"Large Slime","floor":7,"turns":9},{"damage":11,"enemies":"Exordium Thugs","floor":10,"turns":7},{"damage":0,"enemies":"Looter","floor":13,"turns":4},{"damage":0,"enemies":"Exordium Wildlife","floor":14,"turns":4},{"damage":33,"enemies":"Hexaghost","floor":16,"turns":16},{"damage":1,"enemies":"3 Byrds","floor":18,"turns":13},{"damage":0,"enemies":"Shell Parasite","floor":20,"turns":11},{"damage":3,"enemies":"Snake Plant","floor":24,"turns":8},{"damage":0,"enemies":"Snecko","floor":25,"turns":10},{"damage":4,"enemies":"Chosen and Byrds","floor":28,"turns":14},{"damage":0,"enemies":"Sentry and Sphere","floor":30,"turns":14},{"damage":0,"enemies":"Snake Plant","floor":31,"turns":9},{"damage":12,"enemies":"Automaton","floor":33,"turns":25},{"damage":13,"enemies":"3 Darklings","floor":35,"turns":11},{"damage":70,"enemies":"Mysterious Sphere","floor":38,"turns":16}],"event_choices":[{"event_name":"Liars Game","player_choice":"disagreed","floor":12,"damage_taken":0},{"event_name":"The Library","player_choice":"Read","floor":19,"damage_taken":0},{"event_name":"Back to Basics","player_choice":"Elegance","floor":21,"damage_taken":0},{"event_name":"Wheel of Change","player_choice":"Gold","floor":22,"damage_taken":0},{"event_name":"Winding Halls","player_choice":"Embrace Madness","floor":37,"damage_taken":0},{"event_name":"Mysterious Sphere","player_choice":"Fight","floor":38,"damage_taken":0}],"boss_relics":[{"not_picked":["Question Card","Runic Pyramid"],"picked":"Sozu"},{"not_picked":["Velvet Choker","Black Star"],"picked":"White Beast Statue"}],"potions_floor_spawned":[4,5,10,16,18,20,24,28,35],"seed_played":"-3381254184554207688","killed_by":"Mysterious Sphere","is_trial":false}