{"path_per_floor":["M","M","?","?","M","$","M","?","T","$","M","?","E","M","R","B",null,"M","?","$","?","M","M","R","?","T","T","R","M","M","M","R","B",null,"M","?","?","?","M","R","M","R","T","E","M","R","?","M","R","B"],"character_chosen":"THE_SILENT","items_purchased":[],"gold_per_floor":[114,133,133,133,143,68,80,136,136,36,55,80,110,130,130,226,226,226,141,16,16,0,0,0,0,0,0,0,0,0,0,0,0,0,0,0,0,0,0,0,0,0,0,0,0,0,0,0,0,0],"floor_reached":51,"campfire_rested":0,"playtime":3533,"current_hp_per_floor":[70,68,68,65,65,65,65,55,55,55,55,54,44,43,43,20,80,80,80,80,80,79,77,77,77,77,77,77,77,77,77,77,62,80,80,80,80,70,52,52,51,51,51,51,51,51,51,51,51,51],"items_purged":["Strike_G","Strike_G","Strike_G"],"gold":0,"play_id":"01fc58d6-05df-4824-84bf-cc4599192a29","is_prod":false,"is_daily":false,"campfire_rituals":0,"campfire_upgraded":8,"is_hardmode":false,"path_taken":["M","M","?","?","M","$","?","?","T","?","M","?","E","M","R","BOSS","M","?","$","?","M","M","R","?","T","?","R","M","?","M","R","BOSS","M","?","?","?","M","R","?","R","T","E","M","R","?","M","R","BOSS"],"build_version":"2018-01-02-BETA1","purchased_purges":3,"victory":true,"master_deck":["Defend_G","Defend_G","Defend_G","Defend_G","Defend_G","Strike_G","Strike_G","Survivor","Neutralize","Quick Slash","Flying Knee","Adrenaline","Flying Knee","Backflip","Tactician","Well Laid Plans","Deflect","Reflex","Acrobatics","Acrobatics","Madness","Madness","Footwork","Prepared","Acrobatics"],"max_hp_per_floor":[70,70,70,70,70,70,70,80,80,80,80,80,80,80,80,80,80,80,80,80,80,80,80,80,80,80,80,80,80,80,80,80,80,80,80,80,80,80,80,80,80,80,80,80,80,80,80,80,80,80],"relics":["Ring of the Snake","Bag of Preparation","Dream Catcher","Pear","Torii","Odd Mushroom","Gambling Chip","Ectoplasm","Mercury Hourglass","Vajra","Whetstone","Sozu","Red Mask","Bag of Marbles","Du-Vu Doll"],"campfire_meditates":0,"card_choices":[{"not_picked":["Infinite Blades","Dodge and Roll"],"picked":"Quick Slash"},{"not_picked":["Deflect","Expertise"],"picked":"Flying Knee"},{"not_picked":["Poisoned Stab","Deadly Poison"],"picked":"Adrenaline"},{"not_picked":["Bane","Underhanded Strike"],"picked":"Flying Knee"},{"not_picked":["PiercingWail","Blade Dance"],"picked":"Backflip"},{"not_picked":["Burst","Venomology"],"picked":"Tactician"},{"not_picked":["Cloak And Dagger","Eviscerate"],"picked":"Well Laid Plans"},{"not_picked":["Setup","Skewer"],"picked":"Deflect"},{"not_picked":["Flying Knee","Sucker Punch"],"picked":"Acrobatics"},{"not_picked":["Quick Slash","Flechettes"],"picked":"Acrobatics"},{"not_picked":["Phantasmal Killer","Unload"],"picked":"Tools of the Trade"},{"not_picked":["Slice","Riddle With Holes"],"picked":"Footwork"},{"not_picked":["Bouncing Flask","Footwork"],"picked":"Prepared"},{"not_picked":["Malaise","Accuracy"],"picked":"Acrobatics"}],"player_experience":314862,"potions_floor_usage":[8,22,30],"damage_taken":[{"damage":0,"enemies":"Jaw Worm","floor":1,"turns":6},{"damage":2,"enemies":"Blue Slaver","floor":2,"turns":6},{"damage":0,"enemies":"2 Louse","floor":5,"turns":2},{"damage":0,"enemies":"2 Fungi Beasts","floor":7,"turns":4},{"damage":20,"enemies":"Gremlin Nob","floor":8,"turns":4},{"damage":0,"enemies":"Large Slime","floor":11,"turns":5},{"damage":1,"enemies":"The Mushroom Lair","floor":12,"turns":5},{"damage":10,"enemies":"3 Sentries","floor":13,"turns":9},{"damage":1,"enemies":"Red Slaver","floor":14,"turns":2},{"damage":23,"enemies":"Hexaghost","floor":16,"turns":14},{"damage":0,"enemies":"Chosen","floor":18,"turns":4},{"damage":1,"enemies":"2 Thieves","floor":22,"turns":4},{"damage":2,"enemies":"Snake Plant","floor":23,"turns":5},{"damage":0,"enemies":"Centurion and Healer","floor":29,"turns":4},{"damage":0,"enemies":"Snecko","floor":30,"turns":4},{"damage":0,"enemies":"Snake Plant","floor":31,"turns":3},{"damage":15,"enemies":"Automaton","floor":33,"turns":11},{"damage":0,"enemies":"Orb Walker","floor":35,"turns":2},{"damage":18,"enemies":"3 Shapes","floor":39,"turns":3},{"damage":1,"enemies":"Maw","floor":41,"turns":6},{"damage":0,"enemies":"Giant Head","floor":44,"turns":7},{"damage":0,"enemies":"Spire Growth","floor":45,"turns":4},{"damage":0,"enemies":"Flame Bruiser 2 Orb","floor":48,"turns":2},{"damage":0,"enemies":"Donu and Deca","floor":50,"turns":6}],"event_choices":[{"event_name":"Accursed Blacksmith","player_choice":"Forge","floor":3,"damage_taken":0},{"event_name":"Scrap Ooze","player_choice":"success","floor":4,"damage_taken":3},{"event_name":"Dead Adventurer","player_choice":"Searched \u00271\u0027 times","floor":8,"damage_taken":0},{"event_name":"Mushrooms","player_choice":"Fought Mushrooms","floor":12,"damage_taken":0},{"event_name":"Addict","player_choice":"Obtained Relic","floor":19,"damage_taken":0},{"event_name":"Cursed Tome","player_choice":"Ignored","floor":21,"damage_taken":0},{"event_name":"The Library","player_choice":"Read","floor":25,"damage_taken":0},{"event_name":"Mysterious Sphere","player_choice":"Ignore","floor":36,"damage_taken":0},{"event_name":"Tomb of Lord Red Mask","player_choice":"Paid","floor":37,"damage_taken":0},{"event_name":"Winding Halls","player_choice":"Embrace Madness","floor":38,"damage_taken":0}],"boss_relics":[{"not_picked":["The Specimen","Snecko Eye"],"picked":"Ectoplasm"},{"not_picked":["Velvet Choker","Calling Bell"],"picked":"Sozu"}],"potions_floor_spawned":[1,7,11,12,13,23,30,41,44],"seed_played":"4278007583522863652","is_trial":false}