{"path_per_floor":["M","M","M","?","$","R","T","R","T","M","E","?","M","M","R","B",null,"M","M","?","?","M","R"],"character_chosen":"THE_SILENT","items_purchased":[],"gold_per_floor":[113,123,143,143,68,68,68,68,68,81,113,173,186,198,198,297,297,309,327,327,427,442,442],"floor_reached":24,"campfire_rested":0,"playtime":1832,"current_hp_per_floor":[70,68,68,73,73,73,73,73,73,71,60,26,26,24,24,15,75,75,75,75,75,75,75],"items_purged":["Strike_G"],"gold":442,"play_id":"4b5a50fd-854d-4797-9620-bcfaa60fd21b","is_prod":false,"is_daily":false,"campfire_rituals":0,"campfire_upgraded":3,"is_hardmode":false,"path_taken":["M","M","?","?","$","R","?","R","T","M","E","?","M","M","R","BOSS","M","M","?","?","M","R","E"],"build_version":"2018-01-05-BETA1","purchased_purges":1,"victory":false,"master_deck":["Defend_G","Defend_G","Defend_G","Defend_G","Defend_G","Strike_G","Strike_G","Survivor","Neutralize","Backflip","Acrobatics","Flying Knee","Die Die Die","Terror","Calculated Gamble","Grand Finale"],"max_hp_per_floor":[70,70,70,75,75,75,75,75,75,75,75,75,75,75,75,75,75,75,75,75,75,75,75],"relics":["Ring of the Snake","Anchor","Du-Vu Doll","Peace Pipe","Thread and Needle","Ornamental Fan","Black Star"],"campfire_meditates":0,"card_choices":[{"not_picked":["Dodge and Roll","Calculated Gamble"],"picked":"Backflip"},{"not_picked":["Riddle With Holes","Slice"],"picked":"Acrobatics"},{"not_picked":["Dagger Throw","Distraction"],"picked":"Flying Knee"},{"not_picked":["Well Laid Plans","Bouncing Flask"],"picked":"Die Die Die"},{"not_picked":["Dagger Spray","Quick Slash"],"picked":"Terror"},{"not_picked":["Catalyst","Sucker Punch"],"picked":"Calculated Gamble"},{"not_picked":["Unload","Phantasmal Killer"],"picked":"Grand Finale"}],"player_experience":342388,"potions_floor_usage":[10,11,22,24],"damage_taken":[{"damage":0,"enemies":"Blue Slaver","floor":1,"turns":4},{"damage":2,"enemies":"Small Slimes","floor":2,"turns":4},{"damage":0,"enemies":"Cultist","floor":3,"turns":4},{"damage":2,"enemies":"Gremlin Gang","floor":10,"turns":7},{"damage":24,"enemies":"Gremlin Nob","floor":11,"turns":6},{"damage":34,"enemies":"Lagavulin Event","floor":12,"turns":12},{"damage":0,"enemies":"Exordium Thugs","floor":13,"turns":4},{"damage":2,"enemies":"3 Louse","floor":14,"turns":3},{"damage":9,"enemies":"The Guardian","floor":16,"turns":13},{"damage":0,"enemies":"2 Thieves","floor":18,"turns":2},{"damage":0,"enemies":"Shell Parasite","floor":19,"turns":3},{"damage":0,"enemies":"Sentry and Sphere","floor":22,"turns":3},{"damage":79,"enemies":"Book of Stabbing","floor":24,"turns":11}],"event_choices":[{"event_name":"Big Fish","player_choice":"Donut","floor":4,"damage_taken":0},{"event_name":"Dead Adventurer","player_choice":"Searched \u00271\u0027 times","floor":12,"damage_taken":0},{"event_name":"Back to Basics","player_choice":"Elegance","floor":20,"damage_taken":0},{"event_name":"Golden Shrine","player_choice":"Pray","floor":21,"damage_taken":0}],"boss_relics":[{"not_picked":["Velvet Choker","Pandora\u0027s Box"],"picked":"Black Star"}],"potions_floor_spawned":[1,2,13,14],"seed_played":"-3878862089808362006","killed_by":"Book of Stabbing","is_trial":false}