{"path_per_floor":["M","M","?","?","?","R","$","?","T","M","M","R","M","T","R","B",null,"M","M","$","M","M","M","?","R","T","M","R","?","M","M","R"],"character_chosen":"THE_SILENT","items_purchased":["Lantern"],"gold_per_floor":[111,123,123,123,123,123,48,48,93,104,116,116,136,159,159,262,262,277,287,38,55,66,86,1,1,49,60,60,60,76,87,87],"floor_reached":33,"campfire_rested":2,"playtime":1638,"current_hp_per_floor":[70,69,69,44,67,67,67,53,53,53,55,55,52,52,52,25,70,70,52,52,42,30,12,12,33,33,33,33,33,29,31,52],"items_purged":["Strike_G","Defend_G"],"gold":87,"play_id":"dc48439a-58de-4507-90df-da662c580314","is_prod":false,"is_daily":false,"campfire_rituals":0,"campfire_upgraded":4,"is_hardmode":false,"path_taken":["M","M","?","?","?","R","$","?","T","M","M","R","M","?","R","BOSS","M","M","$","M","M","M","?","R","T","M","R","?","M","M","R","BOSS"],"build_version":"2018-01-05-BETA1","purchased_purges":2,"victory":false,"master_deck":["Defend_G","Defend_G","Defend_G","Defend_G","Strike_G","Strike_G","Strike_G","Survivor","Neutralize","Terror","Quick Slash","Acrobatics","After Image","Backflip","Flying Knee","Prepared","Concentrate","Backflip","Escape Plan"],"max_hp_per_floor":[70,70,70,70,70,70,70,70,70,70,70,70,70,70,70,70,70,70,70,70,70,70,70,70,70,70,70,70,70,70,70,70],"relics":["Ring of the Snake","Blood Vial","Pen Nib","Art of War","Vajra","Orrery","Lantern","Darkstone Periapt","Dream Catcher"],"campfire_meditates":0,"card_choices":[{"not_picked":["PiercingWail","Dagger Throw"],"picked":"Terror"},{"not_picked":["Bouncing Flask","Escape Plan"],"picked":"Quick Slash"},{"not_picked":["Well Laid Plans","Deflect"],"picked":"Acrobatics"},{"not_picked":["Doppelganger","Night Terror"],"picked":"After Image"},{"not_picked":["Underhanded Strike","Acrobatics"],"picked":"Backflip"},{"not_picked":["Dodge and Roll","Caltrops"],"picked":"Flying Knee"},{"not_picked":["Grand Finale","Calculated Gamble"],"picked":"Prepared"},{"not_picked":["Deflect","Outmaneuver"],"picked":"Concentrate"},{"not_picked":["Slice","Bane"],"picked":"Backflip"}],"player_experience":346811,"potions_floor_usage":[23,33],"damage_taken":[{"damage":0,"enemies":"2 Louse","floor":1,"turns":2},{"damage":1,"enemies":"Jaw Worm","floor":2,"turns":3},{"damage":2,"enemies":"Small Slimes","floor":10,"turns":3},{"damage":0,"enemies":"Exordium Wildlife","floor":11,"turns":3},{"damage":5,"enemies":"Large Slime","floor":13,"turns":8},{"damage":29,"enemies":"The Guardian","floor":16,"turns":9},{"damage":0,"enemies":"Shell Parasite","floor":18,"turns":4},{"damage":18,"enemies":"Spheric Guardian","floor":19,"turns":8},{"damage":12,"enemies":"3 Cultists","floor":21,"turns":7},{"damage":14,"enemies":"Snake Plant","floor":22,"turns":5},{"damage":20,"enemies":"Chosen and Byrds","floor":23,"turns":6},{"damage":2,"enemies":"Centurion and Healer","floor":27,"turns":6},{"damage":6,"enemies":"Snake Plant","floor":30,"turns":5},{"damage":0,"enemies":"Snecko","floor":31,"turns":5},{"damage":55,"enemies":"Collector","floor":33,"turns":8}],"event_choices":[{"event_name":"Living Wall","player_choice":"Forget","floor":3,"damage_taken":0},{"event_name":"Scrap Ooze","player_choice":"success","floor":4,"damage_taken":25},{"event_name":"Big Fish","player_choice":"Banana","floor":5,"damage_taken":0},{"event_name":"Shining Light","player_choice":"Entered Light","floor":8,"damage_taken":0},{"event_name":"Addict","player_choice":"Obtained Relic","floor":24,"damage_taken":0},{"event_name":"The Library","player_choice":"Read","floor":29,"damage_taken":0}],"boss_relics":[{"not_picked":["Cursed Key","Velvet Choker"],"picked":"Orrery"}],"potions_floor_spawned":[2,10,13,18,19,27,31],"seed_played":"5342414227704150264","killed_by":"Collector","is_trial":false}