{"path_per_floor":["M","M","M","$","M","R","M","M","T","M","R","?","R","?","R","B",null,"M","?","M","M","?","R","M","T","T","R","M","$","M","M","R","B",null,"M","?","?","$","M","R","?","R","T","?","M","R","?","M","R","B"],"character_chosen":"THE_SILENT","items_purchased":["Adrenaline"],"gold_per_floor":[118,128,138,63,82,82,93,105,130,143,143,143,143,143,143,242,242,256,256,267,278,203,203,213,283,283,283,293,33,48,63,63,168,168,183,237,237,237,256,256,256,256,279,279,292,292,292,310,310,310],"floor_reached":51,"campfire_rested":2,"playtime":3032,"current_hp_per_floor":[70,70,70,70,69,69,62,60,60,58,58,58,58,58,58,49,70,70,54,54,54,54,54,53,53,53,53,47,47,47,47,47,19,70,55,46,46,46,45,45,35,56,56,56,56,56,56,56,70,51],"items_purged":["Strike_G","Defend_G"],"gold":310,"play_id":"5bb7d273-16ef-4c57-a53c-243bbb7f3728","is_prod":false,"is_daily":false,"campfire_rituals":0,"campfire_upgraded":9,"is_hardmode":false,"path_taken":["M","M","M","$","M","R","M","M","T","M","R","?","R","?","R","BOSS","M","?","?","M","?","R","M","?","T","R","M","$","M","M","R","BOSS","M","?","?","$","M","R","?","R","T","?","M","R","?","?","R","BOSS"],"build_version":"2018-01-11-BETA2","purchased_purges":3,"victory":true,"master_deck":["Defend_G","Defend_G","Defend_G","Defend_G","Survivor","Neutralize","Terror","Dagger Throw","Flying Knee","Quick Slash","Phantasmal Killer","Backflip","Bullet Time","Finisher","Flying Knee","Sucker Punch","Adrenaline","Noxious Fumes","Malaise","Acrobatics","Dash","Madness","Madness","Flying Knee","Outmaneuver"],"max_hp_per_floor":[70,70,70,70,70,70,70,70,70,70,70,70,70,70,70,70,70,70,70,70,70,70,70,70,70,70,70,70,70,70,70,70,70,70,70,70,70,70,70,70,70,70,70,70,70,70,70,70,70,70],"relics":["Ring of the Snake","Bag of Marbles","Astrolabe","Nilry\u0027s Codex","Dodecahedron","Bottled Flame","White Beast Statue","Torii","Bag of Preparation"],"campfire_meditates":0,"card_choices":[{"not_picked":["Quick Slash","Prepared"],"picked":"Terror"},{"not_picked":["Poisoned Stab","Dodge and Roll"],"picked":"Dagger Throw"},{"not_picked":["Deflect","Heel Hook"],"picked":"Flying Knee"},{"not_picked":["Caltrops","Escape Plan"],"picked":"Quick Slash"},{"not_picked":["Bullet Time","A Thousand Cuts"],"picked":"Phantasmal Killer"},{"not_picked":["Flechettes","Dagger Throw"],"picked":"Infinite Blades"},{"not_picked":["Crippling Poison","Backflip"],"picked":"Flying Knee"},{"not_picked":["Noxious Fumes","Deflect"],"picked":"Sucker Punch"},{"not_picked":["Dagger Throw","Expertise"],"picked":"Noxious Fumes"},{"not_picked":["Dagger Spray","Poisoned Stab"],"picked":"Malaise"},{"not_picked":["Bane","Catalyst"],"picked":"Acrobatics"},{"not_picked":["Acrobatics","Eviscerate"],"picked":"Dash"},{"not_picked":["Noxious Fumes","Cloak And Dagger"],"picked":"Flying Knee"},{"not_picked":["Expertise","Dodge and Roll"],"picked":"Outmaneuver"}],"player_experience":145453,"potions_floor_usage":[28,30,33,33,36,45,50,50],"damage_taken":[{"damage":0,"enemies":"2 Louse","floor":1,"turns":4},{"damage":0,"enemies":"Blue Slaver","floor":2,"turns":4},{"damage":0,"enemies":"Small Slimes","floor":3,"turns":4},{"damage":1,"enemies":"Red Slaver","floor":5,"turns":4},{"damage":7,"enemies":"Exordium Thugs","floor":7,"turns":4},{"damage":2,"enemies":"Large Slime","floor":8,"turns":5},{"damage":2,"enemies":"Looter","floor":10,"turns":2},{"damage":9,"enemies":"Slime Boss","floor":16,"turns":7},{"damage":0,"enemies":"Chosen","floor":18,"turns":2},{"damage":0,"enemies":"Spheric Guardian","floor":20,"turns":2},{"damage":0,"enemies":"Snake Plant","floor":21,"turns":2},{"damage":1,"enemies":"Snecko","floor":24,"turns":5},{"damage":6,"enemies":"Chosen and Byrds","floor":28,"turns":4},{"damage":9,"enemies":"Snake Plant","floor":30,"turns":5},{"damage":0,"enemies":"Slaver and Parasite","floor":31,"turns":2},{"damage":43,"enemies":"Collector","floor":33,"turns":8},{"damage":15,"enemies":"Flame Bruiser 1 Orb","floor":35,"turns":10},{"damage":9,"enemies":"Mysterious Sphere","floor":36,"turns":4},{"damage":1,"enemies":"3 Shapes","floor":39,"turns":5},{"damage":0,"enemies":"Maw","floor":45,"turns":4},{"damage":0,"enemies":"Spire Growth","floor":48,"turns":2},{"damage":19,"enemies":"Awakened One","floor":50,"turns":13}],"event_choices":[{"event_name":"Accursed Blacksmith","player_choice":"Forge","floor":12,"damage_taken":0},{"event_name":"Purifier","player_choice":"One Purge","floor":14,"damage_taken":0},{"event_name":"Cursed Tome","player_choice":"Obtained Book","floor":19,"damage_taken":0},{"event_name":"Beggar","player_choice":"Gave Gold","floor":22,"damage_taken":0},{"event_name":"Mysterious Sphere","player_choice":"Fight","floor":36,"damage_taken":0},{"event_name":"Tomb of Lord Red Mask","player_choice":"Ignored","floor":37,"damage_taken":0},{"event_name":"Winding Halls","player_choice":"Embrace Madness","floor":41,"damage_taken":0},{"event_name":"Upgrade Shrine","player_choice":"Upgraded","floor":44,"damage_taken":0}],"boss_relics":[{"not_picked":["Sozu","Pandora\u0027s Box"],"picked":"Astrolabe"},{"not_picked":["Snecko Eye","Velvet Choker"],"picked":"White Beast Statue"}],"potions_floor_spawned":[1,3,7,10,21,28,31,33,35,36,39,45,48],"seed_played":"-1803202584395165646","is_trial":false}