{"path_per_floor":["M","M","M","$","?","R","M","R","T","M","M","R","E","M","R","B",null,"M","M","?","?","$","R","E","?","T","E","M","M","R","M","R","B",null,"M","M","?","M","M","R"],"character_chosen":"THE_SILENT","items_purchased":["Predator","Lantern"],"gold_per_floor":[112,124,139,26,26,26,39,39,39,59,77,77,104,121,121,216,216,235,249,249,174,26,26,51,79,124,151,168,187,187,201,201,300,300,312,329,329,342,354,354],"floor_reached":41,"campfire_rested":1,"playtime":5988,"current_hp_per_floor":[69,69,67,67,67,67,67,67,67,67,67,67,62,53,53,51,65,40,6,6,6,6,20,16,22,22,34,49,49,49,49,49,9,39,44,49,49,49,49,49],"items_purged":["Strike_G"],"gold":354,"play_id":"09279170-be21-446a-a8a2-78fc113d9386","is_prod":false,"is_daily":false,"is_ascension_mode":true,"campfire_upgraded":7,"path_taken":["M","M","M","$","?","R","M","R","T","M","?","R","E","M","R","BOSS","M","M","?","?","$","R","E","?","T","E","M","?","R","M","R","BOSS","M","?","?","M","?","R","E"],"build_version":"2018-01-23-BETA1","purchased_purges":1,"victory":false,"master_deck":["Defend_G","Defend_G","Defend_G","Defend_G","Defend_G","Survivor","Neutralize","Blur","Dagger Throw","Flying Knee","Predator","Quick Slash","Terror","Die Die Die","Backflip","Blur","Bite_G","Bite_G","Bite_G","Bite_G","Predator","Sucker Punch","Acrobatics","Venomology","Malaise"],"max_hp_per_floor":[70,70,70,70,70,70,70,70,70,70,70,70,70,70,70,70,70,70,70,49,49,49,49,49,49,49,49,49,49,49,49,49,49,49,49,49,49,49,49,49],"relics":["Ring of the Snake","Sundial","Bird Faced Urn","Snecko Eye","Lantern","Gambling Chip","Red Mask","Happy Flower","Dream Catcher","Philosopher\u0027s Stone"],"card_choices":[{"not_picked":["Bane","Accuracy"],"picked":"Blur"},{"not_picked":["PiercingWail","All Out Attack"],"picked":"Dagger Throw"},{"not_picked":["Burst","Poisoned Stab"],"picked":"Flying Knee"},{"not_picked":["Prepared","Calculated Gamble"],"picked":"Quick Slash"},{"not_picked":["Poisoned Stab","Prepared"],"picked":"Terror"},{"not_picked":["After Image","Grand Finale"],"picked":"Die Die Die"},{"not_picked":["Deflect","Acrobatics"],"picked":"Backflip"},{"not_picked":["Prepared","Sucker Punch"],"picked":"Blur"},{"not_picked":["Deflect","A Thousand Cuts"],"picked":"Predator"},{"not_picked":["Outmaneuver","Prepared"],"picked":"Sucker Punch"},{"not_picked":["Noxious Fumes","Cloak And Dagger"],"picked":"Acrobatics"},{"not_picked":["After Image","Glass Knife"],"picked":"Venomology"},{"not_picked":["Die Die Die","Acrobatics"],"picked":"Malaise"}],"player_experience":303180,"potions_floor_usage":[13,27,27,27,33,33,38,38,41],"damage_taken":[{"damage":1,"enemies":"Small Slimes","floor":1,"turns":4},{"damage":0,"enemies":"2 Louse","floor":2,"turns":4},{"damage":2,"enemies":"Blue Slaver","floor":3,"turns":7},{"damage":0,"enemies":"Looter","floor":7,"turns":2},{"damage":0,"enemies":"2 Fungi Beasts","floor":10,"turns":5},{"damage":0,"enemies":"Large Slime","floor":11,"turns":4},{"damage":5,"enemies":"Lagavulin","floor":13,"turns":5},{"damage":9,"enemies":"3 Louse","floor":14,"turns":4},{"damage":2,"enemies":"Slime Boss","floor":16,"turns":8},{"damage":25,"enemies":"Chosen","floor":18,"turns":4},{"damage":34,"enemies":"Spheric Guardian","floor":19,"turns":6},{"damage":16,"enemies":"Gremlin Leader","floor":24,"turns":7},{"damage":0,"enemies":"Masked Bandits","floor":25,"turns":4},{"damage":0,"enemies":"Slavers","floor":27,"turns":3},{"damage":3,"enemies":"Centurion and Healer","floor":28,"turns":10},{"damage":6,"enemies":"Slaver and Parasite","floor":29,"turns":9},{"damage":0,"enemies":"Snake Plant","floor":31,"turns":2},{"damage":46,"enemies":"Automaton","floor":33,"turns":10},{"damage":3,"enemies":"3 Shapes","floor":35,"turns":7},{"damage":0,"enemies":"3 Darklings","floor":36,"turns":5},{"damage":1,"enemies":"Sphere and 2 Shapes","floor":38,"turns":4},{"damage":0,"enemies":"Maw","floor":39,"turns":7},{"damage":79,"enemies":"Giant Head","floor":41,"turns":8}],"event_choices":[{"event_name":"Liars Game","player_choice":"disagreed","floor":5,"damage_taken":0},{"event_name":"Vampires","player_choice":"Became a vampire","floor":20,"damage_taken":0},{"event_name":"Beggar","player_choice":"Gave Gold","floor":21,"damage_taken":0},{"event_name":"Masked Bandits","player_choice":"Fought over 51 gold","floor":25,"damage_taken":0},{"event_name":"The Lab","player_choice":"Got Potions","floor":37,"damage_taken":0}],"boss_relics":[{"not_picked":["White Beast Statue","Runic Dome"],"picked":"Snecko Eye"},{"not_picked":["Lizard Tail","Black Star"],"picked":"Philosopher\u0027s Stone"}],"potions_floor_spawned":[10,13,14,16,18,25,27,29,35,38],"seed_played":"-1657277171403791143","killed_by":"Giant Head","ascension_level":5,"is_trial":false}