{"path_per_floor":["M","M","?","M","M","R","M","M","T","$","$","?","R","M","R","B",null,"M","?","$","?","M","E","R","$","T","M","R","M","R","M","R","B",null,"M","M","?","?","M","E","R","M","T","?","M","M","M","M","R","B"],"character_chosen":"THE_SILENT","items_purchased":["Backflip"],"gold_per_floor":[115,131,131,142,153,153,170,186,186,111,11,72,72,85,85,180,180,196,196,21,21,36,61,61,61,107,123,123,136,136,147,147,243,243,260,273,318,318,330,361,361,374,374,374,392,402,414,424,424,424],"floor_reached":51,"campfire_rested":1,"playtime":3377,"current_hp_per_floor":[64,64,64,64,64,64,64,60,60,60,60,43,43,38,38,8,80,80,80,80,64,58,45,45,45,45,45,45,43,43,43,43,39,80,80,80,78,78,80,57,57,58,58,58,60,62,64,66,80,58],"items_purged":["Strike_G","Strike_G","Defend_G"],"gold":424,"play_id":"9f352ca2-6d1a-47c1-b17e-6cf2af054269","is_prod":false,"is_daily":false,"campfire_rituals":0,"campfire_upgraded":8,"is_hardmode":false,"path_taken":["M","M","?","?","M","R","M","M","T","?","$","?","R","M","R","BOSS","M","?","$","?","M","E","R","$","T","M","R","M","R","?","R","BOSS","M","M","?","?","M","E","R","M","T","?","M","M","?","M","R","BOSS"],"build_version":"2018-01-18-BETA1","purchased_purges":3,"victory":true,"master_deck":["Defend_G","Defend_G","Defend_G","Survivor","Neutralize","Cloak And Dagger","Dagger Throw","All Out Attack","Dash","Dagger Throw","Reflex","Escape Plan","Night Terror","Tactician","Leg Sweep","Flying Knee","Backflip","Necronomicurse","Predator","Dash","Escape Plan","Acrobatics","Tools of the Trade","Choke","Prepared","Underhanded Strike","Calculated Gamble","Quick Slash"],"max_hp_per_floor":[70,70,70,70,70,70,70,70,70,70,70,80,80,80,80,80,80,80,80,80,80,80,80,80,80,80,80,80,80,80,80,80,80,80,80,80,80,80,80,80,80,80,80,80,80,80,80,80,80,80],"relics":["Ring of the Snake","Sundial","Pear","Astrolabe","Necronomicon","Bottled Flame","Dream Catcher","Sozu","Bird Faced Urn","Gremlin Horn","Du-Vu Doll"],"campfire_meditates":0,"card_choices":[{"not_picked":["Deadly Poison","Reflex"],"picked":"Cloak And Dagger"},{"not_picked":["Deflect","Underhanded Strike"],"picked":"Dagger Throw"},{"not_picked":["Poisoned Stab","Dodge and Roll"],"picked":"Dash"},{"not_picked":["Slice","Concentrate"],"picked":"Dagger Throw"},{"not_picked":["Accuracy","Bane"],"picked":"Reflex"},{"not_picked":["Accuracy","Deflect"],"picked":"Escape Plan"},{"not_picked":["Glass Knife","After Image"],"picked":"Night Terror"},{"not_picked":["Choke","Underhanded Strike"],"picked":"Flying Knee"},{"not_picked":["Outmaneuver","Poisoned Stab"],"picked":"Predator"},{"not_picked":["Prepared","Catalyst"],"picked":"Dash"},{"not_picked":["Sucker Punch","Dagger Throw"],"picked":"Escape Plan"},{"not_picked":["Footwork","Cloak And Dagger"],"picked":"Acrobatics"},{"not_picked":["Night Terror","Venomology"],"picked":"Tools of the Trade"},{"not_picked":["Deflect","Deadly Poison"],"picked":"Choke"},{"not_picked":["PiercingWail","Deflect"],"picked":"Prepared"},{"not_picked":["Predator","After Image"],"picked":"Underhanded Strike"},{"not_picked":["Dagger Spray","Flying Knee"],"picked":"Calculated Gamble"},{"not_picked":["Flying Knee","Backflip"],"picked":"Quick Slash"}],"player_experience":258324,"potions_floor_usage":[12,23,23],"damage_taken":[{"damage":6,"enemies":"Jaw Worm","floor":1,"turns":5},{"damage":0,"enemies":"Blue Slaver","floor":2,"turns":7},{"damage":0,"enemies":"Small Slimes","floor":4,"turns":2},{"damage":0,"enemies":"Looter","floor":5,"turns":4},{"damage":0,"enemies":"3 Louse","floor":7,"turns":4},{"damage":4,"enemies":"Exordium Wildlife","floor":8,"turns":4},{"damage":27,"enemies":"3 Sentries","floor":12,"turns":7},{"damage":5,"enemies":"Looter","floor":14,"turns":3},{"damage":30,"enemies":"The Guardian","floor":16,"turns":14},{"damage":0,"enemies":"Shell Parasite","floor":18,"turns":8},{"damage":6,"enemies":"2 Thieves","floor":22,"turns":4},{"damage":13,"enemies":"Book of Stabbing","floor":23,"turns":7},{"damage":0,"enemies":"Sentry and Sphere","floor":27,"turns":3},{"damage":2,"enemies":"Slaver and Parasite","floor":29,"turns":6},{"damage":0,"enemies":"Chosen and Byrds","floor":31,"turns":5},{"damage":4,"enemies":"Collector","floor":33,"turns":13},{"damage":0,"enemies":"Orb Walker","floor":35,"turns":3},{"damage":0,"enemies":"Flame Bruiser 1 Orb","floor":36,"turns":4},{"damage":2,"enemies":"Mysterious Sphere","floor":37,"turns":4},{"damage":0,"enemies":"Sphere and 2 Shapes","floor":39,"turns":4},{"damage":23,"enemies":"Nemesis","floor":40,"turns":7},{"damage":3,"enemies":"Spire Growth","floor":42,"turns":4},{"damage":0,"enemies":"3 Darklings","floor":45,"turns":4},{"damage":0,"enemies":"Flame Bruiser 2 Orb","floor":46,"turns":2},{"damage":0,"enemies":"4 Shapes","floor":47,"turns":4},{"damage":0,"enemies":"3 Darklings","floor":48,"turns":3},{"damage":22,"enemies":"Time Eater","floor":50,"turns":11}],"event_choices":[{"event_name":"Transmorgrifier","player_choice":"Transform","floor":3,"damage_taken":0},{"event_name":"Dead Adventurer","player_choice":"Searched \u00273\u0027 times","floor":12,"damage_taken":0},{"event_name":"Back to Basics","player_choice":"Elegance","floor":19,"damage_taken":0},{"event_name":"Cursed Tome","player_choice":"Obtained Book","floor":21,"damage_taken":0},{"event_name":"Mysterious Sphere","player_choice":"Fight","floor":37,"damage_taken":0},{"event_name":"Tomb of Lord Red Mask","player_choice":"Ignored","floor":38,"damage_taken":0}],"boss_relics":[{"not_picked":["The Specimen","Velvet Choker"],"picked":"Astrolabe"},{"not_picked":["Question Card","Eternal Feather"],"picked":"Sozu"}],"potions_floor_spawned":[5,8,12,14,16,29,31,33,35,40,45,46,48],"seed_played":"6890795633529016873","is_trial":false}