{"path_per_floor":["M","$","?","M","M","R","M","R","T","R","M","E","M","M","R","B",null,"M","$","M","M","M","R","M","M","T","R","?","M","R","?","R","B",null,"M","?","?","M","M","R","M","R","T","?","M","M","M","M","R","B"],"character_chosen":"THE_SILENT","items_purchased":["Flying Knee","Caltrops","Glass Knife","Paper Crane"],"gold_per_floor":[364,61,136,147,162,162,179,179,179,179,191,224,239,251,251,356,356,356,0,0,0,0,0,0,0,0,0,0,0,0,0,0,0,0,0,0,0,0,0,0,0,0,0,0,0,0,0,0,0,0],"floor_reached":51,"campfire_rested":4,"playtime":3049,"current_hp_per_floor":[63,63,52,52,48,48,48,48,48,48,47,39,23,21,39,13,63,63,63,58,44,44,44,44,44,44,44,44,39,39,60,60,49,63,60,46,46,46,25,43,24,42,42,42,23,16,7,5,23,11],"items_purged":["Strike_G","Strike_G"],"gold":0,"play_id":"6fa240db-75ce-40d8-9b24-094eb069019b","is_prod":false,"is_daily":false,"campfire_rituals":0,"campfire_upgraded":7,"is_hardmode":false,"path_taken":["M","$","?","?","?","R","M","R","T","R","M","E","M","?","R","BOSS","M","?","M","M","M","R","M","M","T","R","?","?","R","?","R","BOSS","M","?","?","M","M","R","M","R","T","?","M","?","M","M","R","BOSS"],"build_version":"2018-01-15-BETA1","purchased_purges":2,"victory":true,"master_deck":["Defend_G","Defend_G","Defend_G","Defend_G","Defend_G","Strike_G","Strike_G","Survivor","Neutralize","Backflip","Flying Knee","Caltrops","Glass Knife","Poisoned Stab","Footwork","Blur","Wraith Form","Leg Sweep","Dagger Throw","Flying Knee","Predator","Noxious Fumes","Envenom","Acrobatics","Catalyst","Leg Sweep","Leg Sweep"],"max_hp_per_floor":[63,63,63,63,63,63,63,63,63,63,63,63,63,63,63,63,63,63,63,63,63,63,63,63,63,63,63,63,63,63,63,63,63,63,63,63,63,63,63,63,63,63,63,63,63,63,63,63,63,63],"relics":["Ring of the Snake","Ginger","Omamori","Ectoplasm","Paper Crane","Dodecahedron","The Specimen","Girya","Art of War"],"campfire_meditates":0,"card_choices":[{"not_picked":["Sucker Punch","Deadly Poison"],"picked":"Backflip"},{"not_picked":["Dodge and Roll","Acrobatics"],"picked":"Poisoned Stab"},{"not_picked":["Concentrate","Backflip"],"picked":"Footwork"},{"not_picked":["Backflip","Finisher"],"picked":"Blur"},{"not_picked":["Burst","Doppelganger"],"picked":"Wraith Form"},{"not_picked":["Underhanded Strike","Poisoned Stab"],"picked":"Leg Sweep"},{"not_picked":["Deadly Poison","Underhanded Strike"],"picked":"Dagger Throw"},{"not_picked":["Underhanded Strike","Acrobatics"],"picked":"Flying Knee"},{"not_picked":["After Image","Backflip"],"picked":"Predator"},{"not_picked":["Skewer","Expertise"],"picked":"Noxious Fumes"},{"not_picked":["Corpse Explosion","Phantasmal Killer"],"picked":"Envenom"},{"not_picked":["Prepared","PiercingWail"],"picked":"Acrobatics"},{"not_picked":["Choke","Prepared"],"picked":"Catalyst"},{"not_picked":["Catalyst","Dagger Spray"],"picked":"Leg Sweep"},{"not_picked":["Underhanded Strike","Crippling Poison"],"picked":"Leg Sweep"}],"player_experience":237127,"potions_floor_usage":[11,29,33,36,36,48,50,50],"damage_taken":[{"damage":0,"enemies":"2 Louse","floor":1,"turns":3},{"damage":0,"enemies":"Cultist","floor":4,"turns":3},{"damage":4,"enemies":"Blue Slaver","floor":5,"turns":4},{"damage":0,"enemies":"Gremlin Gang","floor":7,"turns":5},{"damage":1,"enemies":"Lots of Slimes","floor":11,"turns":3},{"damage":8,"enemies":"3 Sentries","floor":12,"turns":6},{"damage":16,"enemies":"Exordium Thugs","floor":13,"turns":3},{"damage":2,"enemies":"Looter","floor":14,"turns":3},{"damage":26,"enemies":"Hexaghost","floor":16,"turns":13},{"damage":0,"enemies":"3 Byrds","floor":18,"turns":3},{"damage":5,"enemies":"Chosen","floor":20,"turns":6},{"damage":14,"enemies":"3 Cultists","floor":21,"turns":6},{"damage":0,"enemies":"Snecko","floor":22,"turns":5},{"damage":0,"enemies":"Centurion and Healer","floor":24,"turns":6},{"damage":0,"enemies":"Snake Plant","floor":25,"turns":5},{"damage":5,"enemies":"Sentry and Sphere","floor":29,"turns":5},{"damage":11,"enemies":"Collector","floor":33,"turns":10},{"damage":3,"enemies":"3 Shapes","floor":35,"turns":6},{"damage":29,"enemies":"Mysterious Sphere","floor":36,"turns":8},{"damage":0,"enemies":"Flame Bruiser 1 Orb","floor":38,"turns":6},{"damage":21,"enemies":"4 Shapes","floor":39,"turns":6},{"damage":19,"enemies":"Spire Growth","floor":41,"turns":6},{"damage":19,"enemies":"Sphere and 2 Shapes","floor":45,"turns":5},{"damage":7,"enemies":"4 Shapes","floor":46,"turns":6},{"damage":9,"enemies":"Maw","floor":47,"turns":8},{"damage":2,"enemies":"Flame Bruiser 2 Orb","floor":48,"turns":6},{"damage":12,"enemies":"Time Eater","floor":50,"turns":14}],"event_choices":[{"event_name":"World of Goop","player_choice":"Gather Gold","floor":3,"damage_taken":0},{"event_name":"Drug Dealer","player_choice":"Ignored","floor":28,"damage_taken":0},{"event_name":"The Library","player_choice":"Heal","floor":31,"damage_taken":0},{"event_name":"Mysterious Sphere","player_choice":"Fight","floor":36,"damage_taken":0},{"event_name":"Accursed Blacksmith","player_choice":"Forge","floor":44,"damage_taken":0}],"boss_relics":[{"not_picked":["Tiny House","White Beast Statue"],"picked":"Ectoplasm"},{"not_picked":["Eternal Feather","Question Card"],"picked":"The Specimen"}],"potions_floor_spawned":[5,7,12,13,18,21,22,29,33,35,45,46],"seed_played":"-579268751109088694","is_trial":false}