{"path_per_floor":["M","?","?","?","M","R","E","R","T","E","$","M","E","$","R","B",null,"M","M","?","$","?","E","R","M","T","M","R","M","E","?","R","B",null,"M","?","?","M","$","R","$","R","T","T","$","R","E","M","R","B"],"character_chosen":"THE_SILENT","items_purchased":["Terror","Orichalcum"],"gold_per_floor":[115,115,115,115,129,129,154,154,154,188,75,92,124,24,24,123,123,143,162,162,37,37,68,68,81,106,122,122,142,177,102,102,201,201,216,270,270,282,162,162,45,45,45,45,45,45,78,93,93,93],"floor_reached":51,"campfire_rested":3,"playtime":5795,"current_hp_per_floor":[70,70,56,61,61,61,61,61,61,45,45,45,20,20,42,44,75,75,75,75,75,75,53,53,22,22,24,61,63,54,54,54,37,75,75,89,89,87,87,87,87,87,87,87,87,87,61,63,89,24],"items_purged":["Strike_G","Strike_G","Strike_G","Defend_G"],"gold":93,"play_id":"0b5a1bcd-70bf-4854-b568-c6545fd99429","is_prod":false,"is_daily":false,"is_ascension_mode":true,"campfire_upgraded":7,"path_taken":["M","?","?","?","M","R","E","R","T","E","?","?","E","$","R","BOSS","M","M","?","?","?","E","R","M","T","M","R","M","E","?","R","BOSS","M","?","?","M","$","R","?","R","T","?","$","R","E","M","R","BOSS"],"build_version":"2018-01-23-BETA1","purchased_purges":5,"victory":true,"master_deck":["Defend_G","Defend_G","Defend_G","Strike_G","Survivor","Neutralize","Backflip","Noxious Fumes","Sucker Punch","Terror","Noxious Fumes","Malaise","Doppelganger","Outmaneuver","Flying Knee","Skewer","PiercingWail","Blur","Die Die Die","Cloak And Dagger","Expertise"],"max_hp_per_floor":[70,70,70,75,75,75,75,75,75,75,75,75,75,75,75,75,75,75,75,75,75,75,75,75,75,75,75,75,75,75,75,75,75,75,75,89,89,89,89,89,89,89,89,89,89,89,89,89,89,89],"relics":["Ring of the Snake","NeowsBlessing","Blood Vial","Darkstone Periapt","Mummified Hand","Thread and Needle","Sozu","Happy Flower","The Courier","Regal Pillow","Lantern","Cursed Key","Mango","Orichalcum","Dream Catcher"],"card_choices":[{"not_picked":["Deflect","Dodge and Roll"],"picked":"Backflip"},{"not_picked":["Deflect","Cloak And Dagger"],"picked":"Noxious Fumes"},{"not_picked":["Burst","Poisoned Stab"],"picked":"Sucker Punch"},{"not_picked":["Cloak And Dagger","Well Laid Plans"],"picked":"Noxious Fumes"},{"not_picked":["Tactician","Slice"],"picked":"Malaise"},{"not_picked":["Burst","Phantasmal Killer"],"picked":"Doppelganger"},{"not_picked":["PiercingWail","Acrobatics"],"picked":"Outmaneuver"},{"not_picked":["PiercingWail","Malaise"],"picked":"Flying Knee"},{"not_picked":["Calculated Gamble","Prepared"],"picked":"Skewer"},{"not_picked":["Cloak And Dagger","Prepared"],"picked":"PiercingWail"},{"not_picked":["Dodge and Roll","Outmaneuver"],"picked":"Blur"},{"not_picked":["Grand Finale","Venomology"],"picked":"Die Die Die"},{"not_picked":["Escape Plan","Heel Hook"],"picked":"Cloak And Dagger"},{"not_picked":["Outmaneuver","Dodge and Roll"],"picked":"Expertise"}],"player_experience":303180,"potions_floor_usage":[10],"damage_taken":[{"damage":0,"enemies":"Jaw Worm","floor":1,"turns":1},{"damage":0,"enemies":"2 Louse","floor":5,"turns":1},{"damage":0,"enemies":"Gremlin Nob","floor":7,"turns":1},{"damage":18,"enemies":"Lagavulin","floor":10,"turns":7},{"damage":2,"enemies":"Small Slimes","floor":12,"turns":3},{"damage":27,"enemies":"3 Sentries","floor":13,"turns":5},{"damage":0,"enemies":"Hexaghost","floor":16,"turns":9},{"damage":0,"enemies":"3 Byrds","floor":18,"turns":5},{"damage":0,"enemies":"Shell Parasite","floor":19,"turns":6},{"damage":22,"enemies":"Gremlin Leader","floor":23,"turns":7},{"damage":33,"enemies":"Chosen and Byrds","floor":25,"turns":6},{"damage":0,"enemies":"Snake Plant","floor":27,"turns":5},{"damage":0,"enemies":"Slaver and Parasite","floor":29,"turns":5},{"damage":11,"enemies":"Slavers","floor":30,"turns":5},{"damage":19,"enemies":"Collector","floor":33,"turns":10},{"damage":0,"enemies":"Orb Walker","floor":35,"turns":3},{"damage":0,"enemies":"Mysterious Sphere","floor":36,"turns":5},{"damage":2,"enemies":"3 Darklings","floor":38,"turns":6},{"damage":28,"enemies":"Giant Head","floor":47,"turns":10},{"damage":0,"enemies":"Maw","floor":48,"turns":6},{"damage":65,"enemies":"Donu and Deca","floor":50,"turns":11}],"event_choices":[{"event_name":"Liars Game","player_choice":"disagreed","floor":2,"damage_taken":0},{"event_name":"Shining Light","player_choice":"Entered Light","floor":3,"damage_taken":0},{"event_name":"Big Fish","player_choice":"Donut","floor":4,"damage_taken":0},{"event_name":"The Mausoleum","player_choice":"Yes","floor":20,"damage_taken":0},{"event_name":"Back to Basics","player_choice":"Elegance","floor":22,"damage_taken":0},{"event_name":"Beggar","player_choice":"Gave Gold","floor":31,"damage_taken":0},{"event_name":"Mysterious Sphere","player_choice":"Fight","floor":36,"damage_taken":0},{"event_name":"Tomb of Lord Red Mask","player_choice":"Ignored","floor":37,"damage_taken":0}],"boss_relics":[{"not_picked":["Philosopher\u0027s Stone","The Specimen"],"picked":"Sozu"},{"not_picked":["Velvet Choker","Pandora\u0027s Box"],"picked":"Cursed Key"}],"potions_floor_spawned":[7,12,13,18,19,27,35,48],"seed_played":"-4980731931049710043","ascension_level":4,"is_trial":false}