{"path_per_floor":["M","?","$","M","?","R","M","R","T","?","R","E","R","E","R","B",null,"M","?","M","T","?","R","E","R","T","R","M","$","R","E","R","B",null,"M","?","$","M","?","R","M","M","T","R","?","E","?","$","R","B"],"character_chosen":"THE_SILENT","items_purchased":["Dagger Spray","Shuriken","Lee\u0027s Waffle"],"gold_per_floor":[210,210,112,123,73,73,86,86,136,136,136,162,162,224,224,321,321,331,331,345,345,260,260,292,292,319,319,331,76,76,107,107,207,207,221,221,121,132,132,132,146,165,165,165,212,242,242,42,42,42],"floor_reached":51,"campfire_rested":1,"playtime":2857,"current_hp_per_floor":[65,65,65,65,65,65,65,65,65,51,51,40,40,22,43,32,70,52,49,49,63,63,63,45,45,45,45,58,58,58,63,63,48,63,63,63,63,63,63,63,46,34,34,34,36,54,54,70,70,27],"items_purged":["Strike_G","Bite_G"],"gold":42,"play_id":"dce0918d-cc78-4604-a2df-50a0ce5e46fe","is_prod":false,"is_daily":false,"is_ascension_mode":true,"campfire_rituals":0,"campfire_upgraded":10,"path_taken":["M","?","$","M","?","R","M","R","T","?","R","E","R","E","R","BOSS","M","?","?","?","?","R","E","R","T","R","?","$","R","E","R","BOSS","M","?","$","M","?","R","M","?","T","R","?","E","?","?","R","BOSS"],"build_version":"2018-01-22-BETA2","purchased_purges":2,"victory":true,"master_deck":["Defend_G","Defend_G","Defend_G","Defend_G","Defend_G","Survivor","Neutralize","Quick Slash","Dagger Spray","PiercingWail","Dagger Throw","Quick Slash","Bite_G","Bite_G","Dagger Spray","Blur","Adrenaline","Cloak And Dagger","Blur","Endless Agony","Leg Sweep"],"max_hp_per_floor":[70,70,70,70,70,70,70,70,70,70,70,70,70,70,70,70,70,70,49,49,63,63,63,63,63,63,63,63,63,63,63,63,63,63,63,63,63,63,63,63,63,63,63,63,63,63,63,70,70,70],"relics":["Ring of the Snake","Dream Catcher","Art of War","Tiny Chest","Velvet Choker","Mango","Kunai","Gremlin Horn","Whetstone","Shuriken","Prayer Wheel","Astrolabe","Girya","Frozen Eye","Juzu Bracelet","Lee\u0027s Waffle"],"campfire_meditates":0,"card_choices":[{"not_picked":["Deadly Poison","Expertise"],"picked":"Quick Slash"},{"not_picked":["Underhanded Strike","Slice"],"picked":"PiercingWail"},{"not_picked":["Acrobatics","Phantasmal Killer"],"picked":"Dagger Throw"},{"not_picked":["Crippling Poison","Dagger Throw"],"picked":"Footwork"},{"not_picked":["Corpse Explosion","A Thousand Cuts"],"picked":"Bullet Time"},{"not_picked":["Reflex","PiercingWail"],"picked":"Quick Slash"},{"not_picked":["Dagger Throw","Crippling Poison"],"picked":"Dagger Spray"},{"not_picked":["Infinite Blades","Concentrate"],"picked":"Blur"},{"not_picked":["Die Die Die","Unload"],"picked":"Adrenaline"},{"not_picked":["Riddle With Holes","Escape Plan"],"picked":"Leg Sweep"}],"player_experience":297932,"potions_floor_usage":[12,18,33,45,50],"damage_taken":[{"damage":5,"enemies":"Small Slimes","floor":1,"turns":5},{"damage":0,"enemies":"Cultist","floor":4,"turns":3},{"damage":0,"enemies":"2 Louse","floor":7,"turns":2},{"damage":11,"enemies":"Gremlin Nob","floor":12,"turns":4},{"damage":18,"enemies":"3 Sentries","floor":14,"turns":4},{"damage":11,"enemies":"Slime Boss","floor":16,"turns":10},{"damage":18,"enemies":"Chosen","floor":18,"turns":6},{"damage":0,"enemies":"3 Byrds","floor":20,"turns":6},{"damage":28,"enemies":"Book of Stabbing","floor":24,"turns":8},{"damage":4,"enemies":"Snecko","floor":28,"turns":5},{"damage":0,"enemies":"Gremlin Leader","floor":31,"turns":4},{"damage":28,"enemies":"Collector","floor":33,"turns":10},{"damage":0,"enemies":"3 Darklings","floor":35,"turns":4},{"damage":0,"enemies":"Flame Bruiser 1 Orb","floor":38,"turns":5},{"damage":17,"enemies":"3 Darklings","floor":41,"turns":5},{"damage":24,"enemies":"Maw","floor":42,"turns":11},{"damage":10,"enemies":"Mysterious Sphere","floor":45,"turns":9},{"damage":0,"enemies":"Giant Head","floor":46,"turns":12},{"damage":73,"enemies":"Time Eater","floor":50,"turns":16}],"event_choices":[{"event_name":"Purifier","player_choice":"One Purge","floor":2,"damage_taken":0},{"event_name":"The Cleric","player_choice":"Card Removal","floor":5,"damage_taken":0},{"event_name":"Shining Light","player_choice":"Entered Light","floor":10,"damage_taken":0},{"event_name":"Vampires","player_choice":"Became a vampire","floor":19,"damage_taken":0},{"event_name":"Addict","player_choice":"Obtained Relic","floor":22,"damage_taken":0},{"event_name":"Tomb of Lord Red Mask","player_choice":"Ignored","floor":36,"damage_taken":0},{"event_name":"Transmorgrifier","player_choice":"Skipped","floor":39,"damage_taken":0},{"event_name":"Mysterious Sphere","player_choice":"Fight","floor":45,"damage_taken":0}],"boss_relics":[{"not_picked":["Question Card","White Beast Statue"],"picked":"Velvet Choker"},{"not_picked":["Lizard Tail","Snecko Eye"],"picked":"Astrolabe"}],"potions_floor_spawned":[4,7,16,28,33,38,45,46],"seed_played":"-713476508994582497","ascension_level":2,"is_trial":false}