{"path_per_floor":["M","?","$","M","?","R","E","R","T","R","$","R","M","E","R","B",null,"M","?","?","$","M","R","E","R","T","E","R","E","?","T","R","B",null,"M","?","M","$","?","R","M","R","T","$","?","?","M","M","R","B"],"character_chosen":"THE_SILENT","items_purchased":["Footwork","Bandage Up","Choke","Finesse"],"gold_per_floor":[117,117,3,23,98,98,123,123,123,123,23,23,42,74,74,176,176,196,111,111,8,28,28,84,84,108,133,133,160,85,85,85,181,181,197,197,216,216,216,216,226,226,226,61,114,0,18,30,30,30],"floor_reached":51,"campfire_rested":1,"playtime":6136,"current_hp_per_floor":[70,58,58,58,47,47,47,47,47,47,47,47,47,45,45,24,59,58,58,44,44,46,46,36,36,36,31,67,69,69,69,69,59,67,66,66,70,70,70,70,70,70,70,70,69,69,70,70,70,57],"items_purged":["Strike_G","Strike_G"],"gold":30,"play_id":"96968ed1-54af-4268-8bd9-febd44f1eb22","is_prod":false,"is_daily":false,"is_ascension_mode":true,"campfire_upgraded":9,"path_taken":["M","?","$","M","?","R","E","R","T","R","$","R","?","E","R","BOSS","M","?","?","$","M","R","E","R","T","E","R","E","?","?","R","BOSS","M","?","M","$","?","R","?","R","T","$","?","?","?","?","R","BOSS"],"build_version":"2018-01-24-BETA3","purchased_purges":5,"victory":true,"master_deck":["Defend_G","Defend_G","Survivor+1","Footwork+1","Sucker Punch+1","Backflip+1","Venomology+1","Glass Knife+1","Acrobatics+1","Adrenaline+1","Predator+1","Bandage Up","Slice","Dagger Throw+1","Quick Slash+1","Backflip+1","Die Die Die+1","Prepared+1","Swift Strike","Dodge and Roll+1","Choke","Finesse","Flying Knee+1","Terror+1","Dagger Spray+1"],"max_hp_per_floor":[70,70,70,70,70,70,70,70,70,70,70,70,70,70,70,70,70,70,70,70,70,70,70,70,70,70,70,70,70,70,70,70,70,70,70,70,70,70,70,70,70,70,70,70,70,70,70,70,70,70],"relics":["Ring of the Snake","NeowsBlessing","Paper Crane","Meat on the Bone","Peace Pipe","Centennial Puzzle","Astrolabe","Orichalcum","Tiny Chest","Regal Pillow","Du-Vu Doll","Dodecahedron","Sundial","Runic Dome","Gambling Chip","Bird Faced Urn","Red Mask"],"card_choices":[{"not_picked":["Acrobatics","Concentrate"],"picked":"Sucker Punch"},{"not_picked":["Night Terror","Escape Plan"],"picked":"Backflip"},{"not_picked":["Burst","A Thousand Cuts"],"picked":"Venomology"},{"not_picked":["PiercingWail","Slice"],"picked":"Predator"},{"not_picked":["All Out Attack","Bane"],"picked":"Slice"},{"not_picked":["Backflip","Predator"],"picked":"Dagger Throw"},{"not_picked":["Underhanded Strike","Acrobatics"],"picked":"Quick Slash"},{"not_picked":["Endless Agony","PiercingWail"],"picked":"Backflip"},{"not_picked":["Adrenaline","Phantasmal Killer"],"picked":"Die Die Die"},{"not_picked":["Sucker Punch","Deflect"],"picked":"Prepared"},{"not_picked":["Bane","Quick Slash"],"picked":"Dodge and Roll"},{"not_picked":["Dagger Spray","Quick Slash"],"picked":"Flying Knee"},{"not_picked":["Malaise","Acrobatics"],"picked":"Terror"},{"not_picked":["Predator","Corpse Explosion"],"picked":"Dagger Spray"}],"player_experience":305400,"potions_floor_usage":[16,16,22,24,24,27,27,29,33,37,41,45,47,48,50,50,50,50],"damage_taken":[{"damage":0,"enemies":"Jaw Worm","floor":1,"turns":1},{"damage":0,"enemies":"2 Louse","floor":4,"turns":1},{"damage":0,"enemies":"Gremlin Nob","floor":7,"turns":1},{"damage":0,"enemies":"Blue Slaver","floor":13,"turns":6},{"damage":14,"enemies":"Lagavulin","floor":14,"turns":15},{"damage":33,"enemies":"Slime Boss","floor":16,"turns":24},{"damage":1,"enemies":"Shell Parasite","floor":18,"turns":4},{"damage":2,"enemies":"2 Thieves","floor":22,"turns":4},{"damage":14,"enemies":"Gremlin Leader","floor":24,"turns":11},{"damage":21,"enemies":"Slavers","floor":27,"turns":6},{"damage":1,"enemies":"Book of Stabbing","floor":29,"turns":7},{"damage":11,"enemies":"Automaton","floor":33,"turns":11},{"damage":4,"enemies":"3 Shapes","floor":35,"turns":3},{"damage":0,"enemies":"Orb Walker","floor":37,"turns":3},{"damage":0,"enemies":"Spire Growth","floor":41,"turns":3},{"damage":1,"enemies":"Mysterious Sphere","floor":45,"turns":4},{"damage":0,"enemies":"3 Darklings","floor":47,"turns":3},{"damage":0,"enemies":"Sphere and 2 Shapes","floor":48,"turns":2},{"damage":13,"enemies":"Awakened One","floor":50,"turns":9}],"event_choices":[{"event_name":"Scrap Ooze","player_choice":"success","floor":2,"damage_taken":12},{"event_name":"World of Goop","player_choice":"Gather Gold","floor":5,"damage_taken":0},{"event_name":"Addict","player_choice":"Obtained Relic","floor":19,"damage_taken":0},{"event_name":"Knowing Skull","player_choice":"CARD ","floor":20,"damage_taken":0},{"event_name":"Beggar","player_choice":"Gave Gold","floor":30,"damage_taken":0},{"event_name":"Transmorgrifier","player_choice":"Transform","floor":39,"damage_taken":0},{"event_name":"Mysterious Sphere","player_choice":"Fight","floor":45,"damage_taken":0},{"event_name":"Tomb of Lord Red Mask","player_choice":"Paid","floor":46,"damage_taken":0}],"boss_relics":[{"not_picked":["Eternal Feather","White Beast Statue"],"picked":"Astrolabe"},{"not_picked":["Sozu","Question Card"],"picked":"Runic Dome"}],"potions_floor_spawned":[13,14,24,27,29,37],"seed_played":"-3242656916450087696","ascension_level":5,"is_trial":false}