{"path_per_floor":["M","?","?","$","?","E","R","E","T","R","E","M","?","T","R","B",null,"M","M","?","M","$"],"character_chosen":"THE_SILENT","items_purchased":["Blur","Leg Sweep","Ancient Potion","Energy Potion","Dexterity Potion","Malaise","Bullet Time"],"gold_per_floor":[115,215,215,59,59,85,85,418,498,498,528,545,545,545,545,640,640,650,661,586,600,118],"floor_reached":23,"campfire_rested":0,"playtime":1950,"current_hp_per_floor":[63,63,45,45,45,45,45,45,45,45,33,33,33,33,33,8,55,23,23,23,22,22],"items_purged":["Strike_G","Strike_G"],"gold":118,"play_id":"bb3440e0-29c3-4227-88ac-f3c3597f1a86","is_prod":false,"is_daily":false,"is_ascension_mode":true,"campfire_upgraded":3,"path_taken":["M","?","?","?","?","E","R","E","T","R","E","?","?","?","R","BOSS","M","M","?","M","$","E"],"build_version":"2018-02-02-BETA1","purchased_purges":2,"victory":false,"master_deck":["Defend_G","Defend_G","Defend_G","Defend_G","Strike_G","Strike_G+1","Survivor","Neutralize+1","Dagger Spray","Blur","Noxious Fumes+1","Backflip","Envenom","Bane","Adrenaline","Flying Knee","Cloak And Dagger","Leg Sweep","Malaise","Bullet Time"],"max_hp_per_floor":[70,70,70,70,70,70,70,70,70,70,70,70,70,70,70,70,70,70,70,70,70,70],"relics":["Ring of the Snake","NeowsBlessing","Mercury Hourglass","Du-Vu Doll","Old Coin","The Courier","Peace Pipe","Bag of Marbles","Eternal Feather"],"card_choices":[{"not_picked":["Caltrops","Poisoned Stab"],"picked":"Dagger Spray"},{"not_picked":["Deflect","Calculated Gamble"],"picked":"Noxious Fumes"},{"not_picked":["Infinite Blades","Deflect"],"picked":"Backflip"},{"not_picked":["Backstab","Dagger Spray"],"picked":"Envenom"},{"not_picked":["Backflip","Underhanded Strike"],"picked":"Bane"},{"not_picked":["Phantasmal Killer","Tactician"],"picked":"Adrenaline"},{"not_picked":["Poisoned Stab","Underhanded Strike"],"picked":"Flying Knee"},{"not_picked":["Sucker Punch","Accuracy"],"picked":"Cloak And Dagger"}],"player_experience":353286,"potions_floor_usage":[11,21,23,23],"damage_taken":[{"damage":0,"enemies":"Small Slimes","floor":1,"turns":1},{"damage":0,"enemies":"Gremlin Nob","floor":6,"turns":1},{"damage":0,"enemies":"Lagavulin","floor":8,"turns":1},{"damage":12,"enemies":"Gremlin Nob","floor":11,"turns":4},{"damage":0,"enemies":"Cultist","floor":12,"turns":3},{"damage":25,"enemies":"The Guardian","floor":16,"turns":10},{"damage":32,"enemies":"Spheric Guardian","floor":18,"turns":6},{"damage":0,"enemies":"Chosen","floor":19,"turns":4},{"damage":1,"enemies":"Centurion and Healer","floor":21,"turns":7},{"damage":23,"enemies":"Slavers","floor":23,"turns":4}],"event_choices":[{"event_name":"Golden Shrine","player_choice":"Pray","floor":2,"damage_taken":0},{"event_name":"Scrap Ooze","player_choice":"success","floor":3,"damage_taken":18},{"event_name":"Bonfire Elementals","player_choice":"BASIC","floor":5,"damage_taken":0},{"event_name":"Match and Keep!","player_choice":"0 cards matched","floor":13,"damage_taken":0},{"event_name":"Beggar","player_choice":"Gave Gold","floor":20,"damage_taken":0}],"boss_relics":[{"not_picked":["Runic Pyramid","Snecko Eye"],"picked":"Eternal Feather"}],"potions_floor_spawned":[8,18],"seed_played":"4619760612431129485","killed_by":"Slavers","ascension_level":9,"is_trial":false}