{"path_per_floor":["M","M","?","?","M","R","M","M","T","M","M","$","R","E","R","B",null,"M","?","$","M","M","R","E","M","T","M","R","M","R","M","R","B",null,"M","?","$","?","?","R","M","$","T","E","R","M","M","$","R","B"],"character_chosen":"THE_SILENT","items_purchased":["Dash","Adrenaline"],"gold_per_floor":[111,121,121,121,132,132,142,153,176,191,208,133,133,164,164,265,265,252,177,77,96,116,116,150,161,161,180,180,198,198,214,214,318,318,328,328,203,203,203,203,217,141,190,219,219,239,251,27,27,27],"floor_reached":51,"campfire_rested":0,"playtime":6614,"current_hp_per_floor":[63,63,68,68,68,68,63,63,63,58,49,49,49,24,24,13,60,58,58,58,58,48,48,43,40,40,47,47,47,47,49,49,26,67,66,66,66,66,83,83,83,83,83,70,70,72,74,74,74,30],"items_purged":["Defend_G","Underhanded Strike","Expertise","Distraction"],"gold":27,"play_id":"29291759-ed96-4308-bb40-3b62af1b3f1f","is_prod":false,"is_daily":false,"is_ascension_mode":true,"campfire_upgraded":10,"path_taken":["M","M","?","?","?","R","M","M","T","M","M","$","R","E","R","BOSS","M","?","$","M","M","R","E","?","T","M","R","M","R","M","R","BOSS","M","?","$","?","?","R","M","$","T","E","R","M","M","$","R","BOSS"],"build_version":"2018-02-02-BETA1","purchased_purges":7,"victory":true,"master_deck":["Survivor","Neutralize","Footwork+1","Leg Sweep+1","Blur","Blur","Flying Knee","Adrenaline","A Thousand Cuts+1","Sucker Punch+1","Poisoned Stab+1","Flying Knee","Cloak And Dagger+1","PiercingWail","Terror+1","Dagger Spray+1","Die Die Die","Backflip+1","Dash+1","Skewer+1","Adrenaline"],"max_hp_per_floor":[70,70,75,75,75,75,75,75,75,75,75,75,75,75,75,75,75,75,75,75,75,75,75,75,77,77,79,79,79,79,81,81,81,81,83,83,83,83,83,83,83,83,83,83,83,85,87,87,87,87],"relics":["Ring of the Snake","NeowsBlessing","Pen Nib","Happy Flower","Pandora\u0027s Box","Singing Bowl","Unceasing Top","Sozu","Anchor","Gambling Chip"],"card_choices":[{"not_picked":["Slice","Underhanded Strike"],"picked":"Footwork"},{"not_picked":["Bouncing Flask","Caltrops"],"picked":"Leg Sweep"},{"not_picked":["Noxious Fumes","Endless Agony"],"picked":"Blur"},{"not_picked":["PiercingWail","Quick Slash"],"picked":"Blur"},{"not_picked":["Noxious Fumes","Deflect"],"picked":"Flying Knee"},{"not_picked":["Prepared","Endless Agony"],"picked":"Adrenaline"},{"not_picked":["Tactician","Corpse Explosion"],"picked":"A Thousand Cuts"},{"not_picked":["Accuracy","Reflex"],"picked":"PiercingWail"},{"not_picked":["Flying Knee","Outmaneuver"],"picked":"Caltrops"},{"not_picked":["Masterful Stab","Concentrate"],"picked":"Terror"},{"not_picked":["Doppelganger","Finisher"],"picked":"Distraction"},{"not_picked":["Malaise","Poisoned Stab"],"picked":"Dagger Spray"},{"not_picked":["Glass Knife","Phantasmal Killer"],"picked":"Die Die Die"},{"not_picked":["Dodge and Roll","Outmaneuver"],"picked":"Backflip"},{"not_picked":["Deadly Poison","Dodge and Roll"],"picked":"Skewer"}],"player_experience":320141,"potions_floor_usage":[8,14,14,18,27,27,33],"damage_taken":[{"damage":0,"enemies":"Cultist","floor":1,"turns":1},{"damage":0,"enemies":"Jaw Worm","floor":2,"turns":1},{"damage":0,"enemies":"Blue Slaver","floor":5,"turns":1},{"damage":5,"enemies":"Large Slime","floor":7,"turns":14},{"damage":0,"enemies":"Looter","floor":8,"turns":4},{"damage":5,"enemies":"2 Fungi Beasts","floor":10,"turns":9},{"damage":9,"enemies":"Exordium Thugs","floor":11,"turns":6},{"damage":25,"enemies":"Gremlin Nob","floor":14,"turns":5},{"damage":11,"enemies":"The Guardian","floor":16,"turns":24},{"damage":2,"enemies":"2 Thieves","floor":18,"turns":4},{"damage":0,"enemies":"Shell Parasite","floor":21,"turns":8},{"damage":10,"enemies":"Centurion and Healer","floor":22,"turns":9},{"damage":5,"enemies":"Book of Stabbing","floor":24,"turns":7},{"damage":5,"enemies":"Snake Plant","floor":25,"turns":5},{"damage":7,"enemies":"3 Cultists","floor":27,"turns":5},{"damage":0,"enemies":"Snecko","floor":29,"turns":4},{"damage":0,"enemies":"Snake Plant","floor":31,"turns":6},{"damage":23,"enemies":"Automaton","floor":33,"turns":13},{"damage":3,"enemies":"Flame Bruiser 1 Orb","floor":35,"turns":4},{"damage":0,"enemies":"Orb Walker","floor":41,"turns":3},{"damage":13,"enemies":"2 Orb Walkers","floor":44,"turns":4},{"damage":0,"enemies":"4 Shapes","floor":46,"turns":5},{"damage":0,"enemies":"Flame Bruiser 2 Orb","floor":47,"turns":2},{"damage":44,"enemies":"Time Eater","floor":50,"turns":14}],"event_choices":[{"event_name":"Big Fish","player_choice":"Donut","floor":3,"damage_taken":0},{"event_name":"Living Wall","player_choice":"Forget","floor":4,"damage_taken":0},{"event_name":"Beggar","player_choice":"Gave Gold","floor":19,"damage_taken":0},{"event_name":"Tomb of Lord Red Mask","player_choice":"Ignored","floor":36,"damage_taken":0},{"event_name":"Bonfire Elementals","player_choice":"UNCOMMON","floor":39,"damage_taken":0}],"boss_relics":[{"not_picked":["Calling Bell","Runic Dome"],"picked":"Pandora\u0027s Box"},{"not_picked":["Eternal Feather","The Specimen"],"picked":"Sozu"}],"potions_floor_spawned":[1,8,11,14,16,22,25,27,29,44,46],"seed_played":"7827982213203569823","ascension_level":6,"is_trial":false}