{"path_per_floor":["M","M","M","$","?","R","E","M","T","M","M","R","M","M","R","B",null,"M","M","$","?","T","R","M","$","T","M","?","E","R","M","R"],"character_chosen":"THE_SILENT","items_purchased":["Toxic Egg 2","Dodge and Roll"],"gold_per_floor":[109,123,133,58,58,58,90,103,103,120,133,133,151,170,170,275,275,285,298,40,40,40,40,53,4,52,66,66,94,94,109,109],"floor_reached":33,"campfire_rested":3,"playtime":3702,"current_hp_per_floor":[54,53,50,50,32,32,24,18,18,12,13,34,34,33,54,34,65,57,59,59,43,43,43,45,45,45,40,40,37,37,38,56],"items_purged":["Parasite"],"gold":109,"play_id":"56b6f3bf-580b-44b3-973d-fe3c517eabd9","is_prod":false,"is_daily":false,"is_ascension_mode":true,"campfire_upgraded":3,"path_taken":["M","M","M","$","?","R","E","M","T","M","M","R","?","M","R","BOSS","M","M","$","?","?","R","M","$","T","M","?","E","R","M","R","BOSS"],"build_version":"2018-02-02-BETA1","purchased_purges":1,"victory":false,"master_deck":["Defend_G","Defend_G","Defend_G","Defend_G","Defend_G","Survivor","Neutralize+1","Terror","Flying Knee","Dagger Spray","Malaise+1","Choke+1","Escape Plan","Necronomicurse","Dodge and Roll+1","Bite","Bite","Bite","Bite","Bite"],"max_hp_per_floor":[70,70,70,67,67,67,67,69,69,71,73,73,73,73,73,75,75,77,79,79,79,79,79,81,81,81,83,58,60,60,62,62],"relics":["Velvet Choker","Singing Bowl","Gremlin Horn","Torii","Philosopher\u0027s Stone","Toxic Egg 2","Necronomicon","Shovel","Orichalcum","Ice Cream"],"card_choices":[{"not_picked":["Dagger Spray","Sucker Punch"],"picked":"Terror"},{"not_picked":["Sucker Punch","Setup"],"picked":"Flying Knee"},{"not_picked":["Prepared","Sucker Punch"],"picked":"Dagger Spray"},{"not_picked":["Sucker Punch","Flying Knee"],"picked":"Malaise"},{"not_picked":["Flying Knee","PiercingWail"],"picked":"Choke"},{"not_picked":["Backstab","Underhanded Strike"],"picked":"Escape Plan"}],"player_experience":388008,"potions_floor_usage":[7,16,16,18,18,24],"damage_taken":[{"damage":9,"enemies":"Jaw Worm","floor":1,"turns":6},{"damage":1,"enemies":"2 Louse","floor":2,"turns":3},{"damage":3,"enemies":"Blue Slaver","floor":3,"turns":3},{"damage":8,"enemies":"3 Sentries","floor":7,"turns":6},{"damage":8,"enemies":"3 Louse","floor":8,"turns":3},{"damage":8,"enemies":"Large Slime","floor":10,"turns":6},{"damage":1,"enemies":"Exordium Wildlife","floor":11,"turns":4},{"damage":0,"enemies":"Exordium Thugs","floor":13,"turns":4},{"damage":1,"enemies":"Looter","floor":14,"turns":2},{"damage":22,"enemies":"Slime Boss","floor":16,"turns":10},{"damage":10,"enemies":"2 Thieves","floor":18,"turns":4},{"damage":0,"enemies":"3 Byrds","floor":19,"turns":4},{"damage":0,"enemies":"Centurion and Healer","floor":24,"turns":4},{"damage":7,"enemies":"Snecko","floor":27,"turns":5},{"damage":23,"enemies":"Book of Stabbing","floor":29,"turns":8},{"damage":17,"enemies":"Slaver and Parasite","floor":31,"turns":6},{"damage":88,"enemies":"Champ","floor":33,"turns":11}],"event_choices":[{"event_name":"Scrap Ooze","player_choice":"success","floor":5,"damage_taken":18},{"event_name":"Cursed Tome","player_choice":"Obtained Book","floor":21,"damage_taken":0},{"event_name":"Vampires","player_choice":"Became a vampire","floor":28,"damage_taken":0}],"boss_relics":[{"not_picked":["The Specimen","Orrery"],"picked":"Philosopher\u0027s Stone"}],"potions_floor_spawned":[3,11,13,14,16,19,31],"seed_played":"4051946438393786258","killed_by":"Champ","ascension_level":10,"is_trial":false}