{"path_per_floor":["M","?","?","M","$","R","M","E","T","R","M","M","?","M","R","B",null,"M","?","?","$","M","R","?","?","T","R","M","R","T","M","R","B",null,"M","T","?","M","M","R","E","M","T","M","?","M","R","M","R"],"character_chosen":"THE_SILENT","items_purchased":["Bandage Up"],"gold_per_floor":[109,109,109,128,53,53,74,114,114,114,128,148,148,169,169,292,292,315,315,230,30,53,53,53,53,53,53,77,77,77,100,100,224,224,249,249,582,596,612,612,640,658,658,671,718,732,732,751,751],"floor_reached":50,"campfire_rested":2,"playtime":8206,"current_hp_per_floor":[57,57,57,51,51,51,51,23,23,23,23,17,4,3,22,22,54,50,50,50,50,48,48,48,48,48,48,50,50,50,58,58,4,50,55,55,55,54,62,62,15,20,20,28,32,33,33,41,60],"items_purged":["Strike_G","Strike_G"],"gold":751,"play_id":"e704039b-aaa2-4377-a29e-d9e3265d7398","is_prod":false,"is_daily":false,"is_ascension_mode":true,"campfire_upgraded":5,"path_taken":["M","?","?","M","$","R","M","E","T","R","?","M","?","M","R","BOSS","M","?","?","$","?","R","?","?","T","R","?","R","?","M","R","BOSS","M","?","?","?","?","R","E","M","T","M","?","M","R","M","R","BOSS"],"build_version":"2018-02-02-BETA1","purchased_purges":2,"victory":false,"master_deck":["Defend_G","Defend_G","Defend_G","Defend_G+1","Defend_G","Strike_G","Survivor","Neutralize+1","Flying Knee+1","Malaise+1","Predator+1","Slice","Dagger Throw","Die Die Die","Cloak And Dagger+1","Glass Knife+1","Skewer+1","Bandage Up+1","Prepared+1","Quick Slash","Blur+1","Dagger Throw+1"],"max_hp_per_floor":[70,65,65,65,65,65,65,65,65,65,65,65,65,65,65,65,65,65,65,65,65,65,65,65,65,65,65,65,65,65,65,65,65,65,65,65,65,65,65,65,65,65,65,65,65,65,65,65,65],"relics":["Lizard Tail","Kunai","Peace Pipe","Sozu","Dodecahedron","Matryoshka","Blood Vial","Thread and Needle","Snecko Eye","Ninja Scroll","Torii","Shovel","Ginger","Bird Faced Urn","Frozen Egg 2"],"card_choices":[{"not_picked":["Cloak And Dagger","Quick Slash"],"picked":"Flying Knee"},{"not_picked":["Deflect","Poisoned Stab"],"picked":"Malaise"},{"not_picked":["Slice","Catalyst"],"picked":"Predator"},{"not_picked":["Dodge and Roll","Backflip"],"picked":"Slice"},{"not_picked":["Acrobatics","Dodge and Roll"],"picked":"Dagger Throw"},{"not_picked":["PiercingWail","Quick Slash"],"picked":"Die Die Die"},{"not_picked":["Outmaneuver","Heel Hook"],"picked":"Cloak And Dagger"},{"not_picked":["Corpse Explosion","A Thousand Cuts"],"picked":"Glass Knife"},{"not_picked":["Dodge and Roll","Outmaneuver"],"picked":"Skewer"},{"not_picked":["Sucker Punch","Dagger Spray"],"picked":"Prepared"},{"not_picked":["Deadly Poison","Night Terror"],"picked":"Quick Slash"},{"not_picked":["Backflip","Skewer"],"picked":"Blur"},{"not_picked":["Poisoned Stab","Deflect"],"picked":"Dagger Throw"}],"player_experience":359026,"potions_floor_usage":[8,16],"damage_taken":[{"damage":6,"enemies":"Small Slimes","floor":1,"turns":6},{"damage":6,"enemies":"2 Louse","floor":4,"turns":4},{"damage":0,"enemies":"Blue Slaver","floor":7,"turns":6},{"damage":28,"enemies":"3 Sentries","floor":8,"turns":10},{"damage":0,"enemies":"2 Fungi Beasts","floor":11,"turns":4},{"damage":6,"enemies":"Lots of Slimes","floor":12,"turns":5},{"damage":1,"enemies":"Exordium Wildlife","floor":14,"turns":5},{"damage":0,"enemies":"Hexaghost","floor":16,"turns":15},{"damage":4,"enemies":"Spheric Guardian","floor":18,"turns":3},{"damage":6,"enemies":"Shell Parasite","floor":22,"turns":5},{"damage":4,"enemies":"Centurion and Healer","floor":28,"turns":10},{"damage":0,"enemies":"Snake Plant","floor":31,"turns":4},{"damage":62,"enemies":"Champ","floor":33,"turns":29},{"damage":3,"enemies":"Flame Bruiser 1 Orb","floor":35,"turns":6},{"damage":9,"enemies":"3 Darklings","floor":38,"turns":8},{"damage":0,"enemies":"Sphere and 2 Shapes","floor":39,"turns":4},{"damage":49,"enemies":"2 Orb Walkers","floor":41,"turns":6},{"damage":3,"enemies":"4 Shapes","floor":42,"turns":16},{"damage":0,"enemies":"Flame Bruiser 2 Orb","floor":44,"turns":5},{"damage":48,"enemies":"Mysterious Sphere","floor":45,"turns":8},{"damage":7,"enemies":"Sphere and 2 Shapes","floor":46,"turns":6},{"damage":0,"enemies":"Maw","floor":48,"turns":8},{"damage":74,"enemies":"Time Eater","floor":50,"turns":12}],"event_choices":[{"event_name":"Golden Idol","player_choice":"Lose Max HP","floor":2,"damage_taken":0},{"event_name":"Upgrade Shrine","player_choice":"Upgraded","floor":3,"damage_taken":0},{"event_name":"Shining Light","player_choice":"Entered Light","floor":13,"damage_taken":0},{"event_name":"Drug Dealer","player_choice":"Ignored","floor":19,"damage_taken":0},{"event_name":"Addict","player_choice":"Obtained Relic","floor":20,"damage_taken":0},{"event_name":"The Lab","player_choice":"Got Potions","floor":24,"damage_taken":0},{"event_name":"The Mausoleum","player_choice":"No","floor":25,"damage_taken":0},{"event_name":"The Moai Head","player_choice":"Gave Idol","floor":37,"damage_taken":0},{"event_name":"Mysterious Sphere","player_choice":"Fight","floor":45,"damage_taken":0}],"boss_relics":[{"not_picked":["Black Star","Runic Dome"],"picked":"Sozu"},{"not_picked":["The Specimen","Runic Pyramid"],"picked":"Snecko Eye"}],"potions_floor_spawned":[7,14,16,22,33,35,38,39,46],"seed_played":"-1429816115837973384","killed_by":"Time Eater","ascension_level":9,"is_trial":false}