{"path_per_floor":["M","$","?","?","$","E","R","E","T","E","R","?","T","M","R","B",null,"M","?","M","M","$","E","R","M","T","M","?","M","R","?","R"],"character_chosen":"THE_SILENT","items_purchased":["Happy Flower"],"gold_per_floor":[118,43,218,318,68,95,95,125,148,178,178,178,178,198,198,300,300,320,235,252,263,138,163,163,176,229,244,244,259,259,259,259],"floor_reached":33,"campfire_rested":4,"playtime":3790,"current_hp_per_floor":[63,63,63,63,63,63,63,63,63,42,42,35,35,35,56,36,62,45,45,44,32,32,6,27,10,10,7,7,9,30,21,43],"items_purged":["Strike_G","Doubt","Masterful Stab"],"gold":259,"play_id":"b660d3fb-936d-4290-a766-0f19d0efb21c","is_prod":false,"is_daily":false,"is_ascension_mode":true,"campfire_upgraded":2,"path_taken":["M","$","?","?","$","E","R","E","T","E","R","?","?","M","R","BOSS","M","?","M","?","$","E","R","M","T","?","?","?","R","?","R","BOSS"],"build_version":"2018-02-02-BETA1","purchased_purges":3,"victory":false,"master_deck":["Defend_G","Defend_G","Defend_G","Defend_G","Strike_G","Survivor","Neutralize+1","Flying Knee","Backflip","Dagger Spray","Blade Dance+1","Predator","Burst","All Out Attack+1","Dagger Throw+1","Backflip","Malaise+1","Cloak And Dagger+1","Blade Dance+1","Backflip+1"],"max_hp_per_floor":[70,70,70,70,70,70,70,70,70,70,70,70,70,70,70,70,70,70,70,70,70,70,70,70,70,70,70,70,70,70,75,75],"relics":["Ring of the Snake","NeowsBlessing","Happy Flower","Orichalcum","Ornamental Fan","Omamori","Dodecahedron","Bird Faced Urn","Astrolabe","Blood Vial","Toxic Egg 2","Dream Catcher"],"card_choices":[{"not_picked":["Heel Hook","Outmaneuver"],"picked":"Flying Knee"},{"not_picked":["Poisoned Stab","Reflex"],"picked":"Backflip"},{"not_picked":["Backflip","Acrobatics"],"picked":"Dagger Spray"},{"not_picked":["Underhanded Strike","Flechettes"],"picked":"Blade Dance"},{"not_picked":["Prepared","Bane"],"picked":"Predator"},{"not_picked":["Venomology","Glass Knife"],"picked":"Burst"},{"not_picked":["Flying Knee","Quick Slash"],"picked":"Backflip"},{"not_picked":["Unload","Concentrate"],"picked":"Malaise"},{"not_picked":["Dagger Spray","Bane"],"picked":"Cloak And Dagger"},{"not_picked":["Deflect","Dagger Spray"],"picked":"Blade Dance"},{"not_picked":["Prepared","Flechettes"],"picked":"Backflip"}],"player_experience":355236,"potions_floor_usage":[16,16,20,23,33,33],"damage_taken":[{"damage":0,"enemies":"2 Louse","floor":1,"turns":1},{"damage":0,"enemies":"3 Sentries","floor":6,"turns":1},{"damage":0,"enemies":"Lagavulin","floor":8,"turns":1},{"damage":21,"enemies":"Gremlin Nob","floor":10,"turns":7},{"damage":0,"enemies":"Small Slimes","floor":14,"turns":2},{"damage":35,"enemies":"Hexaghost","floor":16,"turns":14},{"damage":17,"enemies":"Chosen","floor":18,"turns":5},{"damage":3,"enemies":"2 Thieves","floor":20,"turns":4},{"damage":14,"enemies":"Slaver and Parasite","floor":21,"turns":7},{"damage":28,"enemies":"Slavers","floor":23,"turns":8},{"damage":19,"enemies":"Sentry and Sphere","floor":25,"turns":4},{"damage":5,"enemies":"Snecko","floor":27,"turns":7},{"damage":0,"enemies":"Centurion and Healer","floor":29,"turns":7},{"damage":48,"enemies":"Collector","floor":33,"turns":20}],"event_choices":[{"event_name":"Liars Game","player_choice":"agreed","floor":3,"damage_taken":0},{"event_name":"Golden Shrine","player_choice":"Pray","floor":4,"damage_taken":0},{"event_name":"Golden Wing","player_choice":"Card Removal","floor":12,"damage_taken":0},{"event_name":"Addict","player_choice":"Obtained Relic","floor":19,"damage_taken":0},{"event_name":"Cursed Tome","player_choice":"Ignored","floor":28,"damage_taken":0},{"event_name":"Forgotten Altar","player_choice":"Shed Blood","floor":31,"damage_taken":0}],"boss_relics":[{"not_picked":["Question Card","Orrery"],"picked":"Astrolabe"}],"potions_floor_spawned":[1,14,16,18,27,29],"seed_played":"-4215015138976074856","killed_by":"Collector","ascension_level":9,"is_trial":false}