{"path_per_floor":["M","M","$","?","?","R","E","M","T","M","?","M","R","M","R","B",null,"M","?","M","M","$","R","M","R","T","E","$","M","T","E","R","B",null,"M","$","M","?","$","R","E","R","T","?","E","M","?","M","R","B"],"character_chosen":"THE_SILENT","items_purchased":["Sucker Punch"],"gold_per_floor":[112,130,7,0,0,0,30,45,45,56,56,74,74,85,85,185,185,203,203,214,225,125,125,141,141,141,166,41,54,54,88,88,189,189,209,59,76,76,76,76,103,103,103,203,237,250,250,264,264,264],"floor_reached":51,"campfire_rested":2,"playtime":9078,"current_hp_per_floor":[63,57,57,57,43,43,23,23,23,20,20,19,19,33,33,22,58,46,69,52,42,42,42,26,47,47,45,45,21,21,15,36,24,59,36,36,36,53,53,53,40,40,54,54,37,37,74,74,74,74],"items_purged":["Strike_G","Strike_G","Strike_G","Strike_G"],"gold":264,"play_id":"1cfa1bfe-ac84-4ed0-9eb1-071023db5581","is_prod":false,"is_daily":false,"is_ascension_mode":true,"campfire_upgraded":7,"path_taken":["M","M","$","?","?","R","E","M","T","M","?","M","R","M","R","BOSS","M","?","?","M","$","R","M","R","T","E","$","M","?","E","R","BOSS","M","$","M","?","$","R","E","R","T","?","E","M","?","M","R","BOSS"],"build_version":"2018-02-02-BETA1","purchased_purges":4,"victory":true,"master_deck":["Defend_G","Defend_G","Defend_G","Defend_G","Defend_G","Strike_G+1","Survivor+1","Neutralize+1","Tools of the Trade+1","Sucker Punch+1","Flying Knee+1","Blur","Dagger Throw+1","Dash+1","Dagger Spray+1","Adrenaline","Quick Slash+1","Footwork+1","Malaise","Quick Slash+1","Adrenaline","Backflip+1","Dash+1","Writhe","Dodge and Roll+1"],"max_hp_per_floor":[70,70,70,70,70,70,70,70,70,70,70,70,70,70,70,70,70,70,70,70,70,70,70,70,70,70,70,70,70,70,70,70,70,70,70,70,70,70,70,70,70,70,84,84,84,84,74,74,74,74],"relics":["Lizard Tail","Kunai","Art of War","Velvet Choker","Du-Vu Doll","Centennial Puzzle","Oddly Smooth Stone","Gambling Chip","White Beast Statue","Lantern","Mango","Frozen Egg 2"],"card_choices":[{"not_picked":["Outmaneuver","Prepared"],"picked":"Tools of the Trade"},{"not_picked":["Bane","Footwork"],"picked":"Flying Knee"},{"not_picked":["Flying Knee","Dagger Throw"],"picked":"Blur"},{"not_picked":["Poisoned Stab","Deflect"],"picked":"Dagger Throw"},{"not_picked":["Reflex","Sucker Punch"],"picked":"Dash"},{"not_picked":["Poisoned Stab","Expertise"],"picked":"Dagger Spray"},{"not_picked":["Burst","Phantasmal Killer"],"picked":"Adrenaline"},{"not_picked":["Flying Knee","Masterful Stab"],"picked":"Quick Slash"},{"not_picked":["Deadly Poison","Outmaneuver"],"picked":"Footwork"},{"not_picked":["Catalyst","Concentrate"],"picked":"Malaise"},{"not_picked":["Night Terror","Concentrate"],"picked":"Quick Slash"},{"not_picked":["Tools of the Trade","Envenom"],"picked":"Adrenaline"},{"not_picked":["Noxious Fumes","Dagger Spray"],"picked":"Backflip"},{"not_picked":["Sucker Punch","Prepared"],"picked":"Dash"},{"not_picked":["Dagger Throw","Dash"],"picked":"Dodge and Roll"}],"player_experience":333188,"potions_floor_usage":[14,14,20,31,31,31,41,45,50,50,50],"damage_taken":[{"damage":0,"enemies":"2 Louse","floor":1,"turns":5},{"damage":6,"enemies":"Cultist","floor":2,"turns":5},{"damage":20,"enemies":"3 Sentries","floor":7,"turns":13},{"damage":0,"enemies":"Jaw Worm","floor":8,"turns":4},{"damage":3,"enemies":"2 Fungi Beasts","floor":10,"turns":4},{"damage":1,"enemies":"Looter","floor":12,"turns":4},{"damage":1,"enemies":"Large Slime","floor":14,"turns":7},{"damage":11,"enemies":"The Guardian","floor":16,"turns":15},{"damage":12,"enemies":"Spheric Guardian","floor":18,"turns":5},{"damage":17,"enemies":"2 Thieves","floor":20,"turns":4},{"damage":10,"enemies":"Chosen and Byrds","floor":21,"turns":8},{"damage":16,"enemies":"Centurion and Healer","floor":24,"turns":8},{"damage":2,"enemies":"Book of Stabbing","floor":27,"turns":7},{"damage":24,"enemies":"Sentry and Sphere","floor":29,"turns":6},{"damage":6,"enemies":"Slavers","floor":31,"turns":6},{"damage":12,"enemies":"Automaton","floor":33,"turns":15},{"damage":23,"enemies":"3 Darklings","floor":35,"turns":6},{"damage":0,"enemies":"Orb Walker","floor":37,"turns":4},{"damage":13,"enemies":"Nemesis","floor":41,"turns":13},{"damage":17,"enemies":"Giant Head","floor":45,"turns":13},{"damage":0,"enemies":"Spire Growth","floor":46,"turns":6},{"damage":0,"enemies":"Flame Bruiser 2 Orb","floor":48,"turns":8},{"damage":0,"enemies":"Time Eater","floor":50,"turns":20}],"event_choices":[{"event_name":"World of Goop","player_choice":"Left","floor":4,"damage_taken":0},{"event_name":"Shining Light","player_choice":"Entered Light","floor":5,"damage_taken":0},{"event_name":"Liars Game","player_choice":"disagreed","floor":11,"damage_taken":0},{"event_name":"The Library","player_choice":"Heal","floor":19,"damage_taken":0},{"event_name":"Winding Halls","player_choice":"Writhe","floor":38,"damage_taken":0},{"event_name":"Golden Shrine","player_choice":"Pray","floor":44,"damage_taken":0},{"event_name":"The Moai Head","player_choice":"Heal","floor":47,"damage_taken":0}],"boss_relics":[{"not_picked":["Black Star","The Specimen"],"picked":"Velvet Choker"},{"not_picked":["Pandora\u0027s Box","Philosopher\u0027s Stone"],"picked":"White Beast Statue"}],"potions_floor_spawned":[7,10,14,16,24,29,33,35,37,41,45,46,48],"seed_played":"-3195992930727519341","ascension_level":7,"is_trial":false}