{"path_per_floor":["M","?","$","M","M","E","R","M","T","R","E","R","?","?","R","B",null,"M","$","?","T","M","R","M","$","T","?","M","M","M","$","R","B",null,"M","?","M","?","?","R","E","M","T","M","R","?","?","M","R","B"],"character_chosen":"THE_SILENT","items_purchased":["Backflip","Storm of Steel"],"gold_per_floor":[112,212,86,99,113,140,140,152,152,152,177,177,177,177,177,280,280,295,195,195,195,161,161,181,22,22,22,42,61,77,77,77,175,175,186,235,246,246,246,246,279,289,289,301,301,0,100,113,113,113],"floor_reached":51,"campfire_rested":3,"playtime":3269,"current_hp_per_floor":[60,60,60,60,58,34,34,34,34,34,46,46,39,23,47,28,68,68,68,68,68,66,66,57,57,57,41,35,47,47,47,71,17,65,61,50,50,50,70,70,29,41,41,41,41,41,41,41,65,50],"items_purged":["Parasite","Strike_G"],"gold":113,"score":801,"play_id":"15899916-b575-4b27-9a3a-245fcc17e07a","is_prod":false,"is_daily":false,"is_ascension_mode":true,"campfire_upgraded":6,"path_taken":["M","?","$","M","M","E","R","M","T","R","E","R","?","?","R","BOSS","M","$","?","?","?","R","M","?","T","?","M","M","M","$","R","BOSS","M","?","M","?","?","R","E","M","T","M","R","?","?","M","R","BOSS"],"build_version":"2018-02-12-BETA1","purchased_purges":2,"victory":true,"master_deck":["Defend_G","Defend_G","Defend_G","Defend_G","Defend_G+1","Strike_G","Strike_G","Strike_G","Survivor+1","Neutralize+1","Noxious Fumes+1","Backflip","Blur","Leg Sweep+1","Backstab","Dagger Spray","After Image+1","Burst+1","Calculated Gamble+1","Predator","Dagger Throw+1","Storm of Steel","Backstab+1","Flying Knee","Phantasmal Killer","Doppelganger","Flying Knee+1","Bane+1","Writhe","Cloak And Dagger","Underhanded Strike+1","Outmaneuver+1","Blur"],"max_hp_per_floor":[70,70,67,67,67,67,67,67,67,67,81,81,81,81,81,81,81,81,81,81,81,81,81,81,81,81,81,81,81,81,81,81,81,81,81,81,81,81,81,81,81,81,81,81,81,81,81,81,81,81],"relics":["Ring of the Snake","Tough Bandages","Meat on the Bone","Mango","Sozu","Anchor","Shovel","Enchiridion","Snecko Eye","Unceasing Top","Du-Vu Doll","Thread and Needle","Red Mask"],"card_choices":[{"not_picked":["Prepared","Flying Knee"],"picked":"Noxious Fumes"},{"not_picked":["Masterful Stab","Backstab"],"picked":"Blur"},{"not_picked":["Slice","Deadly Poison"],"picked":"Leg Sweep"},{"not_picked":["Outmaneuver","Deadly Poison"],"picked":"Backstab"},{"not_picked":["Outmaneuver","Backflip"],"picked":"Dagger Spray"},{"not_picked":["Backflip","Quick Slash"],"picked":"After Image"},{"not_picked":["After Image","Doppelganger"],"picked":"Burst"},{"not_picked":["Quick Slash","Slice"],"picked":"Sucker Punch"},{"not_picked":["Dagger Throw","Dodge and Roll"],"picked":"Predator"},{"not_picked":["PiercingWail","Backflip"],"picked":"Dagger Throw"},{"not_picked":["Flechettes","Underhanded Strike"],"picked":"Backstab"},{"not_picked":["Blade Dance","Dagger Throw"],"picked":"Flying Knee"},{"not_picked":["Catalyst","PiercingWail"],"picked":"Phantasmal Killer"},{"not_picked":["Die Die Die","Corpse Explosion"],"picked":"Doppelganger"},{"not_picked":["Backstab","Cloak And Dagger"],"picked":"Flying Knee"},{"not_picked":["Dagger Spray","Quick Slash"],"picked":"Bane"},{"not_picked":["Dagger Throw","Deflect"],"picked":"Cloak And Dagger"},{"not_picked":["Malaise","Prepared"],"picked":"Underhanded Strike"},{"not_picked":["Dagger Throw","Dodge and Roll"],"picked":"Outmaneuver"},{"not_picked":["Wraith Form","Flying Knee"],"picked":"Blur"}],"player_experience":566821,"potions_floor_usage":[1,6,6,6,16],"damage_taken":[{"damage":3,"enemies":"2 Louse","floor":1,"turns":4},{"damage":0,"enemies":"Cultist","floor":4,"turns":4},{"damage":2,"enemies":"Jaw Worm","floor":5,"turns":7},{"damage":36,"enemies":"Gremlin Nob","floor":6,"turns":6},{"damage":0,"enemies":"3 Louse","floor":8,"turns":5},{"damage":14,"enemies":"Lagavulin","floor":11,"turns":8},{"damage":31,"enemies":"Slime Boss","floor":16,"turns":13},{"damage":0,"enemies":"Shell Parasite","floor":18,"turns":7},{"damage":2,"enemies":"2 Thieves","floor":22,"turns":5},{"damage":9,"enemies":"Cultist and Chosen","floor":24,"turns":10},{"damage":18,"enemies":"3 Cultists","floor":28,"turns":7},{"damage":0,"enemies":"Centurion and Healer","floor":29,"turns":7},{"damage":0,"enemies":"Sentry and Sphere","floor":30,"turns":5},{"damage":66,"enemies":"Automaton","floor":33,"turns":15},{"damage":4,"enemies":"Flame Bruiser 1 Orb","floor":35,"turns":5},{"damage":11,"enemies":"Mysterious Sphere","floor":36,"turns":8},{"damage":0,"enemies":"3 Darklings","floor":37,"turns":5},{"damage":53,"enemies":"Giant Head","floor":41,"turns":10},{"damage":0,"enemies":"Spire Growth","floor":42,"turns":4},{"damage":0,"enemies":"Flame Bruiser 2 Orb","floor":44,"turns":5},{"damage":0,"enemies":"3 Darklings","floor":48,"turns":4},{"damage":15,"enemies":"Donu and Deca","floor":50,"turns":12}],"event_choices":[{"event_name":"Golden Shrine","player_choice":"Pray","floor":2,"damage_taken":0},{"event_name":"Golden Wing","player_choice":"Card Removal","floor":13,"damage_taken":0},{"event_name":"Shining Light","player_choice":"Entered Light","floor":14,"damage_taken":0},{"event_name":"The Library","player_choice":"Read","floor":20,"damage_taken":0},{"event_name":"Cursed Tome","player_choice":"Obtained Book","floor":27,"damage_taken":0},{"event_name":"Mysterious Sphere","player_choice":"Fight","floor":36,"damage_taken":0},{"event_name":"Winding Halls","player_choice":"Writhe","floor":39,"damage_taken":0},{"event_name":"Tomb of Lord Red Mask","player_choice":"Paid","floor":46,"damage_taken":0},{"event_name":"Golden Shrine","player_choice":"Pray","floor":47,"damage_taken":0}],"boss_relics":[{"not_picked":["Pandora\u0027s Box","Astrolabe"],"picked":"Sozu"},{"not_picked":["Calling Bell","Black Star"],"picked":"Snecko Eye"}],"potions_floor_spawned":[5,11,16,18,28,29,33,35,42,48],"seed_played":"4425741043077561733","ascension_level":12,"is_trial":false}