{"path_per_floor":["M","M","$","?","M","R","M","R","T","R","E","?","R","M","R","B",null,"M","?","$","M"],"character_chosen":"THE_SILENT","items_purchased":["Blood Vial"],"gold_per_floor":[114,131,56,56,76,76,99,99,153,153,187,137,137,160,160,284,284,297,338,86,105],"floor_reached":22,"campfire_rested":1,"playtime":925,"current_hp_per_floor":[61,57,57,57,57,57,57,57,57,57,30,30,30,30,48,6,48,48,5,5,7],"items_purged":["Parasite","Strike_G"],"gold":105,"score":285,"play_id":"da17e646-d9a0-4bb0-91ee-544b84338255","is_prod":false,"is_daily":false,"is_ascension_mode":true,"campfire_upgraded":4,"path_taken":["M","M","$","?","M","R","M","R","T","R","E","?","R","M","R","BOSS","M","?","$","M","M"],"build_version":"2018-02-08-BETA1","purchased_purges":2,"victory":false,"master_deck":["Defend_G","Defend_G","Defend_G","Defend_G","Defend_G","Strike_G","Strike_G","Strike_G","Survivor","Neutralize+1","Acrobatics","Leg Sweep+1","Dagger Throw+1","Adrenaline","Dagger Throw+1","Masterful Stab","Glass Knife","Dagger Throw","Dagger Spray+1"],"max_hp_per_floor":[70,70,67,62,62,62,62,62,62,62,62,62,62,62,62,62,62,62,62,62,62],"relics":["Philosopher\u0027s Stone","Golden Idol","Snake Skull","Ice Cream","Velvet Choker","Red Mask","Blood Vial"],"card_choices":[{"not_picked":["Catalyst","Finisher"],"picked":"Acrobatics"},{"not_picked":["Choke","Sucker Punch"],"picked":"Leg Sweep"},{"not_picked":["Deadly Poison","Dodge and Roll"],"picked":"Dagger Throw"},{"not_picked":["Slice","Prepared"],"picked":"Adrenaline"},{"not_picked":["Bane","Setup"],"picked":"Dagger Throw"},{"not_picked":["Deadly Poison","Caltrops"],"picked":"Masterful Stab"},{"not_picked":["Wraith Form","Night Terror"],"picked":"Glass Knife"},{"not_picked":["Deflect","Backflip"],"picked":"Dagger Throw"},{"not_picked":["Distraction","Bane"],"picked":"Dagger Spray"}],"player_experience":545542,"potions_floor_usage":[7,11,16,19,22],"damage_taken":[{"damage":2,"enemies":"Cultist","floor":1,"turns":4},{"damage":4,"enemies":"Jaw Worm","floor":2,"turns":4},{"damage":0,"enemies":"Small Slimes","floor":5,"turns":4},{"damage":0,"enemies":"Exordium Wildlife","floor":7,"turns":5},{"damage":38,"enemies":"Gremlin Nob","floor":11,"turns":6},{"damage":0,"enemies":"2 Fungi Beasts","floor":14,"turns":2},{"damage":42,"enemies":"Slime Boss","floor":16,"turns":11},{"damage":0,"enemies":"Shell Parasite","floor":18,"turns":4},{"damage":43,"enemies":"Masked Bandits","floor":19,"turns":6},{"damage":0,"enemies":"3 Byrds","floor":21,"turns":3},{"damage":9,"enemies":"Snake Plant","floor":22,"turns":3}],"event_choices":[{"event_name":"Golden Idol","player_choice":"Lose Max HP","floor":4,"damage_taken":0},{"event_name":"The Cleric","player_choice":"Card Removal","floor":12,"damage_taken":0},{"event_name":"Masked Bandits","player_choice":"Fought over 297 gold","floor":19,"damage_taken":0}],"boss_relics":[{"not_picked":["White Beast Statue","Snecko Eye"],"picked":"Velvet Choker"}],"potions_floor_spawned":[2,5,11,16,21],"seed_played":"5660770759671767584","killed_by":"Snake Plant","ascension_level":11,"is_trial":false}