{"path_per_floor":["M","M","?","$","M","R","E","R","T","M","R","E","M","?","R","B",null,"M","?","$","?","M","R","E","R","T","E","?","M","M","M","R","B",null,"M","$","?","?","M"],"character_chosen":"THE_SILENT","items_purchased":["Backflip","Acrobatics","Toolbox","Bronze Scales"],"gold_per_floor":[113,130,130,55,69,69,103,103,103,114,114,148,159,159,159,257,257,276,276,106,286,301,301,332,332,632,664,664,680,693,706,706,806,806,825,300,300,354,368],"floor_reached":40,"campfire_rested":3,"playtime":2415,"current_hp_per_floor":[70,70,75,75,75,75,66,66,66,66,66,63,63,48,48,29,75,73,73,73,49,49,71,30,53,53,53,53,59,55,61,83,23,83,85,85,85,49,53],"items_purged":["Strike_G","Strike_G","Strike_G"],"gold":368,"score":459,"play_id":"0dc2721c-b324-4959-898c-283588a6d687","is_prod":false,"is_daily":false,"is_ascension_mode":false,"campfire_upgraded":4,"path_taken":["M","M","?","$","M","R","E","R","T","M","R","E","M","?","R","BOSS","M","?","$","?","?","R","E","R","T","E","?","?","M","M","R","BOSS","M","$","?","?","M","E"],"build_version":"2018-02-16-BETA2","purchased_purges":3,"victory":false,"master_deck":["Defend_G","Defend_G","Defend_G","Defend_G","Defend_G","Strike_G+1","Survivor","Neutralize+1","Terror+1","PiercingWail+1","Skewer+1","Deflect","Die Die Die","Footwork+1","Tools of the Trade","Skewer+1","Backflip","Acrobatics","Backflip","Leg Sweep","Doppelganger","Escape Plan+1"],"max_hp_per_floor":[70,70,75,75,75,75,75,75,75,75,75,75,75,75,75,75,75,75,75,75,75,75,75,77,77,77,77,77,79,81,83,83,83,83,85,85,85,87,87],"relics":["Sozu","Omamori","Singing Bowl","Dodecahedron","Black Star","Ornamental Fan","Bottled Flame","Old Coin","Frozen Eye","Bird Faced Urn","Eternal Feather","Toolbox","Bronze Scales","Sundial"],"card_choices":[{"not_picked":["Quick Slash","Concentrate"],"picked":"Terror"},{"not_picked":["Endless Agony","Dodge and Roll"],"picked":"PiercingWail"},{"not_picked":["Concentrate","Flechettes"],"picked":"Skewer"},{"not_picked":["Flechettes","Poisoned Stab"],"picked":"Deflect"},{"not_picked":["Dagger Throw","Infinite Blades"],"picked":"Die Die Die"},{"not_picked":["PiercingWail","Dagger Spray"],"picked":"Footwork"},{"not_picked":["After Image","Phantasmal Killer"],"picked":"Tools of the Trade"},{"not_picked":["Dagger Spray","Sucker Punch"],"picked":"Skewer"},{"not_picked":["Dagger Spray","Footwork"],"picked":"Backflip"},{"not_picked":["Expertise","Finisher"],"picked":"Leg Sweep"},{"not_picked":["Tools of the Trade","A Thousand Cuts"],"picked":"Doppelganger"},{"not_picked":["Catalyst","Deflect"],"picked":"Escape Plan"}],"player_experience":645019,"potions_floor_usage":[],"damage_taken":[{"damage":0.0,"enemies":"2 Louse","floor":1.0,"turns":2.0},{"damage":0.0,"enemies":"Jaw Worm","floor":2.0,"turns":3.0},{"damage":0.0,"enemies":"Cultist","floor":5.0,"turns":4.0},{"damage":9,"enemies":"3 Sentries","floor":7,"turns":10},{"damage":0,"enemies":"2 Fungi Beasts","floor":10,"turns":3},{"damage":3,"enemies":"Lagavulin","floor":12,"turns":6},{"damage":0,"enemies":"Large Slime","floor":13,"turns":4},{"damage":19,"enemies":"The Guardian","floor":16,"turns":9},{"damage":2,"enemies":"Spheric Guardian","floor":18,"turns":4},{"damage":0,"enemies":"3 Byrds","floor":22,"turns":6},{"damage":43,"enemies":"Slavers","floor":24,"turns":6},{"damage":0,"enemies":"Book of Stabbing","floor":27,"turns":7},{"damage":0,"enemies":"Centurion and Healer","floor":29,"turns":6},{"damage":8,"enemies":"Snecko","floor":30,"turns":6},{"damage":0,"enemies":"Snake Plant","floor":31,"turns":5},{"damage":60,"enemies":"Collector","floor":33,"turns":22},{"damage":1,"enemies":"Orb Walker","floor":35,"turns":7},{"damage":42,"enemies":"Mysterious Sphere","floor":38,"turns":12},{"damage":0,"enemies":"Flame Bruiser 1 Orb","floor":39,"turns":5},{"damage":77,"enemies":"Giant Head","floor":40,"turns":13}],"event_choices":[{"event_name":"Big Fish","player_choice":"Donut","floor":3.0,"damage_taken":0.0},{"event_name":"Shining Light","player_choice":"Entered Light","floor":14,"damage_taken":0},{"event_name":"The Lab","player_choice":"Got Potions","floor":19,"damage_taken":0},{"event_name":"Knowing Skull","player_choice":"GOLD GOLD ","floor":21,"damage_taken":0},{"event_name":"Purifier","player_choice":"One Purge","floor":28,"damage_taken":0},{"event_name":"The Woman in Blue","player_choice":"Bought 0 Potions","floor":37,"damage_taken":0},{"event_name":"Mysterious Sphere","player_choice":"Fight","floor":38,"damage_taken":0}],"boss_relics":[{"not_picked":["Velvet Choker","Tiny House"],"picked":"Black Star"},{"not_picked":["The Specimen","Philosopher\u0027s Stone"],"picked":"Eternal Feather"}],"potions_floor_spawned":[5,10,24,29,33,35,38],"seed_played":"-3773725652980962189","killed_by":"Giant Head","ascension_level":0,"is_trial":false}