{"path_per_floor":["M","?","M","M","$","R","E","R","T","E","M","R","M","M","R","B",null,"M","M"],"character_chosen":"THE_SILENT","items_purchased":["Footwork"],"gold_per_floor":[111,111,130,144,35,35,67,67,92,125,142,142,156,171,171,243,243,254,265],"floor_reached":20,"campfire_rested":2,"playtime":898,"current_hp_per_floor":[59,59,55,52,52,52,19,37,37,19,15,33,30,30,30,8,49,40,18],"items_purged":["Parasite"],"gold":265,"score":326,"play_id":"118d8680-7e87-4362-9113-71f203782888","is_prod":false,"is_daily":false,"is_ascension_mode":true,"campfire_upgraded":2,"path_taken":["M","?","M","?","$","R","E","R","T","E","M","R","M","M","R","BOSS","M","M","M"],"build_version":"2018-02-15-BETA1","purchased_purges":1,"victory":false,"master_deck":["Defend_G","Defend_G","Defend_G","Defend_G","Defend_G","Strike_G","Strike_G","Survivor","Neutralize","Burst","Poisoned Stab","Dagger Spray","Dash+1","Footwork+1","Terror","Slice","Footwork","Deflect","Night Terror","Crippling Poison+1","Bullet Time+1","Masterful Stab+1","Bane"],"max_hp_per_floor":[66,66,66,66,63,63,63,63,63,63,63,63,63,63,63,63,63,63,63],"relics":["Ring of the Snake","Ancient Tea Set","Juzu Bracelet","Letter Opener","Astrolabe"],"card_choices":[{"not_picked":["Accuracy","Deflect"],"picked":"Poisoned Stab"},{"not_picked":["Endless Agony","Crippling Poison"],"picked":"Dagger Spray"},{"not_picked":["Distraction","Riddle With Holes"],"picked":"Dash"},{"not_picked":["Cloak And Dagger","Masterful Stab"],"picked":"Terror"},{"not_picked":["Flechettes","Corpse Explosion"],"picked":"Slice"},{"not_picked":["Sucker Punch","Bane"],"picked":"Footwork"},{"not_picked":["Poisoned Stab","Dagger Throw"],"picked":"Deflect"},{"not_picked":["Doppelganger","A Thousand Cuts"],"picked":"Night Terror"},{"not_picked":["Blade Dance","Prepared"],"picked":"Bane"}],"player_experience":599164,"potions_floor_usage":[7,16,16],"damage_taken":[{"damage":0,"enemies":"Cultist","floor":1,"turns":4},{"damage":4,"enemies":"Small Slimes","floor":3,"turns":4},{"damage":3,"enemies":"2 Louse","floor":4,"turns":4},{"damage":33,"enemies":"Lagavulin","floor":7,"turns":10},{"damage":18,"enemies":"3 Sentries","floor":10,"turns":6},{"damage":4,"enemies":"Red Slaver","floor":11,"turns":3},{"damage":3,"enemies":"Looter","floor":13,"turns":3},{"damage":0,"enemies":"Exordium Wildlife","floor":14,"turns":3},{"damage":34,"enemies":"Slime Boss","floor":16,"turns":14},{"damage":9,"enemies":"Shell Parasite","floor":18,"turns":6},{"damage":22,"enemies":"Spheric Guardian","floor":19,"turns":6},{"damage":19,"enemies":"Snecko","floor":20,"turns":5}],"event_choices":[{"event_name":"Liars Game","player_choice":"disagreed","floor":2,"damage_taken":0}],"boss_relics":[{"not_picked":["Pandora\u0027s Box","Question Card"],"picked":"Astrolabe"}],"potions_floor_spawned":[1,10,13,14,18],"seed_played":"-5964059401278812549","killed_by":"Snecko","ascension_level":15,"is_trial":false}