{"path_per_floor":["M","M","?","T","M","R","E","?","T","R","M","$","R","M","R","B",null,"M","M","M","M","?","E","R","?","T","M","R","M","R","M","R"],"character_chosen":"THE_SILENT","items_purchased":["Deadly Poison","Poisoned Stab","Blind","Backflip"],"gold_per_floor":[116,131,81,81,95,95,430,430,430,430,443,137,137,153,153,228,228,210,226,245,260,175,204,204,204,204,219,219,232,232,242,242],"floor_reached":33,"campfire_rested":3,"playtime":1655,"current_hp_per_floor":[53,52,52,66,66,66,36,36,36,36,36,36,36,35,35,30,65,61,60,47,39,39,13,38,38,38,17,17,6,31,23,48],"items_purged":["Strike_G"],"gold":242,"score":497,"play_id":"af81dca0-2440-4b93-b732-79c26c48fa8f","is_prod":false,"is_daily":false,"is_ascension_mode":true,"campfire_upgraded":5,"path_taken":["M","?","?","?","M","R","E","?","T","R","?","$","R","M","R","BOSS","M","M","M","M","?","E","R","?","T","M","R","?","R","?","R","BOSS"],"build_version":"2018-02-16-BETA2","purchased_purges":1,"victory":false,"master_deck":["Defend_G","Defend_G","Defend_G","Defend_G","Defend_G","Strike_G","Strike_G","Strike_G","Strike_G","Survivor+1","Neutralize+1","Bane","After Image","Escape Plan","Backflip","Slice","Backflip","Deadly Poison+1","Poisoned Stab+1","Blind","Backflip","Blur","After Image","Deadly Poison+1","Poisoned Stab","PiercingWail+1","Blur","Backflip","Quick Slash+1","Noxious Fumes+1","Die Die Die","Predator"],"max_hp_per_floor":[66,66,63,77,77,77,77,77,77,77,77,77,77,77,77,77,77,77,77,77,77,77,84,84,84,84,84,84,84,84,84,84],"relics":["Ring of the Snake","Prayer Wheel","Mango","Old Coin","Anchor","Frozen Eye","Philosopher\u0027s Stone","Dead Branch","Strawberry","Ancient Tea Set","Girya"],"card_choices":[{"not_picked":["Underhanded Strike","Deflect"],"picked":"Bane"},{"not_picked":["Well Laid Plans","Bane"],"picked":"After Image"},{"not_picked":["Slice","Outmaneuver"],"picked":"Escape Plan"},{"not_picked":["Catalyst","Escape Plan"],"picked":"Backflip"},{"not_picked":["Setup","Well Laid Plans"],"picked":"Slice"},{"not_picked":["Slice","Acrobatics"],"picked":"Backflip"},{"not_picked":["Poisoned Stab","Heel Hook"],"picked":"Blur"},{"not_picked":["A Thousand Cuts","Envenom"],"picked":"After Image"},{"not_picked":["Terror","Dash"],"picked":"Deadly Poison"},{"not_picked":["Eviscerate","Terror"],"picked":"Poisoned Stab"},{"not_picked":["Prepared","Predator"],"picked":"PiercingWail"},{"not_picked":["Outmaneuver","Dagger Spray"],"picked":"Blur"},{"not_picked":["Dagger Throw","Choke"],"picked":"Backflip"},{"not_picked":["Flechettes","Caltrops"],"picked":"Quick Slash"},{"not_picked":["Accuracy","Deadly Poison"],"picked":"Noxious Fumes"},{"not_picked":["Crippling Poison","Slice"],"picked":"Die Die Die"},{"not_picked":["All Out Attack","Poisoned Stab"],"picked":"Predator"}],"player_experience":643364,"potions_floor_usage":[7,18,21,23,27],"damage_taken":[{"damage":6,"enemies":"Cultist","floor":1,"turns":5},{"damage":1,"enemies":"Small Slimes","floor":2,"turns":5},{"damage":0,"enemies":"Jaw Worm","floor":5,"turns":5},{"damage":42,"enemies":"Gremlin Nob","floor":7,"turns":6},{"damage":0,"enemies":"2 Fungi Beasts","floor":11,"turns":4},{"damage":1,"enemies":"3 Louse","floor":14,"turns":3},{"damage":5,"enemies":"The Guardian","floor":16,"turns":12},{"damage":4,"enemies":"2 Thieves","floor":18,"turns":4},{"damage":1,"enemies":"Spheric Guardian","floor":19,"turns":5},{"damage":13,"enemies":"Snake Plant","floor":20,"turns":5},{"damage":8,"enemies":"Centurion and Healer","floor":21,"turns":8},{"damage":33,"enemies":"Book of Stabbing","floor":23,"turns":9},{"damage":33,"enemies":"3 Cultists","floor":27,"turns":9},{"damage":11,"enemies":"Snake Plant","floor":29,"turns":5},{"damage":8,"enemies":"Snecko","floor":31,"turns":6},{"damage":73,"enemies":"Automaton","floor":33,"turns":12}],"event_choices":[{"event_name":"The Cleric","player_choice":"Card Removal","floor":3,"damage_taken":0},{"event_name":"Dead Adventurer","player_choice":"Searched \u00271\u0027 times","floor":8,"damage_taken":0},{"event_name":"Addict","player_choice":"Obtained Relic","floor":22,"damage_taken":0},{"event_name":"Wheel of Change","player_choice":"Relic","floor":25,"damage_taken":0}],"boss_relics":[{"not_picked":["White Beast Statue","Runic Pyramid"],"picked":"Philosopher\u0027s Stone"}],"potions_floor_spawned":[1,14,16,19,23,29],"seed_played":"-3662275301087323340","killed_by":"Automaton","ascension_level":15,"is_trial":false}