{"path_per_floor":["M","?","M","M","M","E","R","?","T","R","$","E","M","M","R","B",null,"M","M","?","M","?","R","T","M","T","$","M","$","R","M","R","B",null,"M","?","M","M","M","R","?","R","T","T","M","$","M","M","R"],"character_chosen":"THE_SILENT","items_purchased":["Dagger Throw","Apotheosis"],"gold_per_floor":[118,68,82,93,104,139,139,139,139,139,38,73,90,102,102,203,203,220,230,230,244,169,169,169,188,188,88,101,101,101,121,121,226,226,243,243,257,268,280,280,333,333,333,359,379,51,64,76,76],"floor_reached":50,"campfire_rested":2,"playtime":2163,"current_hp_per_floor":[70,70,70,69,55,38,38,26,26,26,26,25,25,25,46,33,70,68,68,68,55,55,55,55,55,55,55,50,50,50,50,50,4,70,70,70,64,52,49,49,52,52,52,52,24,24,6,6,31],"items_purged":["Strike_G","Writhe","Writhe"],"gold":76,"score":434,"play_id":"300d30d5-9198-484d-b817-53839728766b","is_prod":false,"is_daily":false,"is_ascension_mode":false,"campfire_upgraded":6,"path_taken":["M","?","M","M","M","E","R","?","T","R","?","E","M","M","R","BOSS","M","M","?","M","?","R","?","?","T","$","M","$","R","M","R","BOSS","M","?","M","M","M","R","?","R","T","?","?","?","M","M","R","BOSS"],"build_version":"2018-02-15-BETA1","purchased_purges":3,"victory":false,"master_deck":["Defend_G","Defend_G","Defend_G","Defend_G+1","Survivor","Neutralize","Noxious Fumes+1","Bane","Backflip","Flying Knee","Skewer+1","Glass Knife+1","Backflip","Backflip+1","Sucker Punch","Phantasmal Killer+1","Predator","Terror","Flying Knee+1","Bouncing Flask+1","Doppelganger","Infinite Blades+1","A Thousand Cuts+1","Tools of the Trade+1","Backflip","Bane","Cloak And Dagger+1","Blade Dance+1","Writhe","Distraction+1","Apotheosis","Cloak And Dagger+1","Deflect+1"],"max_hp_per_floor":[70,70,70,70,70,70,70,70,70,70,70,70,70,70,70,70,70,70,70,70,70,70,70,70,70,70,70,70,70,70,70,70,70,70,70,70,70,70,70,70,84,84,84,84,84,84,84,84,84],"relics":["Ring of the Snake","Matryoshka","Bag of Marbles","Dream Catcher","Du-Vu Doll","Cursed Key","War Paint","Peace Pipe","Girya","Astrolabe","Mango","Torii","Orichalcum"],"card_choices":[{"not_picked":["Poisoned Stab","Dodge and Roll"],"picked":"Noxious Fumes"},{"not_picked":["Wraith Form","Deadly Poison"],"picked":"Bane"},{"not_picked":["Crippling Poison","Finisher"],"picked":"Backflip"},{"not_picked":["Dagger Throw","Underhanded Strike"],"picked":"Flying Knee"},{"not_picked":["Endless Agony","Expertise"],"picked":"Skewer"},{"not_picked":["Flechettes","Deflect"],"picked":"Glass Knife"},{"not_picked":["Deflect","Bane"],"picked":"Backflip"},{"not_picked":["Cloak And Dagger","Deadly Poison"],"picked":"Backflip"},{"not_picked":["Infinite Blades","Backflip"],"picked":"Sucker Punch"},{"not_picked":["Glass Knife","Doppelganger"],"picked":"Phantasmal Killer"},{"not_picked":["Prepared","Endless Agony"],"picked":"Predator"},{"not_picked":["Deflect","Slice"],"picked":"Terror"},{"not_picked":["Dagger Throw","Distraction"],"picked":"Flying Knee"},{"not_picked":["Bane","Choke"],"picked":"Bouncing Flask"},{"not_picked":["Glass Knife","After Image"],"picked":"Doppelganger"},{"not_picked":["Poisoned Stab","Deflect"],"picked":"Backflip"},{"not_picked":["Underhanded Strike","Crippling Poison"],"picked":"Bane"},{"not_picked":["Caltrops","Quick Slash"],"picked":"Cloak And Dagger"},{"not_picked":["Poisoned Stab","Prepared"],"picked":"Blade Dance"},{"not_picked":["Heel Hook","Grand Finale"],"picked":"Distraction"},{"not_picked":["Deflect","Predator"],"picked":"Cloak And Dagger"},{"not_picked":["Dodge and Roll","Caltrops"],"picked":"Deflect"}],"player_experience":602123,"potions_floor_usage":[6,12,16,16,33,33,33,41,45,50,50],"damage_taken":[{"damage":0,"enemies":"Cultist","floor":1,"turns":4},{"damage":0,"enemies":"2 Louse","floor":3,"turns":4},{"damage":1,"enemies":"Jaw Worm","floor":4,"turns":4},{"damage":14,"enemies":"Large Slime","floor":5,"turns":7},{"damage":17,"enemies":"3 Sentries","floor":6,"turns":8},{"damage":7,"enemies":"Gremlin Nob","floor":12,"turns":3},{"damage":0,"enemies":"2 Fungi Beasts","floor":13,"turns":1},{"damage":0,"enemies":"3 Louse","floor":14,"turns":2},{"damage":13,"enemies":"Slime Boss","floor":16,"turns":7},{"damage":2,"enemies":"Shell Parasite","floor":18,"turns":5},{"damage":0,"enemies":"Chosen","floor":19,"turns":3},{"damage":13,"enemies":"Snecko","floor":21,"turns":4},{"damage":0,"enemies":"Snake Plant","floor":25,"turns":2},{"damage":5,"enemies":"Slaver and Parasite","floor":28,"turns":5},{"damage":0,"enemies":"Snecko","floor":31,"turns":3},{"damage":61,"enemies":"Collector","floor":33,"turns":8},{"damage":0,"enemies":"3 Shapes","floor":35,"turns":5},{"damage":6,"enemies":"Flame Bruiser 1 Orb","floor":37,"turns":5},{"damage":12,"enemies":"Sphere and 2 Shapes","floor":38,"turns":4},{"damage":3,"enemies":"Maw","floor":39,"turns":6},{"damage":11,"enemies":"Mysterious Sphere","floor":41,"turns":5},{"damage":28,"enemies":"3 Darklings","floor":45,"turns":4},{"damage":18,"enemies":"4 Shapes","floor":47,"turns":6},{"damage":0,"enemies":"Flame Bruiser 2 Orb","floor":48,"turns":3},{"damage":39,"enemies":"Donu and Deca","floor":50,"turns":4}],"event_choices":[{"event_name":"The Cleric","player_choice":"Card Removal","floor":2,"damage_taken":0},{"event_name":"Scrap Ooze","player_choice":"success","floor":8,"damage_taken":12},{"event_name":"Vampires","player_choice":"Ignored","floor":20,"damage_taken":0},{"event_name":"Beggar","player_choice":"Gave Gold","floor":22,"damage_taken":0},{"event_name":"Mysterious Sphere","player_choice":"Fight","floor":41,"damage_taken":0}],"boss_relics":[{"not_picked":["White Beast Statue","Ectoplasm"],"picked":"Cursed Key"},{"not_picked":["Orrery","Pandora\u0027s Box"],"picked":"Astrolabe"}],"potions_floor_spawned":[4,6,12,13,18,19,25,39,41,45,48],"seed_played":"-5242256918898089312","killed_by":"Donu and Deca","ascension_level":0,"is_trial":false}