{"path_per_floor":["M","?","$","?","?","R","M","R","T","M","R","M","R","M","R","B",null,"M","$","?","?","M","R","M"],"character_chosen":"THE_SILENT","items_purchased":["Dash"],"gold_per_floor":[218,168,20,20,20,20,33,33,33,46,46,57,57,74,74,145,145,116,16,16,16,30,30,43],"floor_reached":25,"campfire_rested":1,"playtime":951,"current_hp_per_floor":[56,56,56,56,49,49,49,49,49,49,49,49,49,49,49,33,56,50,50,50,29,6,24,3],"items_purged":["Strike_G","Strike_G"],"gold":43,"score":334,"play_id":"b69c8870-a5e5-44f4-aa25-dff64d79906f","is_prod":false,"is_daily":false,"is_ascension_mode":true,"campfire_upgraded":5,"path_taken":["M","?","$","?","?","R","M","R","T","?","R","M","R","M","R","BOSS","M","$","?","?","M","R","?","M"],"build_version":"2018-02-15-BETA1","purchased_purges":2,"victory":false,"master_deck":["Defend_G","Defend_G","Defend_G","Defend_G","Defend_G","Strike_G","Strike_G","Survivor+1","Neutralize+1","Malaise+1","Dash+1","Acrobatics","Skewer+1","Flying Knee","Quick Slash","After Image","Backflip","Blade Dance+1","Sucker Punch"],"max_hp_per_floor":[66,63,63,63,63,63,63,63,63,63,63,63,63,63,63,63,63,63,63,63,63,63,63,63],"relics":["Ring of the Snake","Ice Cream","Philosopher\u0027s Stone","Nilry\u0027s Codex"],"card_choices":[{"not_picked":["Crippling Poison","Distraction"],"picked":"Malaise"},{"not_picked":["Dodge and Roll","Backstab"],"picked":"Acrobatics"},{"not_picked":["Dash","Acrobatics"],"picked":"Skewer"},{"not_picked":["Sucker Punch","Accuracy"],"picked":"Flying Knee"},{"not_picked":["Corpse Explosion","Endless Agony"],"picked":"Quick Slash"},{"not_picked":["Glass Knife","Unload"],"picked":"After Image"},{"not_picked":["PiercingWail","Endless Agony"],"picked":"Backflip"},{"not_picked":["Flying Knee","Prepared"],"picked":"Blade Dance"},{"not_picked":["Crippling Poison","Infinite Blades"],"picked":"Sucker Punch"}],"player_experience":618166,"potions_floor_usage":[14,16,18,25],"damage_taken":[{"damage":3,"enemies":"Jaw Worm","floor":1,"turns":7},{"damage":0,"enemies":"Small Slimes","floor":7,"turns":5},{"damage":0,"enemies":"Cultist","floor":10,"turns":5},{"damage":0,"enemies":"3 Louse","floor":12,"turns":4},{"damage":0,"enemies":"Looter","floor":14,"turns":3},{"damage":16,"enemies":"Hexaghost","floor":16,"turns":14},{"damage":6,"enemies":"2 Thieves","floor":18,"turns":5},{"damage":23,"enemies":"3 Byrds","floor":22,"turns":6},{"damage":21,"enemies":"Snecko","floor":24,"turns":7},{"damage":28,"enemies":"Cultist and Chosen","floor":25,"turns":5}],"event_choices":[{"event_name":"The Cleric","player_choice":"Card Removal","floor":2,"damage_taken":0},{"event_name":"The Lab","player_choice":"Got Potions","floor":4,"damage_taken":0},{"event_name":"Golden Wing","player_choice":"Card Removal","floor":5,"damage_taken":0},{"event_name":"Drug Dealer","player_choice":"Ignored","floor":20,"damage_taken":0},{"event_name":"Cursed Tome","player_choice":"Obtained Book","floor":21,"damage_taken":0}],"boss_relics":[{"not_picked":["Eternal Feather","Lizard Tail"],"picked":"Philosopher\u0027s Stone"}],"potions_floor_spawned":[1,12,16,24],"seed_played":"8895495571207212892","killed_by":"Cultist and Chosen","ascension_level":15,"is_trial":false}