{"path_per_floor":["M","$","M","M","?","R","?","R","T","R","M","M","E","M","R","B",null,"M","?","?","$","M","E","R","?","T","R","M","R","M","$","R","B",null,"M","?","M","$","?","R","E","R","T","R","M","M","?","?","R"],"character_chosen":"THE_SILENT","items_purchased":["Footwork"],"gold_per_floor":[119,44,55,74,74,74,74,74,74,74,90,60,94,104,104,179,179,168,168,168,68,82,116,116,116,142,142,162,162,181,19,19,96,96,116,116,136,136,136,136,162,162,233,233,246,264,264,264,264],"floor_reached":50,"campfire_rested":1,"playtime":3239,"current_hp_per_floor":[66,66,63,63,56,56,56,56,56,56,56,56,44,44,44,33,61,61,45,68,68,68,52,52,52,52,52,48,48,48,48,48,42,63,63,70,70,70,70,70,33,33,33,33,27,27,27,27,63],"items_purged":["Parasite","Strike_G","Strike_G"],"gold":264,"score":784,"play_id":"3d91a8c4-f681-4363-8918-7e300eca764e","is_prod":false,"is_daily":false,"is_ascension_mode":true,"campfire_upgraded":11,"path_taken":["M","$","?","M","?","R","?","R","T","R","M","M","E","M","R","BOSS","M","?","?","$","M","E","R","?","T","R","M","R","M","$","R","BOSS","M","?","M","$","?","R","E","R","T","R","M","M","?","?","R","BOSS"],"build_version":"2018-02-14-BETA1","purchased_purges":3,"victory":false,"master_deck":["Defend_G","Defend_G","Defend_G","Defend_G","Defend_G","Survivor+1","Neutralize+1","Escape Plan","Deflect+1","Acrobatics+1","Dash+1","Quick Slash+1","Bouncing Flask+1","Burst+1","PiercingWail","Leg Sweep+1","Footwork+1","Writhe","Dagger Throw+1","Catalyst"],"max_hp_per_floor":[73,70,70,70,70,70,70,70,70,70,70,70,70,70,70,70,70,70,70,70,70,70,70,70,70,70,70,70,70,70,70,70,70,70,70,70,70,70,70,70,70,70,70,70,70,70,70,70,70],"relics":["Ring of the Snake","Strawberry","Juzu Bracelet","Sundial","Oddly Smooth Stone","Velvet Choker","Nilry\u0027s Codex","Regal Pillow","Vajra","Philosopher\u0027s Stone","Pen Nib","Frozen Egg 2"],"card_choices":[{"not_picked":["Dodge and Roll","Underhanded Strike"],"picked":"Escape Plan"},{"not_picked":["Dagger Spray","Cloak And Dagger"],"picked":"Deflect"},{"not_picked":["Poisoned Stab","Underhanded Strike"],"picked":"Acrobatics"},{"not_picked":["Infinite Blades","Quick Slash"],"picked":"Dash"},{"not_picked":["Finisher","Blade Dance"],"picked":"Quick Slash"},{"not_picked":["Bane","Crippling Poison"],"picked":"Bouncing Flask"},{"not_picked":["Night Terror","Wraith Form"],"picked":"Burst"},{"not_picked":["Heel Hook","Riddle With Holes"],"picked":"PiercingWail"},{"not_picked":["Acrobatics","Bouncing Flask"],"picked":"Leg Sweep"},{"not_picked":["Slice","Deflect"],"picked":"Dagger Throw"},{"not_picked":["Flying Knee","Outmaneuver"],"picked":"Catalyst"}],"player_experience":583548,"potions_floor_usage":[18,23,28,33,33,33,45,46],"damage_taken":[{"damage":0.0,"enemies":"Blue Slaver","floor":1.0,"turns":6.0},{"damage":3.0,"enemies":"Cultist","floor":3.0,"turns":5.0},{"damage":0.0,"enemies":"2 Louse","floor":4.0,"turns":3.0},{"damage":0.0,"enemies":"Exordium Wildlife","floor":11.0,"turns":7.0},{"damage":0.0,"enemies":"Looter","floor":12.0,"turns":4.0},{"damage":12.0,"enemies":"3 Sentries","floor":13.0,"turns":12.0},{"damage":0.0,"enemies":"Large Slime","floor":14.0,"turns":7.0},{"damage":11.0,"enemies":"The Guardian","floor":16.0,"turns":11.0},{"damage":0,"enemies":"2 Thieves","floor":18,"turns":4},{"damage":0,"enemies":"Shell Parasite","floor":22,"turns":3},{"damage":16,"enemies":"Slavers","floor":23,"turns":6},{"damage":4,"enemies":"3 Cultists","floor":28,"turns":8},{"damage":0,"enemies":"Snake Plant","floor":30,"turns":3},{"damage":6,"enemies":"Champ","floor":33,"turns":8},{"damage":0,"enemies":"3 Shapes","floor":35,"turns":6},{"damage":0,"enemies":"Flame Bruiser 1 Orb","floor":37,"turns":9},{"damage":37,"enemies":"Giant Head","floor":41,"turns":11},{"damage":6,"enemies":"3 Darklings","floor":45,"turns":9},{"damage":0,"enemies":"Flame Bruiser 2 Orb","floor":46,"turns":9},{"damage":71,"enemies":"Awakened One","floor":50,"turns":17}],"event_choices":[{"event_name":"Golden Wing","player_choice":"Card Removal","floor":5.0,"damage_taken":0.0},{"event_name":"Dead Adventurer","player_choice":"Searched \u00271\u0027 times","floor":7.0,"damage_taken":0.0},{"event_name":"Cursed Tome","player_choice":"Obtained Book","floor":19,"damage_taken":0},{"event_name":"The Library","player_choice":"Heal","floor":20,"damage_taken":0},{"event_name":"Back to Basics","player_choice":"Elegance","floor":25,"damage_taken":0},{"event_name":"Winding Halls","player_choice":"Writhe","floor":36,"damage_taken":0},{"event_name":"Tomb of Lord Red Mask","player_choice":"Ignored","floor":39,"damage_taken":0},{"event_name":"Mysterious Sphere","player_choice":"Ignore","floor":48,"damage_taken":0}],"boss_relics":[{"not_picked":["The Specimen","Ectoplasm"],"picked":"Velvet Choker"},{"not_picked":["Pandora\u0027s Box","Calling Bell"],"picked":"Philosopher\u0027s Stone"}],"potions_floor_spawned":[4,11,14,16,18,22,28,33],"seed_played":"-7125756990890459722","killed_by":"Awakened One","ascension_level":14,"is_trial":false}