{"path_per_floor":["M","?","M","M","$","R","M","E","T","M","R","M","?","?","R","B",null,"M","$","M","M","?"],"character_chosen":"THE_SILENT","items_purchased":["Terror","Jack Of All Trades","Noxious Fumes"],"gold_per_floor":[114,214,232,248,2,2,19,50,50,62,62,76,76,26,26,151,151,174,37,60,73,73],"floor_reached":23,"campfire_rested":2,"playtime":1342,"current_hp_per_floor":[57,57,48,46,46,46,45,18,18,17,37,34,34,34,52,45,58,23,23,11,8,8],"items_purged":["Parasite","Strike_G"],"gold":73,"score":299,"play_id":"26248e11-695a-46ae-bff6-e5779ff1f5ef","is_prod":false,"is_daily":false,"is_ascension_mode":true,"campfire_upgraded":1,"path_taken":["M","?","M","M","$","R","M","E","T","?","R","M","?","?","R","BOSS","M","$","M","?","?","E"],"build_version":"2018-02-08-BETA1","purchased_purges":2,"victory":false,"master_deck":["Defend_G","Defend_G","Defend_G","Defend_G","Defend_G","Strike_G","Strike_G","Survivor","Neutralize+1","Dagger Throw","Poisoned Stab","Dodge and Roll","Terror","Jack Of All Trades","Blur","Dash","Deflect","Deflect","Burst","Leg Sweep+1","Noxious Fumes"],"max_hp_per_floor":[70,70,70,70,67,67,67,67,67,67,67,67,62,62,62,62,62,62,62,64,66,66],"relics":["Ring of the Snake","Bottled Lightning","Singing Bowl","Golden Idol","Runic Dome"],"card_choices":[{"not_picked":["All Out Attack","Escape Plan"],"picked":"Dagger Throw"},{"not_picked":["Sucker Punch","Bane"],"picked":"Poisoned Stab"},{"not_picked":["Dagger Spray","Calculated Gamble"],"picked":"Dodge and Roll"},{"not_picked":["Dagger Throw","Leg Sweep"],"picked":"Blur"},{"not_picked":["Outmaneuver","Cloak And Dagger"],"picked":"Dash"},{"not_picked":["Outmaneuver","Endless Agony"],"picked":"Deflect"},{"not_picked":["Cloak And Dagger","Bane"],"picked":"Deflect"},{"not_picked":["After Image","Envenom"],"picked":"Burst"},{"not_picked":["Reflex","Deadly Poison"],"picked":"Leg Sweep"}],"player_experience":531967,"potions_floor_usage":[7,16,16,20],"damage_taken":[{"damage":6,"enemies":"Cultist","floor":1,"turns":6},{"damage":9,"enemies":"Blue Slaver","floor":3,"turns":5},{"damage":2,"enemies":"Jaw Worm","floor":4,"turns":4},{"damage":1,"enemies":"Gremlin Gang","floor":7,"turns":6},{"damage":27,"enemies":"3 Sentries","floor":8,"turns":12},{"damage":1,"enemies":"Looter","floor":10,"turns":4},{"damage":3,"enemies":"Large Slime","floor":12,"turns":5},{"damage":31,"enemies":"The Guardian","floor":16,"turns":18},{"damage":35,"enemies":"Chosen","floor":18,"turns":7},{"damage":14,"enemies":"Spheric Guardian","floor":20,"turns":5},{"damage":5,"enemies":"Centurion and Healer","floor":21,"turns":11},{"damage":9,"enemies":"Book of Stabbing","floor":23,"turns":7}],"event_choices":[{"event_name":"Golden Shrine","player_choice":"Pray","floor":2,"damage_taken":0},{"event_name":"Golden Idol","player_choice":"Lose Max HP","floor":13,"damage_taken":0},{"event_name":"The Cleric","player_choice":"Card Removal","floor":14,"damage_taken":0},{"event_name":"Drug Dealer","player_choice":"Ignored","floor":22,"damage_taken":0}],"boss_relics":[{"not_picked":["Eternal Feather","Lizard Tail"],"picked":"Runic Dome"}],"potions_floor_spawned":[4,10,12,18,21],"seed_played":"2030115947562219792","killed_by":"Book of Stabbing","ascension_level":11,"is_trial":false}