{"path_per_floor":["M","M","$","?","M","R","M","?","T","M","R","M","$","?","R","B",null,"M","M","$","M","M","R","M","R","T","M","$","M","?","?","R","B",null,"M","M","?","$","M","R","M","R","T","M","?","R","?","M","R"],"character_chosen":"THE_SILENT","items_purchased":["Backflip","Panache"],"gold_per_floor":[214,229,109,59,70,70,80,80,80,92,92,106,6,30,30,107,107,124,141,16,29,49,49,59,59,59,74,74,92,92,92,92,169,169,185,203,203,25,45,45,65,65,65,77,77,77,37,47,47],"floor_reached":50,"campfire_rested":0,"playtime":2661,"current_hp_per_floor":[55,49,49,49,49,49,49,49,49,37,37,36,36,31,31,26,54,54,54,54,54,53,53,51,51,51,48,48,43,43,43,43,43,58,57,57,57,57,57,63,63,63,63,58,47,59,59,59,63],"items_purged":["Parasite","Defend_G","Strike_G"],"gold":47,"score":767,"play_id":"227e9cc5-adb1-421b-a9d7-590c32316e23","is_prod":false,"is_daily":false,"is_ascension_mode":true,"campfire_upgraded":10,"path_taken":["M","M","$","?","?","R","M","?","T","M","R","?","$","?","R","BOSS","M","M","$","M","M","R","M","R","T","M","$","M","?","?","R","BOSS","M","M","?","$","M","R","M","R","T","M","?","R","?","M","R","BOSS"],"build_version":"2018-02-15-BETA1","purchased_purges":3,"victory":false,"master_deck":["Defend_G","Defend_G","Defend_G","Defend_G","Strike_G","Strike_G","Survivor","Neutralize+1","Footwork+1","PiercingWail","Backflip+1","Backflip","Footwork+1","Quick Slash+1","Cloak And Dagger+1","Cloak And Dagger+1","After Image+1","Choke+1","Slice","Deflect","Deflect+1","Dodge and Roll","Glass Knife+1","Die Die Die","Escape Plan+1","Panache+1","Escape Plan","Quick Slash+1","Writhe","Madness","Madness","Blade Dance+1"],"max_hp_per_floor":[66,66,63,63,63,63,63,63,63,63,63,63,63,63,63,63,63,63,63,63,63,63,63,63,63,63,63,63,63,63,63,63,63,63,63,63,63,63,63,63,63,63,63,63,63,63,63,63,63],"relics":["Ring of the Snake","Shuriken","Odd Mushroom","Cursed Key","Eternal Feather"],"card_choices":[{"not_picked":["Sucker Punch","Dagger Spray"],"picked":"Footwork"},{"not_picked":["Heel Hook","Cloak And Dagger"],"picked":"PiercingWail"},{"not_picked":["Bouncing Flask","Underhanded Strike"],"picked":"Backflip"},{"not_picked":["Flying Knee","Skewer"],"picked":"Footwork"},{"not_picked":["Prepared","Skewer"],"picked":"Quick Slash"},{"not_picked":["Storm of Steel","Bouncing Flask"],"picked":"Cloak And Dagger"},{"not_picked":["Acrobatics","Expertise"],"picked":"Cloak And Dagger"},{"not_picked":["Die Die Die","Venomology"],"picked":"After Image"},{"not_picked":["Infinite Blades","Quick Slash"],"picked":"Choke"},{"not_picked":["PiercingWail","All Out Attack"],"picked":"Slice"},{"not_picked":["Finisher","Choke"],"picked":"Deflect"},{"not_picked":["Riddle With Holes","Infinite Blades"],"picked":"Deflect"},{"not_picked":["Expertise","Footwork"],"picked":"Dodge and Roll"},{"not_picked":["Poisoned Stab","Caltrops"],"picked":"Glass Knife"},{"not_picked":["Wraith Form","Unload"],"picked":"Die Die Die"},{"not_picked":["Poisoned Stab","Sucker Punch"],"picked":"Escape Plan"},{"not_picked":["Quick Slash","Bouncing Flask"],"picked":"Escape Plan"},{"not_picked":["Dagger Spray","Skewer"],"picked":"Quick Slash"},{"not_picked":["Glass Knife","Deflect"],"picked":"Blade Dance"}],"player_experience":619117,"potions_floor_usage":[10,21,33,33,41,41,44,50,50],"damage_taken":[{"damage":4,"enemies":"Jaw Worm","floor":1,"turns":6},{"damage":6,"enemies":"Cultist","floor":2,"turns":6},{"damage":0,"enemies":"2 Louse","floor":5,"turns":4},{"damage":0,"enemies":"Exordium Wildlife","floor":7,"turns":9},{"damage":12,"enemies":"Exordium Thugs","floor":10,"turns":9},{"damage":1,"enemies":"Looter","floor":12,"turns":5},{"damage":5,"enemies":"The Mushroom Lair","floor":14,"turns":6},{"damage":5,"enemies":"Hexaghost","floor":16,"turns":16},{"damage":0,"enemies":"3 Byrds","floor":18,"turns":7},{"damage":0,"enemies":"Chosen","floor":19,"turns":6},{"damage":0,"enemies":"Snake Plant","floor":21,"turns":6},{"damage":1,"enemies":"Snecko","floor":22,"turns":8},{"damage":2,"enemies":"Cultist and Chosen","floor":24,"turns":9},{"damage":3,"enemies":"Snake Plant","floor":27,"turns":5},{"damage":5,"enemies":"Snecko","floor":29,"turns":6},{"damage":0,"enemies":"Champ","floor":33,"turns":9},{"damage":1,"enemies":"3 Darklings","floor":35,"turns":7},{"damage":0,"enemies":"Orb Walker","floor":36,"turns":4},{"damage":0,"enemies":"3 Darklings","floor":39,"turns":5},{"damage":0,"enemies":"Flame Bruiser 2 Orb","floor":41,"turns":5},{"damage":5,"enemies":"Maw","floor":44,"turns":8},{"damage":0,"enemies":"Sphere and 2 Shapes","floor":48,"turns":4},{"damage":65,"enemies":"Time Eater","floor":50,"turns":13}],"event_choices":[{"event_name":"The Cleric","player_choice":"Card Removal","floor":4,"damage_taken":0},{"event_name":"The Lab","player_choice":"Got Potions","floor":8,"damage_taken":0},{"event_name":"Mushrooms","player_choice":"Fought Mushrooms","floor":14,"damage_taken":0},{"event_name":"Bonfire Elementals","player_choice":"BASIC","floor":30,"damage_taken":0},{"event_name":"Accursed Blacksmith","player_choice":"Forge","floor":31,"damage_taken":0},{"event_name":"Upgrade Shrine","player_choice":"Upgraded","floor":37,"damage_taken":0},{"event_name":"Winding Halls","player_choice":"Embrace Madness","floor":45,"damage_taken":0},{"event_name":"The Woman in Blue","player_choice":"Bought 3 Potions","floor":47,"damage_taken":0}],"boss_relics":[{"not_picked":["Question Card","Philosopher\u0027s Stone"],"picked":"Cursed Key"},{"not_picked":["Runic Pyramid","Orrery"],"picked":"Eternal Feather"}],"potions_floor_spawned":[2,5,10,14,19,27,33,39],"seed_played":"1305098484825250621","killed_by":"Time Eater","ascension_level":15,"is_trial":false}