{"path_per_floor":["M","M","?","$","?","R","E","R","T","M","$","?","$","M","R","B",null,"M","?","?","$","M","R","E","$","T","M","R","M","R","M","R","B",null,"M","?","?","T","?","R","E","R","T","$","M","M","M","M","R"],"character_chosen":"THE_SILENT","items_purchased":["Bouncing Flask","Predator","Footwork"],"gold_per_floor":[117,134,134,59,59,59,92,92,118,129,61,61,61,71,71,146,146,166,166,166,66,85,85,111,43,43,56,56,74,74,86,86,162,162,174,174,174,227,227,227,258,258,282,87,99,118,134,154,154],"floor_reached":50,"campfire_rested":2,"playtime":2424,"current_hp_per_floor":[59,59,64,64,61,61,68,68,68,68,68,53,53,53,53,33,65,65,49,49,49,52,52,18,18,18,24,24,52,52,52,52,44,50,39,39,39,39,32,52,50,50,50,50,52,48,52,31,52],"items_purged":["Parasite","Bite","Injury"],"gold":154,"score":856,"play_id":"e7209976-cebb-4db6-8314-870c0a927733","is_prod":false,"is_daily":false,"is_ascension_mode":true,"campfire_upgraded":8,"path_taken":["M","M","?","$","?","R","E","R","T","?","$","?","?","M","R","BOSS","M","?","?","$","M","R","E","$","T","?","R","M","R","M","R","BOSS","M","?","?","?","?","R","E","R","T","$","?","M","M","M","R","BOSS"],"build_version":"2018-02-14-BETA1","purchased_purges":3,"victory":false,"master_deck":["Defend_G","Defend_G","Defend_G","Defend_G+1","Defend_G","Survivor","Neutralize+1","Bane+1","Backflip","Footwork+1","Quick Slash+1","Bouncing Flask+1","Footwork+1","Glass Knife+1","Catalyst+1","Bite","Bite","Bite","Bite","Backflip+1","Predator","Terror+1","Quick Slash","Madness","Madness","Dodge and Roll","Dodge and Roll","Footwork","Backflip","Noxious Fumes+1","Deadly Poison+1"],"max_hp_per_floor":[66,66,71,68,68,68,75,75,75,75,75,75,75,75,75,75,75,75,75,52,52,52,52,52,52,52,52,52,52,52,52,52,52,52,52,52,52,52,52,52,52,52,52,52,52,52,52,52,52],"relics":["Ring of the Snake","NeowsBlessing","Dream Catcher","Strawberry","Anchor","Velvet Choker","Nilry\u0027s Codex","Regal Pillow","Unceasing Top","Sozu","Vajra","Bag of Preparation","Omamori"],"card_choices":[{"not_picked":["Wraith Form","Acrobatics"],"picked":"Bane"},{"not_picked":["Slice","Quick Slash"],"picked":"Backflip"},{"not_picked":["Catalyst","Flying Knee"],"picked":"Footwork"},{"not_picked":["Calculated Gamble","Infinite Blades"],"picked":"Quick Slash"},{"not_picked":["Bane","Acrobatics"],"picked":"Footwork"},{"not_picked":["Tools of the Trade","A Thousand Cuts"],"picked":"Glass Knife"},{"not_picked":["Acrobatics","Flechettes"],"picked":"Catalyst"},{"not_picked":["Flying Knee","Grand Finale"],"picked":"Backflip"},{"not_picked":["Outmaneuver","Slice"],"picked":"Terror"},{"not_picked":["Flechettes","Deflect"],"picked":"Quick Slash"},{"not_picked":["Expertise","Catalyst"],"picked":"Dodge and Roll"},{"not_picked":["Backflip","Dagger Spray"],"picked":"Dodge and Roll"},{"not_picked":["Crippling Poison","Bouncing Flask"],"picked":"Backflip"},{"not_picked":["Eviscerate","All Out Attack"],"picked":"Noxious Fumes"},{"not_picked":["Infinite Blades","Slice"],"picked":"Deadly Poison"}],"player_experience":586787,"potions_floor_usage":[16,24,24,33,33,33],"damage_taken":[{"damage":0,"enemies":"Jaw Worm","floor":1,"turns":1},{"damage":0,"enemies":"Cultist","floor":2,"turns":1},{"damage":0,"enemies":"Gremlin Nob","floor":7,"turns":1},{"damage":0,"enemies":"Small Slimes","floor":10,"turns":6},{"damage":0,"enemies":"Looter","floor":14,"turns":2},{"damage":20,"enemies":"Hexaghost","floor":16,"turns":12},{"damage":0,"enemies":"Spheric Guardian","floor":18,"turns":4},{"damage":0,"enemies":"3 Byrds","floor":22,"turns":5},{"damage":37,"enemies":"Slavers","floor":24,"turns":6},{"damage":0,"enemies":"Snecko","floor":27,"turns":4},{"damage":9,"enemies":"Centurion and Healer","floor":29,"turns":19},{"damage":0,"enemies":"Snake Plant","floor":31,"turns":4},{"damage":12,"enemies":"Champ","floor":33,"turns":9},{"damage":19,"enemies":"3 Darklings","floor":35,"turns":5},{"damage":6,"enemies":"Nemesis","floor":41,"turns":7},{"damage":0,"enemies":"Flame Bruiser 1 Orb","floor":45,"turns":6},{"damage":10,"enemies":"4 Shapes","floor":46,"turns":10},{"damage":13,"enemies":"Sphere and 2 Shapes","floor":47,"turns":13},{"damage":31,"enemies":"Flame Bruiser 2 Orb","floor":48,"turns":7},{"damage":60,"enemies":"Time Eater","floor":50,"turns":3}],"event_choices":[{"event_name":"Big Fish","player_choice":"Donut","floor":3,"damage_taken":0},{"event_name":"Scrap Ooze","player_choice":"success","floor":5,"damage_taken":3},{"event_name":"Shining Light","player_choice":"Entered Light","floor":12,"damage_taken":0},{"event_name":"Cursed Tome","player_choice":"Obtained Book","floor":19,"damage_taken":0},{"event_name":"Vampires","player_choice":"Became a vampire","floor":20,"damage_taken":0},{"event_name":"Accursed Blacksmith","player_choice":"Forge","floor":36,"damage_taken":0},{"event_name":"Mysterious Sphere","player_choice":"Ignore","floor":37,"damage_taken":0},{"event_name":"Winding Halls","player_choice":"Embrace Madness","floor":39,"damage_taken":0}],"boss_relics":[{"not_picked":["Question Card","The Specimen"],"picked":"Velvet Choker"},{"not_picked":["Philosopher\u0027s Stone","Black Star"],"picked":"Sozu"}],"potions_floor_spawned":[1,7,22,24,29,35,48],"seed_played":"-9043131935283570603","killed_by":"Time Eater","ascension_level":14,"is_trial":false}