{"path_per_floor":["M","?","M","$","M","R","M","R","T","M","M","M","R","M","R","B",null,"M","?","$","M","M","R","E","R","T","R","M","M","M","M","R"],"character_chosen":"THE_SILENT","items_purchased":["Accuracy","Deflect"],"gold_per_floor":[114,114,128,14,25,25,38,38,65,76,90,70,70,84,84,160,160,160,75,27,27,27,27,27,27,27,27,27,27,27,27,27],"floor_reached":33,"campfire_rested":2,"playtime":1516,"current_hp_per_floor":[61,66,66,66,66,66,66,66,66,66,60,60,60,60,60,4,55,55,55,55,37,37,58,47,47,47,47,38,38,38,33,54],"items_purged":["Parasite"],"gold":27,"score":437,"play_id":"0eb733ac-7d9f-4672-98fe-ed6c98edb891","is_prod":false,"is_daily":false,"is_ascension_mode":true,"campfire_upgraded":6,"path_taken":["M","?","M","$","M","R","M","R","T","?","M","M","R","M","R","BOSS","M","?","$","M","M","R","E","R","T","R","?","M","M","M","R","BOSS"],"build_version":"2018-02-12-BETA1","purchased_purges":1,"victory":false,"master_deck":["Defend_G","Defend_G","Defend_G","Defend_G","Defend_G","Strike_G","Strike_G","Strike_G","Strike_G","Strike_G","Survivor","Neutralize+1","Quick Slash+1","Blur","Accuracy+1","Dodge and Roll","Cloak And Dagger+1","Malaise","Cloak And Dagger+1","Blade Dance+1","Choke","Die Die Die+1","Slice","Deflect","Backstab","Dagger Spray","Venomology+1","Predator","Sucker Punch+1"],"max_hp_per_floor":[70,75,75,72,72,72,72,72,72,72,72,72,72,72,72,72,72,72,72,72,72,72,72,72,72,72,72,72,72,72,72,72],"relics":["Ring of the Snake","Ancient Tea Set","Lantern","Ectoplasm","Anchor","Orichalcum","Whetstone"],"card_choices":[{"not_picked":["Outmaneuver","Flechettes"],"picked":"Quick Slash"},{"not_picked":["Slice","Dagger Spray"],"picked":"Blur"},{"not_picked":["Envenom","Deadly Poison"],"picked":"Dodge and Roll"},{"not_picked":["Outmaneuver","Choke"],"picked":"Cloak And Dagger"},{"not_picked":["Dodge and Roll","Flying Knee"],"picked":"Malaise"},{"not_picked":["Acrobatics","Underhanded Strike"],"picked":"Cloak And Dagger"},{"not_picked":["Caltrops","Dagger Spray"],"picked":"Blade Dance"},{"not_picked":["Dash","Noxious Fumes"],"picked":"Choke"},{"not_picked":["Tools of the Trade","Glass Knife"],"picked":"Die Die Die"},{"not_picked":["Acrobatics","Dodge and Roll"],"picked":"Slice"},{"not_picked":["Reflex","Dagger Throw"],"picked":"Backstab"},{"not_picked":["Reflex","Malaise"],"picked":"Dagger Spray"},{"not_picked":["Setup","PiercingWail"],"picked":"Venomology"},{"not_picked":["Sucker Punch","Bane"],"picked":"Predator"},{"not_picked":["Underhanded Strike","Dagger Throw"],"picked":"Sucker Punch"}],"player_experience":571565,"potions_floor_usage":[12,16,24,24,29,29,30,31,31,33],"damage_taken":[{"damage":2,"enemies":"Jaw Worm","floor":1,"turns":7},{"damage":0,"enemies":"Small Slimes","floor":3,"turns":3},{"damage":0,"enemies":"Cultist","floor":5,"turns":4},{"damage":0,"enemies":"3 Louse","floor":7,"turns":5},{"damage":0,"enemies":"Looter","floor":10,"turns":3},{"damage":6,"enemies":"Large Slime","floor":11,"turns":8},{"damage":12,"enemies":"Exordium Thugs","floor":12,"turns":6},{"damage":0,"enemies":"3 Louse","floor":14,"turns":3},{"damage":56,"enemies":"Hexaghost","floor":16,"turns":12},{"damage":0,"enemies":"Shell Parasite","floor":18,"turns":5},{"damage":18,"enemies":"Chosen","floor":21,"turns":7},{"damage":0,"enemies":"Centurion and Healer","floor":22,"turns":6},{"damage":11,"enemies":"Book of Stabbing","floor":24,"turns":6},{"damage":9,"enemies":"Snake Plant","floor":28,"turns":3},{"damage":0,"enemies":"Snecko","floor":29,"turns":3},{"damage":0,"enemies":"Cultist and Chosen","floor":30,"turns":4},{"damage":5,"enemies":"Chosen and Byrds","floor":31,"turns":6},{"damage":70,"enemies":"Champ","floor":33,"turns":9}],"event_choices":[{"event_name":"Big Fish","player_choice":"Donut","floor":2,"damage_taken":0},{"event_name":"Addict","player_choice":"Obtained Relic","floor":19,"damage_taken":0}],"boss_relics":[{"not_picked":["Eternal Feather","White Beast Statue"],"picked":"Ectoplasm"}],"potions_floor_spawned":[3,5,12,18,22,28,30],"seed_played":"-4800322775237237613","killed_by":"Champ","ascension_level":13,"is_trial":false}