{"path_per_floor":["M","?","T","M","M","R","$","R","T","M","?","M","R","M","R","B",null,"M","$","M","M","?","R","M","M","T","?","?","$","M","M","R","B",null,"M","M","$","?","M","M"],"character_chosen":"THE_SILENT","items_purchased":["Kunai","Backflip"],"gold_per_floor":[216,216,216,236,254,254,8,8,35,46,11,26,26,36,36,113,113,113,13,13,13,13,13,13,13,13,13,13,13,13,13,13,13,13,13,13,13,13,13,13],"floor_reached":41,"campfire_rested":2,"playtime":2917,"current_hp_per_floor":[59,41,41,37,37,37,37,37,37,33,49,49,49,49,49,27,56,37,37,37,37,20,40,36,27,27,27,27,27,18,13,33,13,54,54,54,54,54,47,43],"items_purged":["Parasite"],"gold":13,"score":593,"play_id":"98fffe58-95a2-47cf-b06c-b7be56c93f8b","is_prod":false,"is_daily":false,"is_ascension_mode":true,"campfire_upgraded":4,"path_taken":["M","?","?","?","M","R","$","R","T","M","?","M","R","?","R","BOSS","M","$","M","M","?","R","M","M","T","?","?","?","M","?","R","BOSS","M","M","?","?","M","M","M"],"build_version":"2018-02-15-BETA1","purchased_purges":1,"victory":false,"master_deck":["Defend_G","Defend_G","Defend_G","Defend_G","Defend_G","Strike_G","Strike_G","Strike_G","Strike_G","Strike_G","Survivor","Neutralize+1","Backflip","Leg Sweep+1","Dagger Throw","Dash+1","Dodge and Roll","Cloak And Dagger+1","After Image","Slice+1","Backflip","Predator","Dodge and Roll","Slice","Slice+1","Cloak And Dagger"],"max_hp_per_floor":[66,66,66,66,66,66,66,66,66,66,66,66,66,66,66,66,66,66,63,63,63,68,68,68,68,68,68,68,68,68,68,68,68,68,68,68,68,68,68,68],"relics":["Ring of the Snake","Pen Nib","Frozen Eye","Kunai","Art of War","Ectoplasm","Oddly Smooth Stone","Runic Dome"],"card_choices":[{"not_picked":["Dodge and Roll","Crippling Poison"],"picked":"Backflip"},{"not_picked":["Flechettes","Poisoned Stab"],"picked":"Leg Sweep"},{"not_picked":["Outmaneuver","Poisoned Stab"],"picked":"Dagger Throw"},{"not_picked":["Deadly Poison","Tactician"],"picked":"Dash"},{"not_picked":["Calculated Gamble","Catalyst"],"picked":"Dodge and Roll"},{"not_picked":["Leg Sweep","Underhanded Strike"],"picked":"Cloak And Dagger"},{"not_picked":["Doppelganger","Envenom"],"picked":"After Image"},{"not_picked":["Flechettes","Underhanded Strike"],"picked":"Slice"},{"not_picked":["Concentrate","Distraction"],"picked":"Predator"},{"not_picked":["Infinite Blades","Deflect"],"picked":"Dodge and Roll"},{"not_picked":["Sucker Punch","Flying Knee"],"picked":"Slice"},{"not_picked":["Outmaneuver","Terror"],"picked":"Slice"},{"not_picked":["Catalyst","Prepared"],"picked":"Cloak And Dagger"}],"player_experience":621778,"potions_floor_usage":[16,16,16,39],"damage_taken":[{"damage":0,"enemies":"2 Louse","floor":1,"turns":3},{"damage":4,"enemies":"Small Slimes","floor":4,"turns":5},{"damage":0,"enemies":"Jaw Worm","floor":5,"turns":6},{"damage":4,"enemies":"Exordium Thugs","floor":10,"turns":5},{"damage":0,"enemies":"Large Slime","floor":12,"turns":8},{"damage":0,"enemies":"3 Louse","floor":14,"turns":4},{"damage":46,"enemies":"Slime Boss","floor":16,"turns":19},{"damage":19,"enemies":"Chosen","floor":18,"turns":10},{"damage":0,"enemies":"3 Byrds","floor":20,"turns":8},{"damage":0,"enemies":"Slaver and Parasite","floor":21,"turns":9},{"damage":4,"enemies":"3 Cultists","floor":24,"turns":6},{"damage":9,"enemies":"Snecko","floor":25,"turns":6},{"damage":9,"enemies":"Sentry and Sphere","floor":30,"turns":7},{"damage":5,"enemies":"3 Cultists","floor":31,"turns":9},{"damage":20,"enemies":"Automaton","floor":33,"turns":20},{"damage":0,"enemies":"3 Darklings","floor":35,"turns":18},{"damage":0,"enemies":"Orb Walker","floor":36,"turns":5},{"damage":7,"enemies":"3 Darklings","floor":39,"turns":8},{"damage":4,"enemies":"4 Shapes","floor":40,"turns":8},{"damage":64,"enemies":"Flame Bruiser 2 Orb","floor":41,"turns":24}],"event_choices":[{"event_name":"Scrap Ooze","player_choice":"success","floor":2,"damage_taken":18},{"event_name":"The Cleric","player_choice":"Healed","floor":11,"damage_taken":0},{"event_name":"Forgotten Altar","player_choice":"Shed Blood","floor":22,"damage_taken":0},{"event_name":"Cursed Tome","player_choice":"Ignored","floor":27,"damage_taken":0},{"event_name":"Drug Dealer","player_choice":"Ignored","floor":28,"damage_taken":0},{"event_name":"Mysterious Sphere","player_choice":"Ignore","floor":38,"damage_taken":0}],"boss_relics":[{"not_picked":["The Specimen","Tiny House"],"picked":"Ectoplasm"},{"not_picked":["Pandora\u0027s Box","Eternal Feather"],"picked":"Runic Dome"}],"potions_floor_spawned":[5,10,12,14,18,31,35,36],"seed_played":"-7430776009989053426","killed_by":"Flame Bruiser 2 Orb","ascension_level":15,"is_trial":false}