{"path_per_floor":["M","M","?","M","M","E","R","E","T","E","M","?","$","M","R","B",null,"M","?","$","M","M","E","M","E","T","E","M","M","$","E","R","B",null,"M","?","?","$","?","E","M","E","T","E","M","R","E","T","R","B"],"character_chosen":"THE_SILENT","items_purchased":["Vajra","Mind Blast","Noxious Fumes"],"gold_per_floor":[215,232,307,318,338,368,368,400,481,507,522,522,124,134,134,236,236,236,151,51,0,0,0,0,0,0,0,0,0,0,0,0,0,0,0,0,0,0,0,0,0,0,0,0,0,0,0,0,0,0],"floor_reached":51,"campfire_rested":3,"playtime":2905,"current_hp_per_floor":[70,70,59,59,59,50,50,43,43,40,40,40,40,40,40,62,70,70,70,70,67,67,44,44,41,41,39,31,31,31,30,66,20,70,67,67,58,58,43,11,11,7,7,1,1,37,37,37,70,68],"items_purged":["Strike_G","Strike_G"],"gold":0,"score":775,"play_id":"4ff141e7-adaf-4179-82e2-28ee796687e1","is_prod":false,"is_daily":false,"is_ascension_mode":true,"campfire_upgraded":2,"path_taken":["M","M","?","M","M","E","R","E","T","E","M","?","$","M","R","BOSS","M","?","$","M","M","E","M","E","T","E","M","M","$","E","R","BOSS","M","?","?","$","?","E","?","E","T","E","M","R","E","?","R","BOSS"],"build_version":"2018-02-16-BETA2","purchased_purges":2,"victory":true,"master_deck":["Defend_G","Defend_G","Defend_G","Defend_G","Defend_G","Strike_G","Strike_G","Strike_G","Survivor","Neutralize+1","Dash","Dagger Spray","Dagger Throw","Dash","Cloak And Dagger","Predator","Dodge and Roll+1","Mind Blast","Noxious Fumes+1","Bullet Time+1","Quick Slash","Bouncing Flask+1","Terror+1","Cloak And Dagger+1","Flying Knee+1","Quick Slash","Flying Knee+1","Sucker Punch+1","Storm of Steel+1","Doppelganger+1","Acrobatics+1","Madness+1","Madness+1","Blur+1","Backflip+1","Backflip+1","Blade Dance+1","Bane"],"max_hp_per_floor":[70,70,70,70,70,70,70,70,70,70,70,70,70,70,70,70,70,70,70,70,70,70,70,70,70,70,70,70,70,70,70,70,70,70,70,70,70,70,70,70,70,70,70,70,70,70,70,70,70,70],"relics":["Ring of the Snake","Pantograph","Regal Pillow","Toxic Egg 2","Gambling Chip","Vajra","Ectoplasm","Shuriken","Bag of Marbles","Omamori","Prayer Wheel","Ginger","Bottled Tornado","Sozu","Du-Vu Doll","Happy Flower","Oddly Smooth Stone","Orichalcum","Paper Crane","Torii","Old Coin"],"card_choices":[{"not_picked":["Prepared","Choke"],"picked":"Dash"},{"not_picked":["Prepared","Backstab"],"picked":"Dagger Spray"},{"not_picked":["Deadly Poison","Dagger Spray"],"picked":"Dagger Throw"},{"not_picked":["Quick Slash","Dagger Throw"],"picked":"Dash"},{"not_picked":["Tools of the Trade","Infinite Blades"],"picked":"Cloak And Dagger"},{"not_picked":["Leg Sweep","Dagger Spray"],"picked":"Predator"},{"not_picked":["Catalyst","Heel Hook"],"picked":"Dodge and Roll"},{"not_picked":["Doppelganger","Envenom"],"picked":"Bullet Time"},{"not_picked":["Outmaneuver","All Out Attack"],"picked":"Footwork"},{"not_picked":["Sucker Punch","Catalyst"],"picked":"Quick Slash"},{"not_picked":["Catalyst","Acrobatics"],"picked":"Bouncing Flask"},{"not_picked":["Slice","Dagger Throw"],"picked":"Terror"},{"not_picked":["Flying Knee","Blade Dance"],"picked":"Cloak And Dagger"},{"not_picked":["Predator","Dagger Spray"],"picked":"Flying Knee"},{"not_picked":["Slice","Bullet Time"],"picked":"Quick Slash"},{"not_picked":["PiercingWail","Slice"],"picked":"Flying Knee"},{"not_picked":["Noxious Fumes","Grand Finale"],"picked":"Sucker Punch"},{"not_picked":["Heel Hook","Dash"],"picked":"Storm of Steel"},{"not_picked":["Tactician","Storm of Steel"],"picked":"Doppelganger"},{"not_picked":["Dagger Throw","Underhanded Strike"],"picked":"Acrobatics"},{"not_picked":["Expertise","Accuracy"],"picked":"Blur"},{"not_picked":["Quick Slash","Poisoned Stab"],"picked":"Backflip"},{"not_picked":["Accuracy","Noxious Fumes"],"picked":"Backflip"},{"not_picked":["Calculated Gamble","Corpse Explosion"],"picked":"Blade Dance"},{"not_picked":["Quick Slash","All Out Attack"],"picked":"Bane"}],"player_experience":664847,"potions_floor_usage":[6,8,16,16,25,27,31],"damage_taken":[{"damage":0,"enemies":"2 Louse","floor":1,"turns":3},{"damage":0,"enemies":"Small Slimes","floor":2,"turns":4},{"damage":0,"enemies":"Cultist","floor":4,"turns":3},{"damage":0,"enemies":"Blue Slaver","floor":5,"turns":4},{"damage":9,"enemies":"3 Sentries","floor":6,"turns":10},{"damage":7,"enemies":"Gremlin Nob","floor":8,"turns":5},{"damage":3,"enemies":"3 Sentries","floor":10,"turns":8},{"damage":0,"enemies":"Large Slime","floor":11,"turns":4},{"damage":0,"enemies":"2 Fungi Beasts","floor":14,"turns":4},{"damage":3,"enemies":"Hexaghost","floor":16,"turns":9},{"damage":0,"enemies":"3 Byrds","floor":18,"turns":3},{"damage":3,"enemies":"2 Thieves","floor":21,"turns":4},{"damage":0,"enemies":"Snecko","floor":22,"turns":4},{"damage":23,"enemies":"Book of Stabbing","floor":23,"turns":4},{"damage":0,"enemies":"Centurion and Healer","floor":24,"turns":5},{"damage":12,"enemies":"Gremlin Leader","floor":25,"turns":6},{"damage":2,"enemies":"Slavers","floor":27,"turns":4},{"damage":8,"enemies":"Snake Plant","floor":28,"turns":3},{"damage":0,"enemies":"3 Cultists","floor":29,"turns":3},{"damage":1,"enemies":"Gremlin Leader","floor":31,"turns":7},{"damage":50,"enemies":"Automaton","floor":33,"turns":7},{"damage":3,"enemies":"3 Shapes","floor":35,"turns":4},{"damage":15,"enemies":"Mysterious Sphere","floor":39,"turns":5},{"damage":32,"enemies":"2 Orb Walkers","floor":40,"turns":4},{"damage":0,"enemies":"Flame Bruiser 1 Orb","floor":41,"turns":4},{"damage":4,"enemies":"Nemesis","floor":42,"turns":5},{"damage":6,"enemies":"2 Orb Walkers","floor":44,"turns":3},{"damage":0,"enemies":"Maw","floor":45,"turns":5},{"damage":0,"enemies":"Giant Head","floor":47,"turns":4},{"damage":2,"enemies":"Time Eater","floor":50,"turns":6}],"event_choices":[{"event_name":"World of Goop","player_choice":"Gather Gold","floor":3,"damage_taken":0},{"event_name":"The Lab","player_choice":"Got Potions","floor":12,"damage_taken":0},{"event_name":"Addict","player_choice":"Obtained Relic","floor":19,"damage_taken":0},{"event_name":"Winding Halls","player_choice":"Embrace Madness","floor":37,"damage_taken":0},{"event_name":"Mysterious Sphere","player_choice":"Fight","floor":39,"damage_taken":0}],"boss_relics":[{"not_picked":["Lizard Tail","Black Star"],"picked":"Ectoplasm"},{"not_picked":["The Specimen","Pandora\u0027s Box"],"picked":"Sozu"}],"potions_floor_spawned":[2,5,11,14,22,24,25,27,28,35,40,44,47],"seed_played":"-3771856553578142307","ascension_level":1,"is_trial":false}