{"path_per_floor":["M","M","M","M","M","R","M","R","T","R","$","E","R","?","R","B",null,"M","M","$","M","?"],"character_chosen":"THE_SILENT","items_purchased":[],"gold_per_floor":[111,123,133,146,156,156,126,126,126,126,51,76,76,76,76,150,150,135,151,51,61,61],"floor_reached":23,"campfire_rested":1,"playtime":1789,"current_hp_per_floor":[58,49,48,46,41,41,39,39,39,39,39,29,29,29,47,20,52,48,48,48,41,41],"items_purged":["Parasite","Strike_G"],"gold":61,"score":334,"play_id":"469ddce2-0ec6-4951-927b-29868b9ee29f","is_prod":false,"is_daily":false,"is_ascension_mode":true,"campfire_upgraded":4,"path_taken":["M","M","M","M","M","R","M","R","T","R","$","E","R","?","R","BOSS","M","M","$","?","?","E"],"build_version":"2018-02-15-BETA1","purchased_purges":2,"victory":false,"master_deck":["Defend_G","Defend_G","Defend_G","Defend_G","Defend_G","Strike_G","Strike_G","Strike_G","Survivor","Neutralize+1","Quick Slash","Quick Slash+1","Footwork+1","Footwork+1","Backflip","Dodge and Roll","Die Die Die","Deflect","Deflect","Reflex+1"],"max_hp_per_floor":[66,66,66,66,66,66,66,66,66,66,63,63,63,63,63,63,63,63,63,63,63,63],"relics":["Ring of the Snake","Tingsha","Omamori","Eternal Feather"],"card_choices":[{"not_picked":["Outmaneuver","Acrobatics"],"picked":"Quick Slash"},{"not_picked":["PiercingWail","Acrobatics"],"picked":"Quick Slash"},{"not_picked":["Sucker Punch","Endless Agony"],"picked":"Footwork"},{"not_picked":["Sucker Punch","Dodge and Roll"],"picked":"Footwork"},{"not_picked":["PiercingWail","Bane"],"picked":"Backflip"},{"not_picked":["Slice","Well Laid Plans"],"picked":"Dodge and Roll"},{"not_picked":["Venomology","Bullet Time"],"picked":"Die Die Die"},{"not_picked":["Deadly Poison","Bane"],"picked":"Deflect"},{"not_picked":["PiercingWail","Slice"],"picked":"Deflect"},{"not_picked":["Well Laid Plans","Dodge and Roll"],"picked":"Reflex"}],"player_experience":597375,"potions_floor_usage":[12,16,18,21,21],"damage_taken":[{"damage":1.0,"enemies":"2 Louse","floor":1.0,"turns":3.0},{"damage":9.0,"enemies":"Jaw Worm","floor":2.0,"turns":6.0},{"damage":1.0,"enemies":"Cultist","floor":3.0,"turns":4.0},{"damage":2,"enemies":"Large Slime","floor":4,"turns":8},{"damage":5,"enemies":"2 Fungi Beasts","floor":5,"turns":5},{"damage":2,"enemies":"Looter","floor":7,"turns":4},{"damage":22,"enemies":"Lagavulin","floor":12,"turns":10},{"damage":27,"enemies":"Slime Boss","floor":16,"turns":22},{"damage":4,"enemies":"2 Thieves","floor":18,"turns":4},{"damage":0,"enemies":"Shell Parasite","floor":19,"turns":13},{"damage":7,"enemies":"Sentry and Sphere","floor":21,"turns":16},{"damage":42,"enemies":"Slavers","floor":23,"turns":5}],"event_choices":[{"event_name":"Living Wall","player_choice":"Forget","floor":14,"damage_taken":0},{"event_name":"Addict","player_choice":"Ignored","floor":22,"damage_taken":0}],"boss_relics":[{"not_picked":["Orrery","Lizard Tail"],"picked":"Eternal Feather"}],"potions_floor_spawned":[5,12,16,18,19],"seed_played":"-3501792563391164380","killed_by":"Slavers","ascension_level":15,"is_trial":false}