{"path_per_floor":["M","?","$","M","M","R","M","T","T","$","R","M","E","M","R","B",null,"M","?","M","?","$","M","?","M","T","?","M","R","M","M","R"],"character_chosen":"THE_SILENT","items_purchased":["Noxious Fumes"],"gold_per_floor":[109,109,34,44,62,62,52,52,52,17,17,32,61,71,71,169,169,187,187,201,116,16,29,29,43,70,70,89,89,106,120,120],"floor_reached":33,"campfire_rested":2,"playtime":1802,"current_hp_per_floor":[61,61,61,61,63,63,53,67,67,67,67,51,34,34,58,48,73,67,67,66,66,66,42,42,33,33,60,45,45,35,3,27],"items_purged":["Strike_G","Strike_G"],"gold":120,"score":389,"play_id":"6d9a40fe-6376-47cb-86aa-2fef2fb128f9","is_prod":false,"is_daily":false,"is_ascension_mode":true,"campfire_upgraded":3,"path_taken":["M","?","?","?","M","R","M","?","T","$","R","?","E","M","R","BOSS","M","?","?","?","$","M","?","?","T","?","M","R","?","M","R","BOSS"],"build_version":"2018-02-08-BETA1","purchased_purges":2,"victory":false,"master_deck":["Defend_G","Defend_G","Defend_G","Defend_G","Defend_G","Strike_G","Survivor","Neutralize+1","PiercingWail","Footwork+1","Acrobatics","Noxious Fumes+1","Quick Slash","Flying Knee","Quick Slash","Dagger Spray","Caltrops","Deflect","Deflect","Leg Sweep+1","Malaise","Poisoned Stab"],"max_hp_per_floor":[67,67,67,67,67,67,67,81,81,81,81,81,81,81,81,81,81,81,81,81,81,81,81,81,81,81,81,81,81,81,81,81],"relics":["Ring of the Snake","Mango","Omamori","Oddly Smooth Stone","Runic Dome","Bag of Marbles","Snake Skull"],"card_choices":[{"not_picked":["Glass Knife","Endless Agony"],"picked":"PiercingWail"},{"not_picked":["Prepared","Cloak And Dagger"],"picked":"Footwork"},{"not_picked":["All Out Attack","Well Laid Plans"],"picked":"Acrobatics"},{"not_picked":["Catalyst","Underhanded Strike"],"picked":"Quick Slash"},{"not_picked":["Bane","Dagger Spray"],"picked":"Flying Knee"},{"not_picked":["Sucker Punch","Reflex"],"picked":"Quick Slash"},{"not_picked":["Deflect","Dagger Throw"],"picked":"Dagger Spray"},{"not_picked":["Dagger Spray","Cloak And Dagger"],"picked":"Caltrops"},{"not_picked":["Infinite Blades","Endless Agony"],"picked":"Deflect"},{"not_picked":["Underhanded Strike","PiercingWail"],"picked":"Deflect"},{"not_picked":["Dagger Spray","Backflip"],"picked":"Leg Sweep"},{"not_picked":["Prepared","Dagger Throw"],"picked":"Malaise"},{"not_picked":["Cloak And Dagger","Flechettes"],"picked":"Poisoned Stab"}],"player_experience":536001,"potions_floor_usage":[5,13,30,30,33,33],"damage_taken":[{"damage":2,"enemies":"Blue Slaver","floor":1,"turns":6},{"damage":0,"enemies":"Jaw Worm","floor":4,"turns":7},{"damage":4,"enemies":"Cultist","floor":5,"turns":6},{"damage":10,"enemies":"Exordium Thugs","floor":7,"turns":6},{"damage":16,"enemies":"Lots of Slimes","floor":12,"turns":4},{"damage":17,"enemies":"Gremlin Nob","floor":13,"turns":5},{"damage":0,"enemies":"Exordium Wildlife","floor":14,"turns":6},{"damage":10,"enemies":"Hexaghost","floor":16,"turns":13},{"damage":6,"enemies":"3 Byrds","floor":18,"turns":5},{"damage":1,"enemies":"Chosen","floor":20,"turns":6},{"damage":24,"enemies":"Snake Plant","floor":23,"turns":6},{"damage":9,"enemies":"Snecko","floor":25,"turns":8},{"damage":15,"enemies":"Centurion and Healer","floor":28,"turns":10},{"damage":10,"enemies":"Sentry and Sphere","floor":30,"turns":6},{"damage":32,"enemies":"Cultist and Chosen","floor":31,"turns":8},{"damage":46,"enemies":"Champ","floor":33,"turns":14}],"event_choices":[{"event_name":"Purifier","player_choice":"One Purge","floor":2,"damage_taken":0},{"event_name":"Back to Basics","player_choice":"Elegance","floor":19,"damage_taken":0},{"event_name":"Addict","player_choice":"Obtained Relic","floor":21,"damage_taken":0},{"event_name":"The Mausoleum","player_choice":"No","floor":24,"damage_taken":0},{"event_name":"The Library","player_choice":"Heal","floor":27,"damage_taken":0}],"boss_relics":[{"not_picked":["White Beast Statue","Orrery"],"picked":"Runic Dome"}],"potions_floor_spawned":[4,5,20,23,28,31],"seed_played":"8814602475440858421","killed_by":"Champ","ascension_level":11,"is_trial":false}