{"path_per_floor":["M","M","?","$","M","R","?","R","T","?","M","M","M","M","R","B",null,"M","$","M","M","$","R","M","M","T","R","M","?","M"],"character_chosen":"THE_SILENT","items_purchased":["Shuriken","Slice"],"gold_per_floor":[109,128,128,53,65,65,121,121,121,143,158,174,184,199,199,277,277,290,38,50,63,11,11,28,47,70,70,86,86,106],"floor_reached":31,"campfire_rested":2,"playtime":1423,"current_hp_per_floor":[59,53,33,33,33,33,11,29,29,24,24,24,22,22,22,11,50,46,46,37,34,34,34,16,6,6,24,16,16,8],"items_purged":["Parasite"],"gold":106,"score":408,"play_id":"8e0142cb-c6dc-4f03-beda-d39de04f4a25","is_prod":false,"is_daily":false,"is_ascension_mode":true,"campfire_upgraded":3,"path_taken":["M","M","?","$","M","R","?","R","T","?","M","?","M","M","R","BOSS","M","$","M","?","$","R","?","M","T","R","M","?","M","M"],"build_version":"2018-02-15-BETA1","purchased_purges":2,"victory":false,"master_deck":["Survivor","Neutralize+1","Deadly Poison","All Out Attack","Backflip","Dodge and Roll","Outmaneuver+1","Slice","Blur","Predator","Poisoned Stab","Poisoned Stab","Dodge and Roll+1","Backflip","Malaise","Flying Knee","Dash","Sucker Punch","Flying Knee","Quick Slash","Cloak And Dagger+1","Adrenaline","Deadly Poison+1","Dagger Spray","Terror+1","Slice","Bouncing Flask"],"max_hp_per_floor":[66,66,66,63,63,63,63,63,63,63,63,63,63,63,63,63,63,63,63,63,63,63,63,63,63,63,63,63,63,63],"relics":["Pandora\u0027s Box","Kunai","Du-Vu Doll","Odd Mushroom","The Specimen","Shuriken","Omamori"],"card_choices":[{"not_picked":["Flying Knee","Acrobatics"],"picked":"Dodge and Roll"},{"not_picked":["Dagger Throw","Acrobatics"],"picked":"Backflip"},{"not_picked":["A Thousand Cuts","Prepared"],"picked":"Malaise"},{"not_picked":["Sucker Punch","Bouncing Flask"],"picked":"Flying Knee"},{"not_picked":["Dagger Throw","Sucker Punch"],"picked":"Dash"},{"not_picked":["Tactician","Outmaneuver"],"picked":"Sucker Punch"},{"not_picked":["Dagger Throw","Sucker Punch"],"picked":"Flying Knee"},{"not_picked":["Flying Knee","Reflex"],"picked":"Quick Slash"},{"not_picked":["PiercingWail","Finisher"],"picked":"Cloak And Dagger"},{"not_picked":["Unload","Doppelganger"],"picked":"Adrenaline"},{"not_picked":["Dagger Spray","PiercingWail"],"picked":"Deadly Poison"},{"not_picked":["Underhanded Strike","Bane"],"picked":"Dagger Spray"},{"not_picked":["Acrobatics","Distraction"],"picked":"Terror"},{"not_picked":["Dagger Spray","Outmaneuver"],"picked":"Bouncing Flask"}],"player_experience":625439,"potions_floor_usage":[10,13,16,24,25,28,30,31],"damage_taken":[{"damage":0,"enemies":"2 Louse","floor":1,"turns":1},{"damage":6,"enemies":"Small Slimes","floor":2,"turns":2},{"damage":0,"enemies":"Jaw Worm","floor":5,"turns":3},{"damage":22,"enemies":"Gremlin Nob","floor":7,"turns":4},{"damage":5,"enemies":"The Mushroom Lair","floor":10,"turns":3},{"damage":0,"enemies":"Blue Slaver","floor":11,"turns":4},{"damage":0,"enemies":"Large Slime","floor":12,"turns":6},{"damage":11,"enemies":"Looter","floor":13,"turns":3},{"damage":0,"enemies":"Exordium Thugs","floor":14,"turns":3},{"damage":11,"enemies":"The Guardian","floor":16,"turns":11},{"damage":4,"enemies":"Spheric Guardian","floor":18,"turns":6},{"damage":9,"enemies":"Shell Parasite","floor":20,"turns":6},{"damage":3,"enemies":"Centurion and Healer","floor":21,"turns":7},{"damage":18,"enemies":"Snake Plant","floor":24,"turns":4},{"damage":10,"enemies":"Sentry and Sphere","floor":25,"turns":5},{"damage":8,"enemies":"Centurion and Healer","floor":28,"turns":7},{"damage":8,"enemies":"3 Cultists","floor":30,"turns":5},{"damage":11,"enemies":"Snake Plant","floor":31,"turns":1}],"event_choices":[{"event_name":"Shining Light","player_choice":"Entered Light","floor":3,"damage_taken":0},{"event_name":"Dead Adventurer","player_choice":"Searched \u00271\u0027 times","floor":7,"damage_taken":0},{"event_name":"Mushrooms","player_choice":"Fought Mushrooms","floor":10,"damage_taken":0},{"event_name":"Forgotten Altar","player_choice":"Smashed Altar","floor":29,"damage_taken":0}],"boss_relics":[{"not_picked":["Black Star","Lizard Tail"],"picked":"The Specimen"}],"potions_floor_spawned":[7,12,13,14,16,21,24,25,30],"seed_played":"-3707946772133064779","killed_by":"Snake Plant","ascension_level":15,"is_trial":false}