{"path_per_floor":["M","?","M","?","M","R","E","M","T","R","M","?","E","$","R","B",null,"M","?","?","?","M","R","T","$","T","M","M","R","M","E","R","B",null,"M","?","M","?","M","R","?","?","T","$","M","M"],"character_chosen":"THE_SILENT","items_purchased":["Blur","Panacea","Lantern","Mind Blast"],"gold_per_floor":[116,116,132,132,151,151,176,186,210,210,224,224,250,8,8,106,106,117,117,117,117,135,135,159,59,110,125,135,135,151,177,177,281,281,299,299,319,319,333,333,333,333,333,91,110,129],"floor_reached":47,"campfire_rested":2,"playtime":2395,"current_hp_per_floor":[63,63,61,61,60,60,60,58,58,58,57,57,43,43,43,17,70,35,35,35,35,27,27,27,27,27,25,10,31,31,20,41,25,70,69,69,66,66,49,59,50,50,50,50,30,26],"items_purged":["Strike_G","Writhe"],"gold":129,"score":430,"play_id":"348b26f7-30e7-4930-b73e-0561eaaab622","is_prod":false,"is_daily":false,"is_ascension_mode":false,"campfire_upgraded":5,"path_taken":["M","?","M","?","M","R","E","M","T","R","M","?","E","$","R","BOSS","M","?","?","?","M","R","?","$","T","?","M","R","M","E","R","BOSS","M","?","?","?","M","R","?","?","T","$","M","M","M"],"build_version":"2018-02-08-BETA1","purchased_purges":3,"victory":false,"master_deck":["Defend_G","Defend_G","Defend_G","Defend_G","Defend_G","Strike_G+1","Survivor","Neutralize+1","Dagger Spray+1","Dagger Spray+1","Backstab","Flying Knee+1","Acrobatics","Skewer+1","Flying Knee","Blur+1","Panacea","Venomology+1","Outmaneuver","Acrobatics+1","Outmaneuver+1","Malaise","Doppelganger","Quick Slash","Madness","Madness","Mind Blast"],"max_hp_per_floor":[70,70,70,70,70,70,70,70,70,70,70,70,70,70,70,70,70,70,70,70,70,70,70,70,70,70,70,70,70,70,70,70,70,70,70,70,70,70,70,70,70,70,70,70,70,70],"relics":["Runic Pyramid","Orichalcum","Ancient Tea Set","Whetstone","Philosopher\u0027s Stone","Torii","Dream Catcher","Bag of Preparation","Eternal Feather","Peace Pipe","Lantern"],"card_choices":[{"not_picked":["Riddle With Holes","Terror"],"picked":"Dagger Spray"},{"not_picked":["Dodge and Roll","Setup"],"picked":"Dagger Spray"},{"not_picked":["Outmaneuver","Bouncing Flask"],"picked":"Backstab"},{"not_picked":["All Out Attack","Leg Sweep"],"picked":"Flying Knee"},{"not_picked":["Expertise","Deflect"],"picked":"Acrobatics"},{"not_picked":["Flechettes","Quick Slash"],"picked":"Skewer"},{"not_picked":["Expertise","Dodge and Roll"],"picked":"Flying Knee"},{"not_picked":["Grand Finale","Die Die Die"],"picked":"Venomology"},{"not_picked":["Calculated Gamble","Dodge and Roll"],"picked":"Outmaneuver"},{"not_picked":["Masterful Stab","Poisoned Stab"],"picked":"Acrobatics"},{"not_picked":["Slice","Underhanded Strike"],"picked":"Outmaneuver"},{"not_picked":["Choke","Deadly Poison"],"picked":"Malaise"},{"not_picked":["Burst","Unload"],"picked":"Doppelganger"},{"not_picked":["Caltrops","Deflect"],"picked":"Quick Slash"}],"player_experience":555806,"potions_floor_usage":[7,13,13,27,27,27,28,31,31,31,33,33,33,39,39,45,45,46,47],"damage_taken":[{"damage":7,"enemies":"Small Slimes","floor":1,"turns":5},{"damage":2,"enemies":"Blue Slaver","floor":3,"turns":5},{"damage":1,"enemies":"Jaw Worm","floor":5,"turns":5},{"damage":0,"enemies":"3 Sentries","floor":7,"turns":4},{"damage":2,"enemies":"3 Louse","floor":8,"turns":3},{"damage":1,"enemies":"Lots of Slimes","floor":11,"turns":2},{"damage":14,"enemies":"Lagavulin","floor":13,"turns":5},{"damage":26,"enemies":"Hexaghost","floor":16,"turns":13},{"damage":35,"enemies":"3 Byrds","floor":18,"turns":5},{"damage":8,"enemies":"Shell Parasite","floor":22,"turns":5},{"damage":11,"enemies":"Cultist and Chosen","floor":27,"turns":6},{"damage":15,"enemies":"Snake Plant","floor":28,"turns":3},{"damage":0,"enemies":"Centurion and Healer","floor":30,"turns":7},{"damage":11,"enemies":"Slavers","floor":31,"turns":4},{"damage":16,"enemies":"Collector","floor":33,"turns":10},{"damage":1,"enemies":"Flame Bruiser 1 Orb","floor":35,"turns":5},{"damage":3,"enemies":"3 Shapes","floor":37,"turns":8},{"damage":17,"enemies":"Sphere and 2 Shapes","floor":39,"turns":5},{"damage":20,"enemies":"Flame Bruiser 2 Orb","floor":45,"turns":9},{"damage":4,"enemies":"3 Darklings","floor":46,"turns":5},{"damage":7,"enemies":"Sphere and 2 Shapes","floor":47,"turns":3}],"event_choices":[{"event_name":"Accursed Blacksmith","player_choice":"Forge","floor":2,"damage_taken":0},{"event_name":"Purifier","player_choice":"One Purge","floor":4,"damage_taken":0},{"event_name":"Living Wall","player_choice":"Forget","floor":12,"damage_taken":0},{"event_name":"The Mausoleum","player_choice":"Yes","floor":19,"damage_taken":0},{"event_name":"Drug Dealer","player_choice":"Ignored","floor":20,"damage_taken":0},{"event_name":"Addict","player_choice":"Ignored","floor":21,"damage_taken":0},{"event_name":"Tomb of Lord Red Mask","player_choice":"Ignored","floor":36,"damage_taken":0},{"event_name":"Mysterious Sphere","player_choice":"Ignore","floor":38,"damage_taken":0},{"event_name":"Winding Halls","player_choice":"Embrace Madness","floor":41,"damage_taken":0}],"boss_relics":[{"not_picked":["Snecko Eye","Lizard Tail"],"picked":"Philosopher\u0027s Stone"},{"not_picked":["Black Star","Question Card"],"picked":"Eternal Feather"}],"potions_floor_spawned":[1,3,8,27,30,31,33,35,45],"seed_played":"-2893327725391002079","killed_by":"Sphere and 2 Shapes","ascension_level":0,"is_trial":false}