{"path_per_floor":["M","?","$","M","M","R","E","M","T","R","M","M","M","M","R","B",null,"M","?","?","M","M","R","?","R","T","M","R","$","M","M","R","B",null,"M","?","M","M","$","R"],"character_chosen":"THE_SILENT","items_purchased":["Footwork","Dash","Dodge and Roll","Calculated Gamble","Blue Candle"],"gold_per_floor":[116,116,10,20,31,31,57,71,71,71,85,96,112,130,130,233,233,244,244,244,263,280,280,280,280,304,316,316,192,205,224,224,325,325,341,341,355,366,43,43],"floor_reached":41,"campfire_rested":0,"playtime":3129,"current_hp_per_floor":[56,63,63,63,63,63,39,31,31,31,30,30,27,27,27,27,65,65,65,65,65,65,65,65,65,65,63,63,63,63,63,63,4,59,54,54,54,54,54,54],"items_purged":["Catalyst"],"gold":43,"score":664,"play_id":"08553945-626d-429f-b62d-fef4eb4887e4","is_prod":false,"is_daily":false,"is_ascension_mode":true,"campfire_upgraded":8,"path_taken":["M","?","$","M","?","R","E","M","T","R","M","M","M","M","R","BOSS","M","?","?","M","M","R","?","R","T","?","R","$","M","M","R","BOSS","M","?","M","M","$","R","E"],"build_version":"2018-02-12-BETA1","purchased_purges":3,"victory":false,"master_deck":["Defend_G+1","Defend_G+1","Defend_G+1","Defend_G+1","Defend_G+1","Strike_G+1","Strike_G+1","Survivor","Neutralize","Backflip","Footwork+1","Dash+1","Dagger Throw+1","Footwork+1","Terror+1","Deflect","Quick Slash+1","Adrenaline","Distraction+1","Reflex+1","Quick Slash","Quick Slash+1","Dagger Throw","Dodge and Roll","Quick Slash+1","Glass Knife","Outmaneuver","Concentrate+1","Reflex+1","Calculated Gamble+1"],"max_hp_per_floor":[67,77,77,77,77,77,77,77,77,77,77,77,77,77,77,77,77,77,77,77,77,77,77,77,77,77,77,77,77,77,77,77,77,77,77,77,77,77,77,77],"relics":["Ring of the Snake","Pear","Orichalcum","Thread and Needle","Astrolabe","Snake Skull","Philosopher\u0027s Stone","Blue Candle"],"card_choices":[{"not_picked":["Riddle With Holes","Heel Hook"],"picked":"Backflip"},{"not_picked":["All Out Attack","Cloak And Dagger"],"picked":"Dagger Throw"},{"not_picked":["Slice","Flechettes"],"picked":"Footwork"},{"not_picked":["Choke","Backflip"],"picked":"Terror"},{"not_picked":["Poisoned Stab","PiercingWail"],"picked":"Deflect"},{"not_picked":["PiercingWail","Outmaneuver"],"picked":"Quick Slash"},{"not_picked":["Die Die Die","Grand Finale"],"picked":"Adrenaline"},{"not_picked":["Outmaneuver","Bane"],"picked":"Quick Slash"},{"not_picked":["Expertise","Riddle With Holes"],"picked":"Quick Slash"},{"not_picked":["Prepared","Catalyst"],"picked":"Dagger Throw"},{"not_picked":["Slice","Acrobatics"],"picked":"Quick Slash"},{"not_picked":["Bullet Time","Corpse Explosion"],"picked":"Glass Knife"},{"not_picked":["Choke","Acrobatics"],"picked":"Outmaneuver"},{"not_picked":["Outmaneuver","Infinite Blades"],"picked":"Concentrate"},{"not_picked":["Acrobatics","Concentrate"],"picked":"Reflex"}],"player_experience":561972,"potions_floor_usage":[7,7,21,31,33,41,41],"damage_taken":[{"damage":7,"enemies":"Cultist","floor":1,"turns":6},{"damage":0,"enemies":"Jaw Worm","floor":4,"turns":4},{"damage":0,"enemies":"2 Louse","floor":5,"turns":3},{"damage":24,"enemies":"Lagavulin","floor":7,"turns":7},{"damage":8,"enemies":"Large Slime","floor":8,"turns":11},{"damage":1,"enemies":"Blue Slaver","floor":11,"turns":5},{"damage":0,"enemies":"Exordium Wildlife","floor":12,"turns":3},{"damage":3,"enemies":"3 Louse","floor":13,"turns":5},{"damage":0,"enemies":"Large Slime","floor":14,"turns":6},{"damage":0,"enemies":"The Guardian","floor":16,"turns":13},{"damage":0,"enemies":"Spheric Guardian","floor":18,"turns":8},{"damage":0,"enemies":"Shell Parasite","floor":21,"turns":6},{"damage":0,"enemies":"Centurion and Healer","floor":22,"turns":7},{"damage":2,"enemies":"3 Cultists","floor":27,"turns":9},{"damage":0,"enemies":"Snecko","floor":30,"turns":8},{"damage":0,"enemies":"Centurion and Healer","floor":31,"turns":6},{"damage":59,"enemies":"Automaton","floor":33,"turns":20},{"damage":5,"enemies":"3 Darklings","floor":35,"turns":15},{"damage":0,"enemies":"Flame Bruiser 1 Orb","floor":37,"turns":5},{"damage":0,"enemies":"Spire Growth","floor":38,"turns":6},{"damage":57,"enemies":"2 Orb Walkers","floor":41,"turns":4}],"event_choices":[{"event_name":"Scrap Ooze","player_choice":"success","floor":2,"damage_taken":3},{"event_name":"The Mausoleum","player_choice":"No","floor":19,"damage_taken":0},{"event_name":"Back to Basics","player_choice":"Simplicity","floor":20,"damage_taken":0},{"event_name":"Vampires","player_choice":"Ignored","floor":24,"damage_taken":0},{"event_name":"Tomb of Lord Red Mask","player_choice":"Ignored","floor":36,"damage_taken":0}],"boss_relics":[{"not_picked":["Snecko Eye","Pandora\u0027s Box"],"picked":"Astrolabe"},{"not_picked":["Lizard Tail","Tiny House"],"picked":"Philosopher\u0027s Stone"}],"potions_floor_spawned":[4,5,8,14,18,21,22,37],"seed_played":"7503541463905042954","killed_by":"2 Orb Walkers","ascension_level":12,"is_trial":false}