{"path_per_floor":["M","M","?","?","$","E","M","R","T","M","M","$","R","$","R","B",null,"M","?","$","?","M","R","M","?","T","?","R","M","E","M","R"],"character_chosen":"THE_SILENT","items_purchased":["Flying Knee"],"gold_per_floor":[113,125,125,125,28,55,66,66,66,82,94,14,14,14,14,112,112,93,8,8,8,23,23,37,37,37,37,37,48,79,89,89],"floor_reached":33,"campfire_rested":0,"playtime":1179,"current_hp_per_floor":[64,63,63,63,63,37,37,37,37,37,35,35,35,35,35,35,70,61,61,61,61,61,61,61,61,61,61,61,61,57,55,55],"items_purged":["Strike_G","Strike_G"],"gold":89,"score":315,"play_id":"eac2bb15-6638-48ab-8480-5fb8d965d5df","is_prod":false,"is_daily":false,"is_ascension_mode":false,"campfire_upgraded":6,"path_taken":["M","?","?","?","$","E","M","R","T","M","?","?","R","$","R","BOSS","M","?","$","?","M","R","M","?","T","?","R","?","E","M","R","BOSS"],"build_version":"2018-02-08-BETA1","purchased_purges":2,"victory":false,"master_deck":["Defend_G","Defend_G","Defend_G","Defend_G","Defend_G","Survivor","Neutralize+1","Acrobatics","Dagger Throw","Poisoned Stab","Flying Knee","Dash+1","Flying Knee","Noxious Fumes+1","Adrenaline+1","Dagger Throw+1","Predator+1","Deflect","Escape Plan","Malaise+1","Predator"],"max_hp_per_floor":[70,70,70,70,70,70,70,70,70,70,70,70,70,70,70,70,70,70,70,70,70,70,70,70,70,70,70,70,70,70,70,70],"relics":["Ring of the Snake","The Courier","Tingsha","Runic Dome","Unceasing Top","Ice Cream","Bronze Scales"],"card_choices":[{"not_picked":["Reflex","Calculated Gamble"],"picked":"Acrobatics"},{"not_picked":["Bane","Acrobatics"],"picked":"Dagger Throw"},{"not_picked":["Acrobatics","All Out Attack"],"picked":"Poisoned Stab"},{"not_picked":["Flying Knee","Acrobatics"],"picked":"Dash"},{"not_picked":["Dodge and Roll","Prepared"],"picked":"Flying Knee"},{"not_picked":["PiercingWail","Slice"],"picked":"Noxious Fumes"},{"not_picked":["Outmaneuver","Masterful Stab"],"picked":"Reflex"},{"not_picked":["Envenom","Die Die Die"],"picked":"Adrenaline"},{"not_picked":["Choke","Backstab"],"picked":"Dagger Throw"},{"not_picked":["Bane","Dagger Spray"],"picked":"Predator"},{"not_picked":["Sucker Punch","Underhanded Strike"],"picked":"Deflect"},{"not_picked":["Slice","PiercingWail"],"picked":"Malaise"},{"not_picked":["Sucker Punch","Masterful Stab"],"picked":"Predator"}],"player_experience":539628,"potions_floor_usage":[16,24,24,29,33],"damage_taken":[{"damage":6,"enemies":"Blue Slaver","floor":1,"turns":7},{"damage":1,"enemies":"Cultist","floor":2,"turns":4},{"damage":26,"enemies":"Gremlin Nob","floor":6,"turns":5},{"damage":0,"enemies":"2 Louse","floor":7,"turns":2},{"damage":0,"enemies":"2 Fungi Beasts","floor":10,"turns":3},{"damage":2,"enemies":"Large Slime","floor":11,"turns":3},{"damage":0,"enemies":"Hexaghost","floor":16,"turns":9},{"damage":9,"enemies":"2 Thieves","floor":18,"turns":4},{"damage":0,"enemies":"Shell Parasite","floor":22,"turns":5},{"damage":0,"enemies":"Sentry and Sphere","floor":24,"turns":3},{"damage":0,"enemies":"Chosen and Byrds","floor":29,"turns":4},{"damage":4,"enemies":"Slavers","floor":30,"turns":4},{"damage":2,"enemies":"Centurion and Healer","floor":31,"turns":3},{"damage":56,"enemies":"Champ","floor":33,"turns":9}],"event_choices":[{"event_name":"Living Wall","player_choice":"Forget","floor":3,"damage_taken":0},{"event_name":"Wheel of Change","player_choice":"Card Removal","floor":4,"damage_taken":0},{"event_name":"Addict","player_choice":"Obtained Relic","floor":19,"damage_taken":0},{"event_name":"Bonfire Elementals","player_choice":"BASIC","floor":21,"damage_taken":0},{"event_name":"The Library","player_choice":"Read","floor":25,"damage_taken":0},{"event_name":"Back to Basics","player_choice":"Elegance","floor":27,"damage_taken":0}],"boss_relics":[{"not_picked":["The Specimen","Velvet Choker"],"picked":"Runic Dome"}],"potions_floor_spawned":[6,7,11,22,30],"seed_played":"-6365601750323938253","killed_by":"Champ","ascension_level":0,"is_trial":false}