{"path_per_floor":["M","M","?","M","M","E","R","?","T","E","R","E","?","$","R","B",null,"M","M","?","$","?","E","R","$","T","R","E","?","E","M","R","B",null,"M","?","$","?","?","E","?","E","T","E","$","R","E","M","R","B"],"character_chosen":"THE_SILENT","items_purchased":["Phantasmal Killer","Vajra"],"gold_per_floor":[112,130,130,143,160,191,191,191,238,272,272,304,367,71,71,175,175,175,145,60,60,60,60,60,60,60,60,60,60,60,60,60,60,60,60,60,60,60,60,60,20,20,20,20,20,20,20,20,20,20],"floor_reached":51,"campfire_rested":2,"playtime":2360,"current_hp_per_floor":[68,68,54,54,54,54,54,54,54,38,38,32,22,22,43,35,70,70,68,68,68,68,68,68,68,68,68,70,70,80,80,80,71,80,80,80,80,80,80,80,80,80,80,80,80,80,82,82,84,84],"items_purged":[],"gold":20,"score":1003,"play_id":"743c8f23-e712-4128-aafe-aa7b03e71734","is_prod":false,"is_daily":false,"is_ascension_mode":true,"campfire_upgraded":6,"path_taken":["M","M","?","M","M","E","R","?","T","E","R","E","?","$","R","BOSS","M","M","?","$","?","E","R","$","T","R","E","?","E","M","R","BOSS","M","?","$","?","?","E","?","E","T","E","$","R","E","M","R","BOSS"],"build_version":"2018-02-16-BETA2","purchased_purges":0,"victory":true,"master_deck":["Defend_G","Defend_G","Defend_G","Defend_G","Strike_G+1","Strike_G+1","Strike_G+1","Survivor","Neutralize+1","Riddle With Holes+1","Backflip+1","Acrobatics+1","Backflip","Backflip","Quick Slash+1","Eviscerate+1","Phantasmal Killer","Wraith Form+1","Dash+1","Skewer+1","Backflip+1","Footwork+1","Night Terror","Eviscerate+1","Bouncing Flask","Choke+1"],"max_hp_per_floor":[70,70,70,70,70,70,70,70,70,70,70,70,70,70,70,70,70,70,70,70,70,70,70,70,70,70,70,70,70,80,80,80,80,80,80,80,80,80,80,80,80,80,80,80,80,80,82,84,84,84],"relics":["Snecko Eye","Dodecahedron","Pen Nib","Prayer Wheel","Orichalcum","Toolbox","Vajra","Ectoplasm","Juzu Bracelet","Tough Bandages","Anchor","Whetstone","Red Mask","Pear","Black Star","Shuriken","Gremlin Horn","Omamori","Art of War","Bag of Marbles","Regal Pillow","Snake Skull","Ancient Tea Set","Singing Bowl"],"card_choices":[{"not_picked":["Prepared","Terror"],"picked":"Riddle With Holes"},{"not_picked":["Dagger Throw","Die Die Die"],"picked":"Backflip"},{"not_picked":["Dagger Throw","Flying Knee"],"picked":"Acrobatics"},{"not_picked":["Catalyst","Quick Slash"],"picked":"Backflip"},{"not_picked":["Infinite Blades","Sucker Punch"],"picked":"Backflip"},{"not_picked":["Backflip","Eviscerate"],"picked":"Quick Slash"},{"not_picked":["Slice","Accuracy"],"picked":"Eviscerate"},{"not_picked":["Doppelganger","After Image"],"picked":"Wraith Form"},{"not_picked":["Accuracy","Setup"],"picked":"Dash"},{"not_picked":["Deadly Poison","Quick Slash"],"picked":"Skewer"},{"not_picked":["Flying Knee","Bane"],"picked":"Backflip"},{"not_picked":["Corpse Explosion","Quick Slash"],"picked":"Footwork"},{"not_picked":["Tactician","Grand Finale"],"picked":"Night Terror"},{"not_picked":["Calculated Gamble","Cloak And Dagger"],"picked":"Eviscerate"},{"not_picked":["Well Laid Plans","Outmaneuver"],"picked":"Bouncing Flask"},{"not_picked":["Bane","Terror"],"picked":"Choke"}],"player_experience":650949,"potions_floor_usage":[6,10,12,28,28,28,29,35,47,48,50],"damage_taken":[{"damage":2,"enemies":"Small Slimes","floor":1,"turns":4},{"damage":0,"enemies":"Jaw Worm","floor":2,"turns":3},{"damage":0,"enemies":"2 Louse","floor":4,"turns":2},{"damage":0,"enemies":"Looter","floor":5,"turns":2},{"damage":0,"enemies":"3 Sentries","floor":6,"turns":8},{"damage":25,"enemies":"Gremlin Nob","floor":10,"turns":4},{"damage":6,"enemies":"Lagavulin","floor":12,"turns":8},{"damage":10,"enemies":"Lagavulin Event","floor":13,"turns":4},{"damage":8,"enemies":"Hexaghost","floor":16,"turns":7},{"damage":0,"enemies":"Spheric Guardian","floor":18,"turns":1},{"damage":2,"enemies":"2 Thieves","floor":19,"turns":2},{"damage":0,"enemies":"Gremlin Leader","floor":23,"turns":4},{"damage":0,"enemies":"Slavers","floor":28,"turns":4},{"damage":0,"enemies":"Masked Bandits","floor":29,"turns":2},{"damage":0,"enemies":"Book of Stabbing","floor":30,"turns":4},{"damage":0,"enemies":"Centurion and Healer","floor":31,"turns":4},{"damage":9,"enemies":"Champ","floor":33,"turns":6},{"damage":0,"enemies":"Flame Bruiser 1 Orb","floor":35,"turns":4},{"damage":0,"enemies":"Giant Head","floor":40,"turns":4},{"damage":0,"enemies":"Nemesis","floor":42,"turns":3},{"damage":0,"enemies":"Giant Head","floor":44,"turns":4},{"damage":0,"enemies":"2 Orb Walkers","floor":47,"turns":2},{"damage":2,"enemies":"3 Shapes","floor":48,"turns":3},{"damage":0,"enemies":"Time Eater","floor":50,"turns":6}],"event_choices":[{"event_name":"Shining Light","player_choice":"Entered Light","floor":3,"damage_taken":0},{"event_name":"Living Wall","player_choice":"Forget","floor":8,"damage_taken":0},{"event_name":"Dead Adventurer","player_choice":"Searched \u00272\u0027 times","floor":13,"damage_taken":0},{"event_name":"Addict","player_choice":"Obtained Relic","floor":20,"damage_taken":0},{"event_name":"Upgrade Shrine","player_choice":"Upgraded","floor":22,"damage_taken":0},{"event_name":"Masked Bandits","player_choice":"Fought over 60 gold","floor":29,"damage_taken":0},{"event_name":"Purifier","player_choice":"One Purge","floor":36,"damage_taken":0},{"event_name":"Tomb of Lord Red Mask","player_choice":"Ignored","floor":39,"damage_taken":0},{"event_name":"The Woman in Blue","player_choice":"Bought 3 Potions","floor":41,"damage_taken":0}],"boss_relics":[{"not_picked":["Runic Pyramid","Astrolabe"],"picked":"Ectoplasm"},{"not_picked":["Velvet Choker","The Specimen"],"picked":"Black Star"}],"potions_floor_spawned":[2,4,6,16,18,23,28,31,44,47],"seed_played":"-2138558756208311764","ascension_level":1,"is_trial":false}