{"path_per_floor":["M","$","?","M","?","E","R","?","T","R","M","M","R","E","R","B",null,"M","M","?","T","M"],"character_chosen":"THE_SILENT","items_purchased":[],"gold_per_floor":[116,41,41,55,55,81,81,81,106,106,120,134,134,164,164,236,236,248,261,186,186,196],"floor_reached":23,"campfire_rested":0,"playtime":862,"current_hp_per_floor":[59,59,59,59,64,64,64,64,64,64,64,64,64,64,64,52,64,45,45,45,45,45],"items_purged":["Parasite"],"gold":196,"score":436,"play_id":"a07f7933-8732-4204-86c3-880f1b54b9b2","is_prod":false,"is_daily":false,"is_ascension_mode":true,"campfire_upgraded":4,"path_taken":["M","$","?","M","?","E","R","?","T","R","M","?","R","E","R","BOSS","M","?","?","?","M","E"],"build_version":"2018-02-22-BETA1","purchased_purges":1,"victory":false,"master_deck":["Defend_G","Defend_G","Defend_G","Defend_G","Defend_G","Strike_G+1","Strike_G","Strike_G","Survivor+1","Neutralize+1","Flying Knee+1","Footwork+1","Dash+1","Terror+1","Dash+1","Dash+1","PiercingWail","Backflip","Acrobatics"],"max_hp_per_floor":[66,63,63,63,68,68,68,68,68,68,68,68,68,68,68,68,68,68,68,68,68,68],"relics":["Ring of the Snake","NeowsBlessing","Molten Egg 2","Ancient Tea Set","Whetstone","Runic Dome","Darkstone Periapt"],"card_choices":[{"not_picked":["Accuracy","Dagger Throw"],"picked":"Flying Knee"},{"not_picked":["Well Laid Plans","Acrobatics"],"picked":"Footwork"},{"not_picked":["Bouncing Flask","Acrobatics"],"picked":"Dash"},{"not_picked":["Catalyst","Cloak And Dagger"],"picked":"Terror"},{"not_picked":["Deflect","Underhanded Strike"],"picked":"Dash"},{"not_picked":["All Out Attack","Outmaneuver"],"picked":"Dash"},{"not_picked":["Catalyst","Bane"],"picked":"PiercingWail"},{"not_picked":["Prepared","Blade Dance"],"picked":"Backflip"},{"not_picked":["PiercingWail","Sucker Punch"],"picked":"Acrobatics"}],"player_experience":763404,"potions_floor_usage":[16,16,23],"damage_taken":[{"damage":0,"enemies":"Jaw Worm","floor":1,"turns":1},{"damage":0,"enemies":"Small Slimes","floor":4,"turns":1},{"damage":0,"enemies":"Gremlin Nob","floor":6,"turns":1},{"damage":0,"enemies":"2 Louse","floor":11,"turns":2},{"damage":0,"enemies":"Blue Slaver","floor":12,"turns":4},{"damage":0,"enemies":"3 Sentries","floor":14,"turns":7},{"damage":24,"enemies":"Slime Boss","floor":16,"turns":13},{"damage":19,"enemies":"3 Byrds","floor":18,"turns":8},{"damage":0,"enemies":"Spheric Guardian","floor":19,"turns":4},{"damage":0,"enemies":"3 Cultists","floor":22,"turns":8},{"damage":49,"enemies":"Gremlin Leader","floor":23,"turns":9}],"event_choices":[{"event_name":"Liars Game","player_choice":"disagreed","floor":3,"damage_taken":0},{"event_name":"Big Fish","player_choice":"Donut","floor":5,"damage_taken":0},{"event_name":"Bonfire Elementals","player_choice":"BASIC","floor":8,"damage_taken":0},{"event_name":"Beggar","player_choice":"Gave Gold","floor":20,"damage_taken":0}],"boss_relics":[{"not_picked":["Calling Bell","The Specimen"],"picked":"Runic Dome"}],"potions_floor_spawned":[1,6,16,18,22],"seed_played":"-7785927358588571113","killed_by":"Gremlin Leader","ascension_level":15,"is_trial":false}