{"path_per_floor":["M","$","M","?","M","R","E","R","T","R","M","M","?","M","R","B",null,"M","M","?","?","$","R","M","R","T","M","?"],"character_chosen":"THE_SILENT","items_purchased":["Footwork"],"gold_per_floor":[15,15,29,29,44,44,74,74,74,74,93,106,130,141,141,213,213,226,200,200,200,50,50,70,70,97,107,133],"floor_reached":29,"campfire_rested":1,"playtime":1338,"current_hp_per_floor":[59,59,58,58,50,50,32,32,32,32,31,30,24,23,41,19,52,46,39,39,39,39,39,34,34,34,34,33],"items_purged":["Strike_G"],"gold":133,"score":394,"play_id":"749a2021-ca30-446c-b73f-5c5c60c01741","is_prod":false,"is_daily":false,"is_ascension_mode":true,"campfire_upgraded":5,"path_taken":["M","$","M","?","M","R","E","R","T","R","M","M","?","M","R","BOSS","M","M","?","?","?","R","M","R","T","?","?","E"],"build_version":"2018-02-22-BETA1","purchased_purges":1,"victory":false,"master_deck":["Defend_G","Defend_G","Defend_G","Defend_G","Defend_G","Strike_G","Strike_G","Survivor","Neutralize+1","PiercingWail","Malaise+1","Bane+1","Deadly Poison+1","Poisoned Stab","Backflip","Terror","Flying Knee","Blur","Footwork+1","Acrobatics","Deadly Poison","Bane+1"],"max_hp_per_floor":[63,63,63,63,63,63,63,63,63,63,63,63,63,63,63,63,63,63,63,63,63,63,63,63,63,63,63,63],"relics":["Ring of the Snake","Vajra","Torii","Odd Mushroom","Runic Dome","Oddly Smooth Stone","Red Mask"],"card_choices":[{"not_picked":["Burst","Underhanded Strike"],"picked":"PiercingWail"},{"not_picked":["Dodge and Roll","Caltrops"],"picked":"Malaise"},{"not_picked":["Flechettes","Acrobatics"],"picked":"Bane"},{"not_picked":["Riddle With Holes","Prepared"],"picked":"Deadly Poison"},{"not_picked":["Slice","Quick Slash"],"picked":"Poisoned Stab"},{"not_picked":["Distraction","Phantasmal Killer"],"picked":"Backflip"},{"not_picked":["Quick Slash","Acrobatics"],"picked":"Terror"},{"not_picked":["Dagger Throw","Sucker Punch"],"picked":"Flying Knee"},{"not_picked":["Deadly Poison","Dagger Throw"],"picked":"Blur"},{"not_picked":["Quick Slash","Slice"],"picked":"Acrobatics"},{"not_picked":["Flechettes","Escape Plan"],"picked":"Deadly Poison"},{"not_picked":["Dash","Quick Slash"],"picked":"Bane"}],"player_experience":764266,"potions_floor_usage":[7,13,16,24,24,28],"damage_taken":[{"damage":0,"enemies":"2 Louse","floor":1,"turns":2},{"damage":1,"enemies":"Small Slimes","floor":3,"turns":4},{"damage":8,"enemies":"Cultist","floor":5,"turns":6},{"damage":18,"enemies":"Lagavulin","floor":7,"turns":11},{"damage":1,"enemies":"Exordium Thugs","floor":11,"turns":4},{"damage":1,"enemies":"Blue Slaver","floor":12,"turns":2},{"damage":18,"enemies":"The Mushroom Lair","floor":13,"turns":5},{"damage":1,"enemies":"Looter","floor":14,"turns":3},{"damage":22,"enemies":"Slime Boss","floor":16,"turns":10},{"damage":6,"enemies":"3 Byrds","floor":18,"turns":6},{"damage":7,"enemies":"2 Thieves","floor":19,"turns":5},{"damage":17,"enemies":"Cultist and Chosen","floor":24,"turns":8},{"damage":0,"enemies":"Centurion and Healer","floor":27,"turns":8},{"damage":1,"enemies":"Masked Bandits","floor":28,"turns":6},{"damage":34,"enemies":"Gremlin Leader","floor":29,"turns":6}],"event_choices":[{"event_name":"Liars Game","player_choice":"disagreed","floor":4,"damage_taken":0},{"event_name":"Mushrooms","player_choice":"Fought Mushrooms","floor":13,"damage_taken":0},{"event_name":"Back to Basics","player_choice":"Elegance","floor":20,"damage_taken":0},{"event_name":"The Mausoleum","player_choice":"No","floor":21,"damage_taken":0},{"event_name":"Masked Bandits","player_choice":"Fought over 107 gold","floor":28,"damage_taken":0}],"boss_relics":[{"not_picked":["Eternal Feather","Question Card"],"picked":"Runic Dome"}],"potions_floor_spawned":[5,7,14,16,18,19,27],"seed_played":"4009981158881924853","killed_by":"Gremlin Leader","ascension_level":15,"is_trial":false}