{"path_per_floor":["M","M","M","M","M","E","R","E","T","R","$","M","M","M","R","B",null,"M","?","$","M","?","R","E","R","T","M","M","R","?","M","R","B",null,"M","?","M","$","M","R","?","R","T","$","R","?","E","M","R","B"],"character_chosen":"THE_SILENT","items_purchased":["Snake Skull","Bane","Footwork","Finesse"],"gold_per_floor":[110,127,143,153,166,201,201,233,314,314,36,54,24,40,40,136,136,147,147,69,86,1,1,30,30,30,42,62,62,62,80,80,179,179,191,291,301,201,216,216,216,216,216,3,3,3,31,43,43,43],"floor_reached":51,"campfire_rested":3,"playtime":2465,"current_hp_per_floor":[70,70,64,60,60,23,44,48,48,48,48,38,30,26,26,26,84,84,84,84,69,69,69,21,46,46,40,40,40,40,18,43,36,84,82,82,82,82,59,59,59,59,59,59,59,80,80,80,80,80],"items_purged":["Strike_G","Decay","Malaise"],"gold":43,"score":708,"play_id":"1ab11e06-cff6-4d9d-95c5-25475668a87d","is_prod":false,"is_daily":false,"is_ascension_mode":false,"campfire_upgraded":8,"path_taken":["M","M","M","?","M","E","R","E","T","R","$","M","?","M","R","BOSS","M","?","$","M","?","R","E","R","T","M","M","R","?","M","R","BOSS","M","?","M","$","M","R","?","R","T","$","R","?","E","?","R","BOSS"],"build_version":"2018-02-19-BETA1","purchased_purges":4,"victory":true,"master_deck":["Survivor+1","Neutralize+1","Deadly Poison+1","Bane+1","Noxious Fumes+1","Malaise","Well Laid Plans+1","Bane","Blur","PiercingWail","Blur","Footwork+1","Bouncing Flask+1","Blur","Backflip+1","Venomology","Quick Slash+1","Deflect","Backflip","Flying Knee+1","Bane+1","Bane+1","Leg Sweep","Deflect+1","Finesse","Writhe","Deadly Poison+1"],"max_hp_per_floor":[70,70,70,70,70,70,70,84,84,84,84,84,84,84,84,84,84,84,84,84,84,84,84,84,84,84,84,84,84,84,84,84,84,84,84,84,84,84,84,84,84,84,84,84,84,84,84,84,84,84],"relics":["Philosopher\u0027s Stone","Mango","Dodecahedron","Snake Skull","Runic Dome","Nloth\u0027s Gift","Molten Egg 2","Paper Crane","Vajra","Pandora\u0027s Box","Art of War","Anchor"],"card_choices":[{"not_picked":["Acrobatics","Underhanded Strike"],"picked":"Deadly Poison"},{"not_picked":["Slice","Noxious Fumes"],"picked":"Bane"},{"not_picked":["Slice","Predator"],"picked":"Noxious Fumes"},{"not_picked":["Concentrate","Quick Slash"],"picked":"Malaise"},{"not_picked":["Cloak And Dagger","Malaise"],"picked":"Well Laid Plans"},{"not_picked":["Predator","Caltrops"],"picked":"Blur"},{"not_picked":["Skewer","Choke"],"picked":"PiercingWail"},{"not_picked":["Sucker Punch","Acrobatics"],"picked":"Blur"},{"not_picked":["Bullet Time","Slice"],"picked":"Bouncing Flask"},{"not_picked":["Heel Hook","Deflect"],"picked":"Blur"},{"not_picked":["Dagger Spray","Deadly Poison"],"picked":"Backflip"},{"not_picked":["Tactician","Envenom"],"picked":"Venomology"},{"not_picked":["Predator","Poisoned Stab"],"picked":"Deflect"},{"not_picked":["Cloak And Dagger","Adrenaline"],"picked":"Deadly Poison"}],"player_experience":731890,"potions_floor_usage":[6,8,16,18,18,21,33,37,39,47,50,50,50],"damage_taken":[{"damage":0,"enemies":"Cultist","floor":1,"turns":4},{"damage":0,"enemies":"Small Slimes","floor":2,"turns":3},{"damage":6,"enemies":"2 Louse","floor":3,"turns":3},{"damage":4,"enemies":"Looter","floor":4,"turns":4},{"damage":0,"enemies":"Large Slime","floor":5,"turns":5},{"damage":37,"enemies":"Gremlin Nob","floor":6,"turns":6},{"damage":10,"enemies":"3 Sentries","floor":8,"turns":8},{"damage":10,"enemies":"2 Fungi Beasts","floor":12,"turns":4},{"damage":8,"enemies":"Looter","floor":13,"turns":4},{"damage":4,"enemies":"Blue Slaver","floor":14,"turns":4},{"damage":0,"enemies":"Slime Boss","floor":16,"turns":8},{"damage":0,"enemies":"Chosen","floor":18,"turns":6},{"damage":15,"enemies":"2 Thieves","floor":21,"turns":4},{"damage":48,"enemies":"Slavers","floor":24,"turns":7},{"damage":6,"enemies":"Snake Plant","floor":27,"turns":4},{"damage":0,"enemies":"Centurion and Healer","floor":28,"turns":5},{"damage":22,"enemies":"Slaver and Parasite","floor":31,"turns":7},{"damage":7,"enemies":"Automaton","floor":33,"turns":11},{"damage":2,"enemies":"3 Shapes","floor":35,"turns":5},{"damage":0,"enemies":"Flame Bruiser 1 Orb","floor":37,"turns":5},{"damage":23,"enemies":"3 Darklings","floor":39,"turns":6},{"damage":0,"enemies":"Giant Head","floor":47,"turns":8},{"damage":0,"enemies":"4 Shapes","floor":48,"turns":6},{"damage":0,"enemies":"Time Eater","floor":50,"turns":11}],"event_choices":[{"event_name":"N\u0027loth","player_choice":"Traded a Darkstone Periapt","floor":19,"damage_taken":0},{"event_name":"Addict","player_choice":"Obtained Relic","floor":22,"damage_taken":0},{"event_name":"Forgotten Altar","player_choice":"Smashed Altar","floor":30,"damage_taken":0},{"event_name":"Golden Shrine","player_choice":"Pray","floor":36,"damage_taken":0},{"event_name":"Winding Halls","player_choice":"Writhe","floor":46,"damage_taken":0}],"boss_relics":[{"not_picked":["Calling Bell","Eternal Feather"],"picked":"Runic Dome"},{"not_picked":["Snecko Eye","Tiny House"],"picked":"Pandora\u0027s Box"}],"potions_floor_spawned":[2,4,12,14,16,18,31,33,37,47],"seed_played":"-968701501064551640","ascension_level":0,"is_trial":false}