{"path_per_floor":["M","M","M","M","M","R","M","R","T","R","?","R","M","E","R","B",null,"M","M","?","$","M","R","M","R","T","$","R","$","?","E","R","B",null,"M","?","$","?","?","R","M","?","T","M","?","R","M","?","R","B"],"character_chosen":"THE_SILENT","items_purchased":["Kunai","Cloak And Dagger","Deflect"],"gold_per_floor":[115,133,151,170,189,189,204,204,204,204,279,279,296,328,328,432,432,445,459,384,5,24,24,34,34,34,7,7,7,7,33,33,129,129,141,141,41,0,0,0,13,13,13,29,29,29,49,49,49,49],"floor_reached":51,"campfire_rested":1,"playtime":2431,"current_hp_per_floor":[70,69,69,56,56,56,56,56,56,56,45,45,43,33,33,6,70,69,61,61,61,59,59,44,44,44,44,44,44,67,46,46,41,70,68,68,68,68,59,59,59,59,59,55,55,55,54,54,70,50],"items_purged":["Strike_G","Defend_G"],"gold":49,"score":515,"play_id":"3e5a8a18-2d8c-490b-a9ef-1cb70a53d658","is_prod":false,"is_daily":false,"is_ascension_mode":false,"campfire_upgraded":10,"path_taken":["M","M","M","M","M","R","M","R","T","R","?","R","M","E","R","BOSS","M","M","?","$","M","R","M","R","T","?","R","$","?","E","R","BOSS","M","?","$","?","?","R","M","?","T","M","?","R","M","?","R","BOSS"],"build_version":"2018-02-16-BETA2","purchased_purges":2,"victory":true,"master_deck":["Defend_G","Defend_G","Defend_G","Survivor","Neutralize+1","Dagger Throw","Terror","Dagger Spray+1","Dash+1","Cloak And Dagger+1","Dash+1","Envenom+1","Blade Dance+1","A Thousand Cuts+1","Storm of Steel+1","Footwork+1","Footwork+1","Cloak And Dagger+1","Noxious Fumes+1","Deflect","Quick Slash+1","Acrobatics+1","Madness","Madness","Bouncing Flask+1","Dash+1","Leg Sweep+1"],"max_hp_per_floor":[70,70,70,70,70,70,70,70,70,70,70,70,70,70,70,70,70,70,70,70,70,70,70,70,70,70,70,70,70,70,70,70,70,70,70,70,70,70,70,70,70,70,70,70,70,70,70,70,70,70],"relics":["Ring of the Snake","Juzu Bracelet","Frozen Eye","Ginger","Astrolabe","Kunai","Peace Pipe","Pen Nib","Snecko Eye","Red Mask","Unceasing Top"],"card_choices":[{"not_picked":["Outmaneuver","Cloak And Dagger"],"picked":"Dagger Throw"},{"not_picked":["Distraction","Flechettes"],"picked":"Terror"},{"not_picked":["Finisher","Calculated Gamble"],"picked":"Dagger Spray"},{"not_picked":["Accuracy","Dagger Throw"],"picked":"Dash"},{"not_picked":["Poisoned Stab","Masterful Stab"],"picked":"Cloak And Dagger"},{"not_picked":["Venomology","Poisoned Stab"],"picked":"Dash"},{"not_picked":["Cloak And Dagger","Venomology"],"picked":"Envenom"},{"not_picked":["Grand Finale","Tactician"],"picked":"Phantasmal Killer"},{"not_picked":["Outmaneuver","Deadly Poison"],"picked":"Footwork"},{"not_picked":["Choke","Heel Hook"],"picked":"Footwork"},{"not_picked":["Outmaneuver","Setup"],"picked":"Noxious Fumes"},{"not_picked":["Deadly Poison","Concentrate"],"picked":"Quick Slash"},{"not_picked":["Slice","Bane"],"picked":"Acrobatics"},{"not_picked":["Dagger Throw","Poisoned Stab"],"picked":"Bouncing Flask"},{"not_picked":["Acrobatics","Underhanded Strike"],"picked":"Leg Sweep"}],"player_experience":714082,"potions_floor_usage":[13,18,18,24,33,33,47,50],"damage_taken":[{"damage":0,"enemies":"Small Slimes","floor":1,"turns":3},{"damage":1,"enemies":"2 Louse","floor":2,"turns":3},{"damage":0,"enemies":"Cultist","floor":3,"turns":3},{"damage":13,"enemies":"Large Slime","floor":4,"turns":6},{"damage":0,"enemies":"3 Louse","floor":5,"turns":2},{"damage":0,"enemies":"Blue Slaver","floor":7,"turns":3},{"damage":2,"enemies":"Exordium Thugs","floor":13,"turns":3},{"damage":10,"enemies":"Gremlin Nob","floor":14,"turns":4},{"damage":27,"enemies":"The Guardian","floor":16,"turns":10},{"damage":1,"enemies":"2 Thieves","floor":18,"turns":3},{"damage":8,"enemies":"Shell Parasite","floor":19,"turns":8},{"damage":2,"enemies":"Centurion and Healer","floor":22,"turns":8},{"damage":15,"enemies":"Slaver and Parasite","floor":24,"turns":9},{"damage":21,"enemies":"Gremlin Leader","floor":31,"turns":8},{"damage":5,"enemies":"Automaton","floor":33,"turns":11},{"damage":2,"enemies":"Flame Bruiser 1 Orb","floor":35,"turns":4},{"damage":0,"enemies":"3 Darklings","floor":41,"turns":4},{"damage":4,"enemies":"Maw","floor":44,"turns":5},{"damage":1,"enemies":"Flame Bruiser 2 Orb","floor":47,"turns":5},{"damage":20,"enemies":"Awakened One","floor":50,"turns":14}],"event_choices":[{"event_name":"World of Goop","player_choice":"Gather Gold","floor":11,"damage_taken":0},{"event_name":"Beggar","player_choice":"Gave Gold","floor":20,"damage_taken":0},{"event_name":"The Library","player_choice":"Heal","floor":30,"damage_taken":0},{"event_name":"Mysterious Sphere","player_choice":"Ignore","floor":36,"damage_taken":0},{"event_name":"Tomb of Lord Red Mask","player_choice":"Paid","floor":38,"damage_taken":0},{"event_name":"Winding Halls","player_choice":"Embrace Madness","floor":39,"damage_taken":0},{"event_name":"Duplicator","player_choice":"One dupe","floor":45,"damage_taken":0},{"event_name":"Accursed Blacksmith","player_choice":"Ignore","floor":48,"damage_taken":0}],"boss_relics":[{"not_picked":["Lizard Tail","White Beast Statue"],"picked":"Astrolabe"},{"not_picked":["The Specimen","Orrery"],"picked":"Snecko Eye"}],"potions_floor_spawned":[5,7,13,14,16,18,19,22,35,44],"seed_played":"720736385527537994","ascension_level":0,"is_trial":false}