{"path_per_floor":["M","M","M","$","?","R","M","R","T","M","M","M","R","?","R","B",null,"M","M","?","M","?","R","E","M","T","?","E","R","$","M","R","B",null,"M","M","?","M","?","E","R","M","T","M","$","E","R","M","R","B"],"character_chosen":"THE_SILENT","items_purchased":["Footwork","Blur","Envenom","Footwork","Snake Skull","Happy Flower","Deep Breath","Phantasmal Killer"],"gold_per_floor":[113,125,140,63,63,63,75,75,75,95,114,126,126,126,126,252,252,245,268,268,291,291,291,326,345,368,368,411,411,117,136,136,259,259,278,292,357,370,703,736,736,754,754,767,90,122,122,139,139,139],"floor_reached":51,"campfire_rested":0,"playtime":3172,"current_hp_per_floor":[70,70,70,70,63,63,62,62,62,62,61,61,61,44,44,30,70,69,69,69,68,68,68,49,42,42,42,43,43,43,40,40,50,70,70,70,69,70,70,70,70,66,80,55,55,69,69,79,79,67],"items_purged":["Strike_G","Pain"],"gold":139,"score":691,"play_id":"1c2637c1-4e49-44e4-b5e5-bbdd7a5746c4","is_prod":false,"is_daily":false,"is_ascension_mode":false,"campfire_upgraded":10,"path_taken":["M","M","M","$","?","R","M","R","T","M","M","M","R","?","R","BOSS","M","M","?","?","?","R","E","M","T","?","E","R","$","M","R","BOSS","M","M","?","M","?","E","R","M","T","M","$","E","R","M","R","BOSS"],"build_version":"2018-02-23-BETA1","purchased_purges":2,"victory":true,"master_deck":["Defend_G","Defend_G","Defend_G","Defend_G","Defend_G+1","Strike_G","Strike_G","Strike_G","Survivor","Neutralize+1","Dagger Spray","Skewer+1","PiercingWail+1","Terror","Footwork+1","Dodge and Roll+1","Outmaneuver+1","Blur+1","After Image+1","Burst+1","Footwork+1","Choke+1","Quick Slash+1","Deadly Poison+1","Poisoned Stab+1","Doppelganger+1","Skewer+1","Blur+1","Envenom+1","Noxious Fumes+1","Doppelganger+1","Sucker Punch+1","Predator+1","Backflip+1","Dagger Throw+1","Tools of the Trade","Quick Slash","Slice+1","Footwork+1","Deep Breath+1","Phantasmal Killer+1","Cloak And Dagger+1","Catalyst+1"],"max_hp_per_floor":[70,70,70,70,70,70,70,70,70,70,70,70,70,70,70,70,70,70,70,70,70,70,70,70,70,70,70,70,70,70,70,70,70,70,70,70,70,70,70,70,70,70,84,84,84,84,84,84,84,84],"relics":["Ring of the Snake","Toxic Egg 2","Sozu","Bird Faced Urn","Oddly Smooth Stone","War Paint","Dream Catcher","Cursed Key","Torii","Bag of Preparation","Mango","Snake Skull","Happy Flower","Ginger"],"card_choices":[{"not_picked":["Dagger Throw","Escape Plan"],"picked":"Dagger Spray"},{"not_picked":["Poisoned Stab","Expertise"],"picked":"Skewer"},{"not_picked":["Bane","Quick Slash"],"picked":"PiercingWail"},{"not_picked":["Setup","Blur"],"picked":"Terror"},{"not_picked":["Calculated Gamble","Prepared"],"picked":"Dodge and Roll"},{"not_picked":["Heel Hook","Riddle With Holes"],"picked":"Outmaneuver"},{"not_picked":["Bouncing Flask","Noxious Fumes"],"picked":"Blur"},{"not_picked":["Dagger Spray","Quick Slash"],"picked":"After Image"},{"not_picked":["Tools of the Trade","Adrenaline"],"picked":"Burst"},{"not_picked":["Bane","Dagger Throw"],"picked":"Footwork"},{"not_picked":["Flechettes","Caltrops"],"picked":"Choke"},{"not_picked":["Setup","Underhanded Strike"],"picked":"Deadly Poison"},{"not_picked":["Eviscerate","Sucker Punch"],"picked":"Poisoned Stab"},{"not_picked":["Outmaneuver","Catalyst"],"picked":"Skewer"},{"not_picked":["Wraith Form","Accuracy"],"picked":"Noxious Fumes"},{"not_picked":["Phantasmal Killer","A Thousand Cuts"],"picked":"Doppelganger"},{"not_picked":["Infinite Blades","Reflex"],"picked":"Sucker Punch"},{"not_picked":["PiercingWail","Blur"],"picked":"Predator"},{"not_picked":["Sucker Punch","Expertise"],"picked":"Backflip"},{"not_picked":["Crippling Poison","Prepared"],"picked":"Dagger Throw"},{"not_picked":["Deflect","Underhanded Strike"],"picked":"Tools of the Trade"},{"not_picked":["Acrobatics","Underhanded Strike"],"picked":"Quick Slash"},{"not_picked":["Prepared","Outmaneuver"],"picked":"Slice"},{"not_picked":["Deflect","Infinite Blades"],"picked":"Cloak And Dagger"},{"not_picked":["Dagger Throw","Deflect"],"picked":"Catalyst"}],"player_experience":788891,"potions_floor_usage":[11,16,24,28],"damage_taken":[{"damage":0,"enemies":"Small Slimes","floor":1,"turns":4},{"damage":0,"enemies":"Jaw Worm","floor":2,"turns":5},{"damage":0,"enemies":"2 Louse","floor":3,"turns":3},{"damage":1,"enemies":"2 Fungi Beasts","floor":7,"turns":5},{"damage":0,"enemies":"Large Slime","floor":10,"turns":7},{"damage":1,"enemies":"3 Louse","floor":11,"turns":2},{"damage":0,"enemies":"Red Slaver","floor":12,"turns":6},{"damage":29,"enemies":"Hexaghost","floor":16,"turns":16},{"damage":1,"enemies":"2 Thieves","floor":18,"turns":4},{"damage":0,"enemies":"Chosen","floor":19,"turns":8},{"damage":1,"enemies":"Centurion and Healer","floor":21,"turns":9},{"damage":40,"enemies":"Gremlin Leader","floor":24,"turns":9},{"damage":13,"enemies":"Slaver and Parasite","floor":25,"turns":7},{"damage":20,"enemies":"Slavers","floor":28,"turns":8},{"damage":11,"enemies":"Snecko","floor":31,"turns":4},{"damage":0,"enemies":"Automaton","floor":33,"turns":11},{"damage":4,"enemies":"3 Shapes","floor":35,"turns":6},{"damage":0,"enemies":"Orb Walker","floor":36,"turns":2},{"damage":9,"enemies":"Mysterious Sphere","floor":37,"turns":6},{"damage":1,"enemies":"Flame Bruiser 2 Orb","floor":38,"turns":5},{"damage":1,"enemies":"Giant Head","floor":40,"turns":7},{"damage":8,"enemies":"Sphere and 2 Shapes","floor":42,"turns":6},{"damage":34,"enemies":"3 Darklings","floor":44,"turns":6},{"damage":0,"enemies":"Nemesis","floor":46,"turns":7},{"damage":2,"enemies":"4 Shapes","floor":48,"turns":4},{"damage":25,"enemies":"Donu and Deca","floor":50,"turns":10}],"event_choices":[{"event_name":"Golden Wing","player_choice":"Card Removal","floor":5,"damage_taken":0},{"event_name":"Golden Idol","player_choice":"Take Damage","floor":14,"damage_taken":0},{"event_name":"The Library","player_choice":"Read","floor":20,"damage_taken":0},{"event_name":"The Mausoleum","player_choice":"Yes","floor":22,"damage_taken":0},{"event_name":"Match and Keep!","player_choice":"1 cards matched","floor":27,"damage_taken":0},{"event_name":"Mysterious Sphere","player_choice":"Fight","floor":37,"damage_taken":0},{"event_name":"The Moai Head","player_choice":"Gave Idol","floor":39,"damage_taken":0}],"boss_relics":[{"not_picked":["Snecko Eye","Tiny House"],"picked":"Sozu"},{"not_picked":["Lizard Tail","Velvet Choker"],"picked":"Cursed Key"}],"potions_floor_spawned":[2,3,7,12,16,21,24,25,31,40,42,48],"seed_played":"8859357290457406047","ascension_level":0,"is_trial":false}