{"path_per_floor":["M","?","?","T","$","R","E","M","T","M","M","R","M","$","R","B",null,"M","?","$","M","M","R","M","E","T","R","?","R","?","M","R","B",null,"M","M","M","M","M"],"character_chosen":"THE_SILENT","items_purchased":["Glass Knife","Accuracy","Cloak And Dagger","Deflect"],"gold_per_floor":[112,187,187,214,66,66,98,111,190,200,216,216,230,13,13,90,90,105,105,5,19,36,36,52,78,78,78,78,78,78,96,96,173,173,186,202,212,225,244],"floor_reached":40,"campfire_rested":1,"playtime":1900,"current_hp_per_floor":[59,48,41,41,41,41,41,41,41,41,41,41,41,41,41,39,57,57,57,57,53,51,51,46,30,30,30,30,30,30,30,48,34,56,56,56,53,53,53],"items_purged":["Strike_G","Strike_G"],"gold":244,"score":700,"play_id":"e4ee1d17-ed76-4169-a0ce-ec09d85284c2","is_prod":false,"is_daily":false,"is_ascension_mode":true,"campfire_upgraded":6,"path_taken":["M","?","?","?","$","R","E","M","T","M","M","R","M","$","R","BOSS","M","?","$","M","?","R","M","E","T","R","?","R","?","?","R","BOSS","M","M","M","M","M","E"],"build_version":"2018-02-22-BETA1","purchased_purges":2,"victory":false,"master_deck":["Defend_G","Defend_G","Defend_G","Defend_G","Defend_G","Strike_G","Strike_G","Strike_G","Survivor","Neutralize","Footwork+1","Glass Knife+1","Noxious Fumes+1","Noxious Fumes","Cloak And Dagger+1","Accuracy+1","Cloak And Dagger+1","Deflect","Glass Knife","PiercingWail","Dodge and Roll+1","After Image","Cloak And Dagger+1","Accuracy","Cloak And Dagger+1","Malaise"],"max_hp_per_floor":[66,66,63,63,63,63,63,63,63,63,63,63,63,63,63,63,63,63,63,63,63,63,63,63,63,63,63,63,63,63,63,63,63,63,63,63,63,63,63],"relics":["Ring of the Snake","NeowsBlessing","Bag of Preparation","Tough Bandages","Ninja Scroll","Philosopher\u0027s Stone","Thread and Needle","Ancient Tea Set","Bag of Marbles","Cursed Key"],"card_choices":[{"not_picked":["Slice","Concentrate"],"picked":"Footwork"},{"not_picked":["Glass Knife","Flechettes"],"picked":"Noxious Fumes"},{"not_picked":["Heel Hook","Deadly Poison"],"picked":"Noxious Fumes"},{"not_picked":["Noxious Fumes","Choke"],"picked":"Cloak And Dagger"},{"not_picked":["Tactician","Unload"],"picked":"Glass Knife"},{"not_picked":["Quick Slash","Dagger Spray"],"picked":"PiercingWail"},{"not_picked":["Dagger Spray","Blur"],"picked":"Dodge and Roll"},{"not_picked":["Phantasmal Killer","Adrenaline"],"picked":"After Image"},{"not_picked":["Dash","Flying Knee"],"picked":"Cloak And Dagger"},{"not_picked":["Catalyst","Riddle With Holes"],"picked":"Accuracy"},{"not_picked":["Backflip","Sucker Punch"],"picked":"Cloak And Dagger"},{"not_picked":["Riddle With Holes","Dagger Spray"],"picked":"Malaise"}],"player_experience":765604,"potions_floor_usage":[11,16,16,16,22,25,33,36,40],"damage_taken":[{"damage":0,"enemies":"Small Slimes","floor":1,"turns":1},{"damage":0,"enemies":"3 Sentries","floor":7,"turns":1},{"damage":0,"enemies":"Jaw Worm","floor":8,"turns":1},{"damage":0,"enemies":"2 Louse","floor":10,"turns":1},{"damage":0,"enemies":"Red Slaver","floor":11,"turns":1},{"damage":0,"enemies":"Blue Slaver","floor":13,"turns":3},{"damage":2,"enemies":"Hexaghost","floor":16,"turns":9},{"damage":0,"enemies":"3 Byrds","floor":18,"turns":5},{"damage":4,"enemies":"2 Thieves","floor":21,"turns":5},{"damage":2,"enemies":"Cultist and Chosen","floor":22,"turns":7},{"damage":5,"enemies":"Centurion and Healer","floor":24,"turns":5},{"damage":16,"enemies":"Book of Stabbing","floor":25,"turns":6},{"damage":0,"enemies":"Chosen and Byrds","floor":31,"turns":5},{"damage":14,"enemies":"Automaton","floor":33,"turns":12},{"damage":0,"enemies":"Flame Bruiser 1 Orb","floor":35,"turns":9},{"damage":0,"enemies":"3 Shapes","floor":36,"turns":4},{"damage":3,"enemies":"Sphere and 2 Shapes","floor":37,"turns":7},{"damage":0,"enemies":"Maw","floor":38,"turns":7},{"damage":0,"enemies":"4 Shapes","floor":39,"turns":6},{"damage":60,"enemies":"Giant Head","floor":40,"turns":10}],"event_choices":[{"event_name":"World of Goop","player_choice":"Gather Gold","floor":2,"damage_taken":0},{"event_name":"Golden Wing","player_choice":"Card Removal","floor":3,"damage_taken":0},{"event_name":"Wheel of Change","player_choice":"Relic","floor":19,"damage_taken":0},{"event_name":"The Mausoleum","player_choice":"No","floor":28,"damage_taken":0},{"event_name":"Addict","player_choice":"Ignored","floor":30,"damage_taken":0}],"boss_relics":[{"not_picked":["White Beast Statue","Calling Bell"],"picked":"Philosopher\u0027s Stone"},{"not_picked":["Velvet Choker","The Specimen"],"picked":"Cursed Key"}],"potions_floor_spawned":[1,10,11,13,18,22,25,33,35,39],"seed_played":"-8931392434901118617","killed_by":"Giant Head","ascension_level":15,"is_trial":false}