{"path_per_floor":["M","?","?","M","M","E","R","E","T","$","M","M","M","E","R","B",null,"M","?","M","M","M","E","R","E","T","E","$","?","M","$","R","B",null,"M","$","?","M","M","E","M","E","T","E","R","T","?","M","R","B"],"character_chosen":"THE_SILENT","items_purchased":["Toxic Egg 2","Skewer","Molten Egg 2","Terror"],"gold_per_floor":[359,359,359,378,390,417,417,442,442,46,58,76,91,126,126,224,224,235,235,247,266,280,315,315,343,392,425,65,65,79,9,9,104,104,114,114,114,127,146,171,183,208,231,260,260,260,0,11,11,11],"floor_reached":51,"campfire_rested":0,"playtime":4079,"current_hp_per_floor":[35,35,58,58,58,31,31,21,21,21,21,21,21,21,21,3,70,70,70,70,70,70,56,56,61,61,61,61,61,69,69,69,43,70,70,70,70,70,70,70,70,70,70,70,70,70,70,70,70,47],"items_purged":["Strike_G","Strike_G"],"gold":11,"score":777,"play_id":"53f9899b-541f-4667-990d-87a40bdb2488","is_prod":false,"is_daily":false,"is_ascension_mode":true,"campfire_upgraded":6,"path_taken":["M","?","?","M","M","E","R","E","T","$","M","M","?","E","R","BOSS","M","?","M","M","?","E","R","E","T","E","$","?","M","?","R","BOSS","M","$","?","M","M","E","?","E","T","E","R","?","?","M","R","BOSS"],"build_version":"2018-02-16-BETA2","purchased_purges":2,"victory":true,"master_deck":["Defend_G","Defend_G","Defend_G","Defend_G","Defend_G","Strike_G","Strike_G","Survivor+1","Neutralize+1","Dagger Spray","Blur+1","PiercingWail","Tools of the Trade","Skewer+1","Footwork+1","Dagger Spray","Dash+1","Leg Sweep+1","Envenom+1","Quick Slash","Neutralize+1","Dodge and Roll+1","Acrobatics+1","Noxious Fumes+1","Burst+1","Calculated Gamble+1","Flying Knee","Reflex+1","Terror+1","Adrenaline+1","Flying Knee+1","Outmaneuver+1","Acrobatics+1","Cloak And Dagger+1","Prepared+1","Bane+1"],"max_hp_per_floor":[70,70,70,70,70,70,70,70,70,70,70,70,70,70,70,70,70,70,70,70,70,70,70,70,70,70,70,70,70,70,70,70,70,70,70,70,70,70,70,70,70,70,70,70,70,70,70,70,70,70],"relics":["Ring of the Snake","Bronze Scales","Letter Opener","Thread and Needle","Toxic Egg 2","Bird Faced Urn","Sozu","Meat on the Bone","Bag of Preparation","Dream Catcher","Tough Bandages","Molten Egg 2","Black Star","War Paint","Orichalcum","Snake Skull","Lantern","Blood Vial","Shuriken","The Courier","Frozen Eye","Red Mask"],"card_choices":[{"not_picked":["Expertise","Escape Plan"],"picked":"Dagger Spray"},{"not_picked":["Setup","Acrobatics"],"picked":"Blur"},{"not_picked":["Underhanded Strike","Distraction"],"picked":"Dodge and Roll"},{"not_picked":["Outmaneuver","Bouncing Flask"],"picked":"PiercingWail"},{"not_picked":["Deadly Poison","Slice"],"picked":"Tools of the Trade"},{"not_picked":["Acrobatics","Dash"],"picked":"Footwork"},{"not_picked":["Deflect","Slice"],"picked":"Dagger Spray"},{"not_picked":["Underhanded Strike","Calculated Gamble"],"picked":"Dash"},{"not_picked":["Acrobatics","Dagger Spray"],"picked":"Leg Sweep"},{"not_picked":["Grand Finale","Bullet Time"],"picked":"Envenom"},{"not_picked":["Acrobatics","Eviscerate"],"picked":"Quick Slash"},{"not_picked":["Deadly Poison","Slice"],"picked":"Dodge and Roll"},{"not_picked":["Catalyst","Eviscerate"],"picked":"Acrobatics"},{"not_picked":["Accuracy","Heel Hook"],"picked":"Noxious Fumes"},{"not_picked":["Dodge and Roll","Flying Knee"],"picked":"Burst"},{"not_picked":["Poisoned Stab","Dagger Throw"],"picked":"Calculated Gamble"},{"not_picked":["Concentrate","Riddle With Holes"],"picked":"Flying Knee"},{"not_picked":["Prepared","Underhanded Strike"],"picked":"Reflex"},{"not_picked":["Unload","Burst"],"picked":"Adrenaline"},{"not_picked":["Slice","Dodge and Roll"],"picked":"Flying Knee"},{"not_picked":["PiercingWail","Noxious Fumes"],"picked":"Outmaneuver"},{"not_picked":["Dagger Spray","Dodge and Roll"],"picked":"Acrobatics"},{"not_picked":["Calculated Gamble","Terror"],"picked":"Cloak And Dagger"},{"not_picked":["Noxious Fumes","Caltrops"],"picked":"Prepared"},{"not_picked":["Deadly Poison","Terror"],"picked":"Bane"}],"player_experience":707402,"potions_floor_usage":[6,6,14,16],"damage_taken":[{"damage":0,"enemies":"Jaw Worm","floor":1,"turns":5},{"damage":0,"enemies":"2 Louse","floor":4,"turns":3},{"damage":0,"enemies":"Small Slimes","floor":5,"turns":3},{"damage":42,"enemies":"Gremlin Nob","floor":6,"turns":7},{"damage":10,"enemies":"3 Sentries","floor":8,"turns":9},{"damage":0,"enemies":"Exordium Wildlife","floor":11,"turns":3},{"damage":0,"enemies":"Looter","floor":12,"turns":3},{"damage":0,"enemies":"Exordium Thugs","floor":13,"turns":5},{"damage":0,"enemies":"Lagavulin","floor":14,"turns":9},{"damage":22,"enemies":"Slime Boss","floor":16,"turns":14},{"damage":0,"enemies":"2 Thieves","floor":18,"turns":4},{"damage":0,"enemies":"Spheric Guardian","floor":20,"turns":4},{"damage":1,"enemies":"Snecko","floor":21,"turns":6},{"damage":0,"enemies":"Slaver and Parasite","floor":22,"turns":6},{"damage":18,"enemies":"Slavers","floor":23,"turns":7},{"damage":3,"enemies":"Gremlin Leader","floor":25,"turns":9},{"damage":6,"enemies":"Slavers","floor":27,"turns":6},{"damage":0,"enemies":"Centurion and Healer","floor":30,"turns":6},{"damage":27,"enemies":"Collector","floor":33,"turns":9},{"damage":0,"enemies":"3 Shapes","floor":35,"turns":4},{"damage":0,"enemies":"3 Darklings","floor":38,"turns":4},{"damage":0,"enemies":"Flame Bruiser 2 Orb","floor":39,"turns":2},{"damage":4,"enemies":"Giant Head","floor":40,"turns":11},{"damage":0,"enemies":"Spire Growth","floor":41,"turns":4},{"damage":0,"enemies":"2 Orb Walkers","floor":42,"turns":5},{"damage":0,"enemies":"Giant Head","floor":44,"turns":6},{"damage":0,"enemies":"Maw","floor":48,"turns":6},{"damage":23,"enemies":"Awakened One","floor":50,"turns":11}],"event_choices":[{"event_name":"Living Wall","player_choice":"Forget","floor":2,"damage_taken":0},{"event_name":"Big Fish","player_choice":"Banana","floor":3,"damage_taken":0},{"event_name":"Duplicator","player_choice":"One dupe","floor":19,"damage_taken":0},{"event_name":"Addict","player_choice":"Ignored","floor":29,"damage_taken":0},{"event_name":"Tomb of Lord Red Mask","player_choice":"Paid","floor":47,"damage_taken":0}],"boss_relics":[{"not_picked":["Ectoplasm","Eternal Feather"],"picked":"Sozu"},{"not_picked":["Runic Pyramid","Velvet Choker"],"picked":"Black Star"}],"potions_floor_spawned":[1,5,12,14,18,20,27,33,38,39,40,48],"seed_played":"5152686901085582177","ascension_level":1,"is_trial":false}