{"path_per_floor":["M","M","$","M","?","M","M","R","T","R","M","R","M","$","R","B",null,"M","?","M","$","?","R","M","M","T","R","M","R","?","M","R"],"character_chosen":"THE_SILENT","items_purchased":["Footwork","Noxious Fumes"],"gold_per_floor":[109,124,53,66,66,78,97,97,123,123,134,134,148,6,6,85,85,96,96,112,12,12,12,27,46,46,46,57,57,57,69,69],"floor_reached":33,"campfire_rested":3,"playtime":1336,"current_hp_per_floor":[57,56,56,56,66,63,51,51,51,51,32,32,32,32,32,23,55,44,44,27,27,18,31,43,10,10,24,25,40,40,50,50],"items_purged":["Parasite","Bite"],"gold":69,"score":448,"play_id":"f319f06a-acbe-4184-9643-7bb1a7fd2dfe","local_time":"20180305212343","is_prod":false,"is_daily":false,"is_ascension_mode":true,"campfire_upgraded":5,"timestamp":1520281423,"path_taken":["M","M","$","M","?","M","M","R","T","R","?","R","M","$","R","BOSS","M","?","?","$","?","R","M","M","T","R","M","R","?","M","R","BOSS"],"build_version":"2018-03-02-BETA2","purchased_purges":3,"victory":false,"master_deck":["Defend_G","Defend_G","Defend_G","Defend_G","Defend_G","Survivor","Neutralize+1","Predator+1","Terror","Footwork+1","Skewer+1","Dash","Dagger Spray","Noxious Fumes+1","Doppelganger","Bite","Bite","Bite","Bite","Backflip","Deflect+1"],"max_hp_per_floor":[66,66,66,66,66,66,66,66,66,66,66,66,68,65,65,65,65,67,46,46,46,46,46,48,48,48,48,50,50,50,52,52],"relics":["Singing Bowl","Philosopher\u0027s Stone","Dead Branch","Nloth\u0027s Gift"],"card_choices":[{"not_picked":["Endless Agony","Dagger Throw","PiercingWail"],"picked":"Predator"},{"not_picked":["Sucker Punch","PiercingWail","Deflect"],"picked":"Terror"},{"not_picked":["Deadly Poison","Dodge and Roll","PiercingWail"],"picked":"Skewer"},{"not_picked":["Accuracy","Heel Hook","Predator"],"picked":"Dash"},{"not_picked":["Setup","Poisoned Stab","A Thousand Cuts"],"picked":"Dagger Spray"},{"not_picked":["Tools of the Trade","Tactician","Corpse Explosion"],"picked":"Doppelganger"},{"not_picked":["Acrobatics","Cloak And Dagger","Blur"],"picked":"Backflip"},{"not_picked":["Acrobatics","Escape Plan","Deadly Poison"],"picked":"Deflect"}],"player_experience":798549,"potions_floor_usage":[18,18,24,25,31,33],"damage_taken":[{"damage":2,"enemies":"2 Louse","floor":1,"turns":6},{"damage":1,"enemies":"Cultist","floor":2,"turns":4},{"damage":0,"enemies":"Small Slimes","floor":4,"turns":3},{"damage":3,"enemies":"Red Slaver","floor":6,"turns":5},{"damage":12,"enemies":"Exordium Wildlife","floor":7,"turns":6},{"damage":19,"enemies":"2 Fungi Beasts","floor":11,"turns":5},{"damage":2,"enemies":"Large Slime","floor":13,"turns":6},{"damage":9,"enemies":"The Guardian","floor":16,"turns":10},{"damage":13,"enemies":"Chosen","floor":18,"turns":4},{"damage":25,"enemies":"Shell Parasite","floor":20,"turns":6},{"damage":4,"enemies":"Chosen and Byrds","floor":24,"turns":6},{"damage":47,"enemies":"3 Cultists","floor":25,"turns":7},{"damage":9,"enemies":"Snecko","floor":28,"turns":5},{"damage":0,"enemies":"Cultist and Chosen","floor":31,"turns":6},{"damage":68,"enemies":"Automaton","floor":33,"turns":6}],"event_choices":[{"event_name":"Wheel of Change","player_choice":"Full Heal","floor":5,"damage_taken":0},{"event_name":"Vampires","player_choice":"Became a vampire","floor":19,"damage_taken":0},{"event_name":"Knowing Skull","player_choice":"","floor":22,"damage_taken":0},{"event_name":"N\u0027loth","player_choice":"Traded a Question Card","floor":30,"damage_taken":0}],"boss_relics":[{"not_picked":["White Beast Statue","Tiny House"],"picked":"Philosopher\u0027s Stone"}],"potions_floor_spawned":[1,7,16,20,28,31],"seed_played":"2617574316835996513","killed_by":"Automaton","ascension_level":15,"is_trial":false}