{"path_per_floor":["M","M","$","M","M","R","?","R","T","$","E","R","E","M","R","B",null,"M","?","$","M","M","R","E","M","T","R","M","M","$","?","R","B",null,"M","?","M","M","$","R","E","R","T","M","?","?","M","M","R","B"],"character_chosen":"THE_SILENT","items_purchased":["Well Laid Plans","Dagger Spray","Quick Slash","Predator","Backflip","Footwork"],"gold_per_floor":[117,127,48,66,79,79,49,49,100,0,34,34,61,77,77,175,175,192,192,22,37,49,49,77,91,91,91,104,119,19,19,19,118,118,129,183,193,203,123,123,150,150,202,216,216,216,228,247,247,247],"floor_reached":51,"campfire_rested":2,"playtime":2653,"current_hp_per_floor":[70,68,68,66,66,66,66,66,66,66,59,59,57,57,57,56,70,59,59,59,59,52,52,50,30,30,30,30,30,30,15,40,6,85,85,70,57,52,52,52,50,50,50,42,63,63,63,60,85,7],"items_purged":["Strike_G","Strike_G"],"gold":247,"score":734,"play_id":"8c6ee4c9-ba23-4241-b880-61e729dab4a0","local_time":"20180318182529","is_prod":false,"is_daily":false,"is_ascension_mode":false,"campfire_upgraded":8,"timestamp":1521393929,"path_taken":["M","M","$","M","M","R","?","R","T","?","E","R","E","M","R","BOSS","M","?","$","M","M","R","E","?","T","R","M","M","?","?","R","BOSS","M","?","M","M","$","R","E","R","T","M","?","?","M","?","R","BOSS"],"build_version":"2018-03-16","purchased_purges":3,"victory":true,"master_deck":["Defend_G","Defend_G","Defend_G","Defend_G+1","Defend_G+1","Strike_G","Survivor","Neutralize+1","Underhanded Strike","Phantasmal Killer+1","Well Laid Plans+1","Footwork+1","Skewer+1","Dagger Spray","Quick Slash","Quick Slash","Acrobatics","Glass Knife+1","Predator+1","Backflip","Escape Plan","Skewer+1","Outmaneuver+1","Blur","Calculated Gamble+1","Tools of the Trade+1","Dagger Throw+1","Deflect+1","Dodge and Roll+1","Footwork+1","Escape Plan+1"],"max_hp_per_floor":[70,70,70,70,70,70,70,70,70,70,70,70,70,70,70,70,70,70,70,70,70,70,70,80,80,80,80,80,80,80,85,85,85,85,85,85,85,85,85,85,85,85,85,85,85,85,85,85,85,85],"relics":["Ring of the Snake","Pen Nib","Orichalcum","War Paint","Runic Dome","Pear","Frozen Egg 2","Philosopher\u0027s Stone","Ginger","Tough Bandages","Ancient Tea Set"],"card_choices":[{"not_picked":["Outmaneuver","Slice"],"picked":"Underhanded Strike"},{"not_picked":["Outmaneuver","Sucker Punch"],"picked":"Phantasmal Killer"},{"not_picked":["Concentrate","Poisoned Stab"],"picked":"Footwork"},{"not_picked":["PiercingWail","Sucker Punch"],"picked":"Skewer"},{"not_picked":["Backflip","Dagger Spray"],"picked":"Quick Slash"},{"not_picked":["Slice","Heel Hook"],"picked":"Acrobatics"},{"not_picked":["Doppelganger","Night Terror"],"picked":"Glass Knife"},{"not_picked":["Bane","Bouncing Flask"],"picked":"Escape Plan"},{"not_picked":["Bouncing Flask","Predator"],"picked":"Skewer"},{"not_picked":["Bane","Cloak And Dagger"],"picked":"Outmaneuver"},{"not_picked":["Quick Slash","Bane"],"picked":"Blur"},{"not_picked":["Bane","Eviscerate"],"picked":"Calculated Gamble"},{"not_picked":["Venomology","Tactician"],"picked":"Tools of the Trade"},{"not_picked":["Sucker Punch","Slice"],"picked":"Dagger Throw"},{"not_picked":["Deadly Poison","Dagger Throw"],"picked":"Deflect"},{"not_picked":["Bouncing Flask","Slice"],"picked":"Dodge and Roll"},{"not_picked":["Crippling Poison","Flying Knee"],"picked":"Escape Plan"}],"player_experience":819178,"potions_floor_usage":[5,11,11,24,29,50,50,50],"damage_taken":[{"damage":0,"enemies":"Cultist","floor":1,"turns":4},{"damage":2,"enemies":"2 Louse","floor":2,"turns":5},{"damage":2,"enemies":"Jaw Worm","floor":4,"turns":3},{"damage":0,"enemies":"3 Louse","floor":5,"turns":1},{"damage":7,"enemies":"Gremlin Nob","floor":11,"turns":5},{"damage":2,"enemies":"3 Sentries","floor":13,"turns":6},{"damage":0,"enemies":"2 Fungi Beasts","floor":14,"turns":3},{"damage":1,"enemies":"Slime Boss","floor":16,"turns":5},{"damage":11,"enemies":"2 Thieves","floor":18,"turns":4},{"damage":0,"enemies":"3 Byrds","floor":21,"turns":5},{"damage":7,"enemies":"Snecko","floor":22,"turns":4},{"damage":12,"enemies":"Slavers","floor":24,"turns":3},{"damage":20,"enemies":"Slaver and Parasite","floor":25,"turns":5},{"damage":0,"enemies":"Cultist and Chosen","floor":28,"turns":5},{"damage":0,"enemies":"3 Cultists","floor":29,"turns":5},{"damage":34,"enemies":"Collector","floor":33,"turns":7},{"damage":0,"enemies":"Flame Bruiser 1 Orb","floor":35,"turns":4},{"damage":15,"enemies":"Mysterious Sphere","floor":36,"turns":3},{"damage":13,"enemies":"Orb Walker","floor":37,"turns":4},{"damage":5,"enemies":"Spire Growth","floor":38,"turns":3},{"damage":2,"enemies":"Giant Head","floor":41,"turns":8},{"damage":8,"enemies":"4 Shapes","floor":44,"turns":5},{"damage":0,"enemies":"Flame Bruiser 2 Orb","floor":47,"turns":3},{"damage":3,"enemies":"Maw","floor":48,"turns":5},{"damage":78,"enemies":"Time Eater","floor":50,"turns":7}],"event_choices":[{"event_name":"The Woman in Blue","player_choice":"Bought 2 Potions","floor":7,"damage_taken":0},{"event_name":"Back to Basics","player_choice":"Elegance","floor":19,"damage_taken":0},{"event_name":"Forgotten Altar","player_choice":"Shed Blood","floor":31,"damage_taken":0},{"event_name":"Mysterious Sphere","player_choice":"Fight","floor":36,"damage_taken":0},{"event_name":"Winding Halls","player_choice":"Writhe","floor":45,"damage_taken":0},{"event_name":"Fountain of Cleansing","player_choice":"Removed Curse","floor":46,"damage_taken":0}],"boss_relics":[{"not_picked":["Velvet Choker","The Specimen"],"picked":"Runic Dome"},{"not_picked":["Black Star","Question Card"],"picked":"Philosopher\u0027s Stone"}],"potions_floor_spawned":[2,4,11,16,18,22,25,28,33,35,36,38,47],"seed_played":"7487144030468107528","ascension_level":0,"is_trial":false}