{"path_per_floor":["M","$","M","M","?","E","?","M","T","?","M","M","R","E","R","B",null,"M","M","$","?","M","R","$","R","T","M","R","E","M","M","R"],"character_chosen":"THE_SILENT","items_purchased":["Dagger Throw","Backflip","Sucker Punch","Flash of Steel"],"gold_per_floor":[211,14,29,45,45,73,73,88,114,134,153,172,172,200,200,275,275,200,200,6,6,6,6,6,6,6,6,6,6,6,6,6,6],"floor_reached":33,"campfire_rested":4,"playtime":2069,"current_hp_per_floor":[59,59,55,54,54,40,33,32,32,12,12,11,47,13,49,1,55,42,37,37,37,33,69,69,69,69,66,66,61,53,6,42,0],"items_purged":["Strike_G","Strike_G"],"gold":6,"score":488,"play_id":"976e162d-6fe7-41a0-a45f-7dbceef103f4","local_time":"20180323201128","is_prod":false,"is_daily":false,"is_ascension_mode":true,"campfire_upgraded":2,"timestamp":1521832288,"path_taken":["M","$","M","M","?","E","?","M","T","?","M","M","R","E","R","BOSS","M","M","$","?","M","R","?","R","T","M","R","E","?","M","R","BOSS"],"build_version":"2018-03-22","purchased_purges":2,"victory":false,"master_deck":["Defend_G","Defend_G","Defend_G+1","Defend_G","Defend_G","Strike_G","Strike_G","Survivor","Neutralize+1","AscendersBane","Poisoned Stab","Dagger Throw","Backflip","Sucker Punch","Cloak And Dagger+1","Deflect","Venomology","Poisoned Stab","Escape Plan","Noxious Fumes+1","Quick Slash","After Image","Slice","Sucker Punch","Flash of Steel","After Image","Accuracy","Escape Plan","Terror","Malaise","Blade Dance"],"max_hp_per_floor":[66,66,66,66,66,73,73,73,73,73,73,73,73,73,73,73,73,73,73,73,73,73,73,73,73,73,73,73,73,73,73,73,73],"relics":["Ring of the Snake","Strawberry","Regal Pillow","Odd Mushroom","War Paint","Ectoplasm","Sundial","Du-Vu Doll"],"card_choices":[{"not_picked":["Underhanded Strike","PiercingWail"],"picked":"Poisoned Stab","floor":1},{"not_picked":["Deadly Poison","Underhanded Strike"],"picked":"Cloak And Dagger","floor":3},{"not_picked":["Accuracy","Finisher"],"picked":"Deflect","floor":4},{"not_picked":["Distraction","Catalyst"],"picked":"Venomology","floor":6},{"not_picked":["Concentrate","Outmaneuver"],"picked":"Poisoned Stab","floor":8},{"not_picked":["Deflect","Reflex"],"picked":"Escape Plan","floor":10},{"not_picked":["Leg Sweep","PiercingWail"],"picked":"Noxious Fumes","floor":11},{"not_picked":["Caltrops","Dodge and Roll"],"picked":"Quick Slash","floor":14},{"not_picked":["Grand Finale","Tools of the Trade"],"picked":"After Image","floor":16},{"not_picked":["Outmaneuver","Escape Plan"],"picked":"Slice","floor":18},{"not_picked":["Underhanded Strike","Escape Plan"],"picked":"Sucker Punch","floor":19},{"not_picked":["Acrobatics","Riddle With Holes"],"picked":"Accuracy","floor":22},{"not_picked":["Underhanded Strike","PiercingWail"],"picked":"Escape Plan","floor":27},{"not_picked":["Backstab","Dagger Throw"],"picked":"Terror","floor":29},{"not_picked":["Choke","Bane"],"picked":"Malaise","floor":30},{"not_picked":["Underhanded Strike","Slice"],"picked":"Blade Dance","floor":31}],"player_experience":846545,"potions_floor_usage":[6,6,8,12,14,16,16,16,27,27,29,29,29,29,33,33],"damage_taken":[{"damage":0,"enemies":"Cultist","floor":1,"turns":5},{"damage":4,"enemies":"Small Slimes","floor":3,"turns":3},{"damage":1,"enemies":"Jaw Worm","floor":4,"turns":4},{"damage":33,"enemies":"Lagavulin","floor":6,"turns":7},{"damage":1,"enemies":"Red Slaver","floor":8,"turns":6},{"damage":20,"enemies":"The Mushroom Lair","floor":10,"turns":7},{"damage":0,"enemies":"2 Fungi Beasts","floor":11,"turns":4},{"damage":1,"enemies":"3 Louse","floor":12,"turns":4},{"damage":46,"enemies":"Gremlin Nob","floor":14,"turns":5},{"damage":48,"enemies":"The Guardian","floor":16,"turns":11},{"damage":13,"enemies":"2 Thieves","floor":18,"turns":4},{"damage":5,"enemies":"Shell Parasite","floor":19,"turns":7},{"damage":4,"enemies":"Centurion and Healer","floor":22,"turns":9},{"damage":3,"enemies":"Sentry and Sphere","floor":27,"turns":7},{"damage":5,"enemies":"Book of Stabbing","floor":29,"turns":6},{"damage":8,"enemies":"Snecko","floor":30,"turns":5},{"damage":47,"enemies":"3 Cultists","floor":31,"turns":8},{"damage":47,"enemies":"Collector","floor":33,"turns":7}],"event_choices":[{"event_name":"The Lab","player_choice":"Got Potions","floor":5,"damage_taken":0},{"event_name":"Golden Wing","player_choice":"Card Removal","floor":7,"damage_taken":0},{"event_name":"Mushrooms","player_choice":"Fought Mushrooms","floor":10,"damage_taken":0},{"event_name":"Duplicator","player_choice":"One dupe","floor":21,"damage_taken":0}],"boss_relics":[{"not_picked":["Black Star","Lizard Tail"],"picked":"Ectoplasm"}],"potions_floor_spawned":[1,4,11,12,27,30,31],"seed_played":"-678842191530504129","killed_by":"Collector","ascension_level":15,"is_trial":false}