{"path_per_floor":["M","$","?","?","M","R","E","R","T","R","E","M","M","$","R","B",null,"M","$","M","?"],"character_chosen":"THE_SILENT","items_purchased":["Noxious Fumes","War Paint","PiercingWail"],"gold_per_floor":[110,30,30,30,40,40,71,71,71,71,105,124,136,11,11,90,90,103,1,13,13,13],"floor_reached":22,"campfire_rested":0,"playtime":726,"current_hp_per_floor":[59,59,59,59,59,59,59,59,59,59,48,48,43,43,43,4,51,19,19,13,13,0],"items_purged":["Strike_G"],"gold":13,"score":380,"play_id":"8927cbf4-9683-4586-9666-86eb8a392d32","local_time":"20180326215107","is_prod":false,"is_daily":false,"is_ascension_mode":true,"campfire_upgraded":4,"timestamp":1522093867,"path_taken":["M","$","?","?","M","R","E","R","T","R","E","M","M","$","R","BOSS","M","$","M","?","M"],"build_version":"2018-03-25","purchased_purges":1,"victory":false,"master_deck":["Defend_G+1","Defend_G","Defend_G","Defend_G+1","Defend_G","Strike_G","Strike_G","Strike_G","Strike_G","Survivor","Neutralize+1","AscendersBane","Flechettes+1","Noxious Fumes+1","Sucker Punch+1","Heel Hook+1","Deflect","Flying Knee","Distraction+1","Bane","Die Die Die","Skewer+1","PiercingWail","Poisoned Stab+1"],"max_hp_per_floor":[66,66,66,66,66,66,66,66,66,66,66,66,66,66,66,66,66,66,66,66,66,66],"relics":["Ring of the Snake","NeowsBlessing","Prayer Wheel","Snake Skull","The Courier","War Paint","The Specimen"],"card_choices":[{"not_picked":["Crippling Poison","Deadly Poison"],"picked":"Flechettes","floor":1},{"not_picked":["Deadly Poison","PiercingWail"],"picked":"Sucker Punch","floor":5},{"not_picked":["Blur","Infinite Blades"],"picked":"Heel Hook","floor":7},{"not_picked":["Outmaneuver","Blur"],"picked":"Deflect","floor":9},{"not_picked":["Blade Dance","Poisoned Stab"],"picked":"Flying Knee","floor":11},{"not_picked":["Deflect","Crippling Poison"],"picked":"Distraction","floor":12},{"not_picked":["Sucker Punch","Malaise"],"picked":"Bane","floor":13},{"not_picked":["Corpse Explosion","Venomology"],"picked":"Die Die Die","floor":16},{"not_picked":["Bane","Finisher"],"picked":"Skewer","floor":18},{"not_picked":["Flechettes","Dagger Spray"],"picked":"Poisoned Stab","floor":20}],"player_experience":868977,"potions_floor_usage":[11,13,16,16,22],"damage_taken":[{"damage":0,"enemies":"2 Louse","floor":1,"turns":1},{"damage":0,"enemies":"Cultist","floor":5,"turns":1},{"damage":0,"enemies":"Gremlin Nob","floor":7,"turns":1},{"damage":11,"enemies":"Lagavulin","floor":11,"turns":5},{"damage":0,"enemies":"Jaw Worm","floor":12,"turns":3},{"damage":5,"enemies":"3 Louse","floor":13,"turns":3},{"damage":39,"enemies":"Slime Boss","floor":16,"turns":10},{"damage":32,"enemies":"Spheric Guardian","floor":18,"turns":6},{"damage":6,"enemies":"2 Thieves","floor":20,"turns":4},{"damage":14,"enemies":"Snake Plant","floor":22,"turns":2}],"event_choices":[{"event_name":"Upgrade Shrine","player_choice":"Upgraded","floor":3,"damage_taken":0},{"event_name":"Living Wall","player_choice":"Grow","floor":4,"damage_taken":0},{"event_name":"Drug Dealer","player_choice":"Ignored","floor":21,"damage_taken":0}],"boss_relics":[{"not_picked":["Velvet Choker","Lizard Tail"],"picked":"The Specimen"}],"potions_floor_spawned":[1,5,12,13,16],"seed_played":"-1928250523747870154","killed_by":"Snake Plant","ascension_level":15,"is_trial":false}