{"path_per_floor":["M","M","M","M","$","R","E","?","T","R","E","R","M","M","R"],"character_chosen":"THE_SILENT","items_purchased":["Anchor"],"gold_per_floor":[117,127,137,157,9,9,37,37,37,37,71,71,85,101,101,101],"floor_reached":16,"campfire_rested":2,"playtime":1031,"current_hp_per_floor":[59,56,56,45,45,45,21,1,1,20,9,28,28,28,28,0],"items_purged":[],"gold":101,"score":196,"play_id":"5110e0fb-70e4-4fc6-9948-bef80d723b16","local_time":"20180414150813","is_prod":false,"is_daily":false,"chose_seed":false,"is_ascension_mode":true,"campfire_upgraded":2,"timestamp":1523711293,"path_taken":["M","M","M","M","$","R","E","?","T","R","E","R","M","M","R","BOSS"],"build_version":"2018-04-13","seed_source_timestamp":24132069437410,"purchased_purges":0,"victory":false,"master_deck":["Defend_G","Defend_G","Defend_G","Defend_G","Defend_G","Strike_G","Strike_G","Strike_G+1","Strike_G","Strike_G","Survivor","Neutralize+1","AscendersBane","PiercingWail","Finisher+1","Slice","Slice","All Out Attack","Die Die Die","Sucker Punch+1","Footwork"],"max_hp_per_floor":[66,66,66,66,66,66,66,66,66,66,66,66,66,66,66,66],"relics":["Ring of the Snake","Anchor","Omamori","Prayer Wheel","Matryoshka"],"card_choices":[{"not_picked":["Infinite Blades","Deadly Poison"],"picked":"PiercingWail","floor":1},{"not_picked":["Outmaneuver","Masterful Stab"],"picked":"Finisher","floor":2},{"not_picked":["Acrobatics","Dodge and Roll"],"picked":"Slice","floor":3},{"not_picked":["Finisher","Predator"],"picked":"Slice","floor":4},{"not_picked":["Predator","Endless Agony"],"picked":"All Out Attack","floor":7},{"not_picked":["Distraction","Underhanded Strike"],"picked":"Die Die Die","floor":11},{"not_picked":["Slice","Deflect"],"picked":"Sucker Punch","floor":13},{"not_picked":["Eviscerate","Deadly Poison"],"picked":"Footwork","floor":14}],"player_experience":907634,"potions_floor_usage":[4,7,16],"damage_taken":[{"damage":0,"enemies":"Small Slimes","floor":1,"turns":4},{"damage":3,"enemies":"Jaw Worm","floor":2,"turns":5},{"damage":0,"enemies":"2 Louse","floor":3,"turns":2},{"damage":11,"enemies":"Exordium Wildlife","floor":4,"turns":7},{"damage":24,"enemies":"Lagavulin","floor":7,"turns":7},{"damage":11,"enemies":"3 Sentries","floor":11,"turns":8},{"damage":0,"enemies":"Large Slime","floor":13,"turns":4},{"damage":0,"enemies":"3 Louse","floor":14,"turns":2},{"damage":28,"enemies":"Hexaghost","floor":16,"turns":12}],"event_choices":[{"event_name":"Shining Light","player_choice":"Entered Light","floor":8,"damage_taken":0}],"boss_relics":[],"potions_floor_spawned":[1,3,4,11,14],"seed_played":"-3850365281739123223","killed_by":"Hexaghost","ascension_level":15,"is_trial":false}