{"path_per_floor":["M","?","?","M","M","R","E","M","T","M","R","M","E","M","R"],"character_chosen":"THE_SILENT","items_purchased":[],"gold_per_floor":[115,191,191,203,220,220,248,260,343,360,360,377,407,426,426,426],"floor_reached":16,"campfire_rested":2,"playtime":777,"current_hp_per_floor":[59,59,59,59,53,53,33,26,26,15,34,33,22,2,21,0],"items_purged":[],"gold":426,"score":200,"play_id":"226f1810-c016-4cdc-a73c-713d362a889e","local_time":"20180418213837","is_prod":false,"is_daily":false,"chose_seed":false,"is_ascension_mode":true,"campfire_upgraded":1,"timestamp":1524080317,"path_taken":["M","?","?","M","M","R","E","M","T","M","R","M","E","M","R","BOSS"],"build_version":"2018-04-17","seed_source_timestamp":4862270400292,"purchased_purges":0,"victory":false,"master_deck":["Defend_G","Defend_G","Defend_G","Defend_G","Defend_G","Strike_G","Strike_G","Strike_G","Strike_G","Strike_G","Survivor","Neutralize+1","AscendersBane","Underhanded Strike","Decay","Noxious Fumes","Cloak And Dagger+1","Cloak And Dagger","Well Laid Plans","Backflip","Accuracy","Heel Hook","Dagger Spray"],"max_hp_per_floor":[66,66,66,66,66,66,66,66,66,66,66,66,66,66,66,66],"relics":["Ring of the Snake","Omamori","Tiny Chest","Ice Cream"],"card_choices":[{"not_picked":["Outmaneuver","Setup"],"picked":"Underhanded Strike","floor":1},{"not_picked":["Riddle With Holes","Catalyst"],"picked":"Noxious Fumes","floor":4},{"not_picked":["Prepared","Blade Dance"],"picked":"Cloak And Dagger","floor":5},{"not_picked":["Slice","Underhanded Strike"],"picked":"Cloak And Dagger","floor":7},{"not_picked":["Underhanded Strike","Riddle With Holes"],"picked":"Well Laid Plans","floor":8},{"not_picked":["Acrobatics","Cloak And Dagger"],"picked":"Backflip","floor":10},{"not_picked":["Underhanded Strike","Acrobatics"],"picked":"Accuracy","floor":12},{"not_picked":["Underhanded Strike","Riddle With Holes"],"picked":"Heel Hook","floor":13},{"not_picked":["Poisoned Stab","Dodge and Roll"],"picked":"Dagger Spray","floor":14}],"player_experience":919559,"potions_floor_usage":[7,13,13],"damage_taken":[{"damage":0,"enemies":"2 Louse","floor":1,"turns":3},{"damage":0,"enemies":"Small Slimes","floor":4,"turns":4},{"damage":6,"enemies":"Cultist","floor":5,"turns":4},{"damage":20,"enemies":"Lagavulin","floor":7,"turns":7},{"damage":7,"enemies":"Large Slime","floor":8,"turns":7},{"damage":11,"enemies":"Gremlin Gang","floor":10,"turns":6},{"damage":1,"enemies":"Blue Slaver","floor":12,"turns":4},{"damage":11,"enemies":"Gremlin Nob","floor":13,"turns":4},{"damage":20,"enemies":"Red Slaver","floor":14,"turns":6},{"damage":21,"enemies":"Hexaghost","floor":16,"turns":10}],"event_choices":[{"event_name":"Golden Wing","player_choice":"Gained Gold","floor":2,"damage_taken":0},{"event_name":"Wheel of Change","player_choice":"Curse","floor":3,"damage_taken":0}],"boss_relics":[],"potions_floor_spawned":[4,8,10,12,14],"seed_played":"-4778212638103759895","killed_by":"Hexaghost","ascension_level":15,"is_trial":false}