{"path_per_floor":["M","M","M","M","$","M","R","M","T","R","?","M","E","M","R","B",null,"M","M","$","?","M","R","$","R","T","M"],"character_chosen":"THE_SILENT","items_purchased":["Dagger Throw","Underhanded Strike","Prepared","Skewer","Deflect","Footwork"],"gold_per_floor":[109,121,131,146,23,36,36,54,106,106,106,121,154,167,167,241,271,282,300,186,186,199,199,76,76,130,144,144],"floor_reached":28,"campfire_rested":0,"playtime":1246,"current_hp_per_floor":[57,57,56,56,56,56,56,56,63,63,63,58,54,54,54,38,65,60,60,60,60,37,37,37,37,37,19,0],"items_purged":["Strike_G"],"gold":144,"score":417,"play_id":"098d0f79-825b-4cb0-9308-f2c1c6cc14b8","local_time":"20180418215936","is_prod":false,"is_daily":false,"chose_seed":false,"is_ascension_mode":true,"campfire_upgraded":5,"timestamp":1524081576,"path_taken":["M","M","M","M","$","M","R","M","T","R","?","M","E","M","R","BOSS","M","M","$","?","M","R","$","R","T","M","?"],"build_version":"2018-04-17","seed_source_timestamp":5655486300347,"purchased_purges":1,"victory":false,"master_deck":["Defend_G","Defend_G","Defend_G+1","Defend_G","Defend_G","Strike_G","Strike_G","Strike_G","Strike_G","Survivor","Neutralize+1","AscendersBane","Dagger Throw","Cloak And Dagger+1","Cloak And Dagger+1","Backstab","Dagger Throw","Underhanded Strike","Prepared+1","Quick Slash","Flying Knee","Dagger Spray","Dagger Throw","Slice","Die Die Die","Cloak And Dagger","Finisher","Finisher","Skewer","Terror+1","Neutralize","Slice","Deflect","Footwork+1","Finisher+1"],"max_hp_per_floor":[60,60,60,60,60,60,60,60,67,67,67,67,67,67,67,67,72,72,72,72,72,72,72,72,72,72,72,72],"relics":["Ring of the Snake","Ice Cream","Strawberry","Unceasing Top","Tiny House","Tiny Chest"],"card_choices":[{"not_picked":["Outmaneuver","Underhanded Strike"],"picked":"Dagger Throw","floor":1},{"not_picked":["Dodge and Roll","Poisoned Stab"],"picked":"Cloak And Dagger","floor":2},{"not_picked":["Expertise","Eviscerate"],"picked":"Cloak And Dagger","floor":3},{"not_picked":["Catalyst","Choke"],"picked":"Backstab","floor":4},{"not_picked":["Concentrate","Prepared"],"picked":"Quick Slash","floor":6},{"not_picked":["Bane","Crippling Poison"],"picked":"Flying Knee","floor":8},{"not_picked":["Quick Slash","Cloak And Dagger"],"picked":"Dagger Spray","floor":12},{"not_picked":["Outmaneuver","Accuracy"],"picked":"Dagger Throw","floor":13},{"not_picked":["Doppelganger","Outmaneuver"],"picked":"Slice","floor":14},{"not_picked":["Burst","Envenom"],"picked":"Die Die Die","floor":16},{"not_picked":["Blur","Accuracy"],"picked":"Cloak And Dagger","floor":17},{"not_picked":["Flechettes","Deflect"],"picked":"Finisher","floor":18},{"not_picked":["Eviscerate","Sucker Punch"],"picked":"Finisher","floor":19},{"not_picked":["Prepared","Endless Agony"],"picked":"Slice","floor":22},{"not_picked":["Poisoned Stab","Backflip"],"picked":"Finisher","floor":27}],"player_experience":920336,"potions_floor_usage":[4,8,13,18,22],"damage_taken":[{"damage":2,"enemies":"2 Louse","floor":1,"turns":4},{"damage":0,"enemies":"Cultist","floor":2,"turns":4},{"damage":1,"enemies":"Jaw Worm","floor":3,"turns":5},{"damage":0,"enemies":"Gremlin Gang","floor":4,"turns":4},{"damage":0,"enemies":"Looter","floor":6,"turns":3},{"damage":0,"enemies":"Red Slaver","floor":8,"turns":1},{"damage":5,"enemies":"Large Slime","floor":12,"turns":5},{"damage":4,"enemies":"3 Sentries","floor":13,"turns":7},{"damage":0,"enemies":"3 Louse","floor":14,"turns":2},{"damage":16,"enemies":"Slime Boss","floor":16,"turns":9},{"damage":5,"enemies":"Chosen","floor":18,"turns":4},{"damage":0,"enemies":"Spheric Guardian","floor":19,"turns":2},{"damage":23,"enemies":"Cultist and Chosen","floor":22,"turns":6},{"damage":18,"enemies":"Chosen and Byrds","floor":27,"turns":5},{"damage":23,"enemies":"Centurion and Healer","floor":28,"turns":2}],"event_choices":[{"event_name":"Accursed Blacksmith","player_choice":"Forge","floor":11,"damage_taken":0},{"event_name":"Match and Keep!","player_choice":"2 cards matched","floor":21,"damage_taken":0}],"boss_relics":[{"not_picked":["Calling Bell","Black Star"],"picked":"Tiny House"}],"potions_floor_spawned":[2,3,12,16,19],"seed_played":"-846661250151697880","killed_by":"Centurion and Healer","ascension_level":15,"is_trial":false}