{"path_per_floor":["M","?","M","$","?","E","R","M","T","$","M","E","R","?","R","B",null,"M","?","T","$","M","R","M","R","T","E","$","M","?","E","R","B",null,"M","?","?","M","M","R"],"character_chosen":"IRONCLAD","items_purchased":["Metallicize","Thunderclap","Happy Flower"],"gold_per_floor":[118,118,131,62,62,94,94,108,135,7,25,51,51,81,81,177,177,197,197,197,47,65,65,80,80,80,110,10,25,25,60,60,161,161,178,178,178,196,211,211],"floor_reached":41,"campfire_rested":2,"playtime":2710,"current_hp_per_floor":[80,80,80,80,80,69,69,68,68,68,71,68,68,74,74,68,80,64,80,80,80,53,53,43,43,43,21,21,17,17,45,69,21,80,80,80,70,76,45,69],"items_purged":["Strike_R","Strike_R"],"gold":211,"score":464,"play_id":"3eff7208-1184-4d28-bb6d-bf4e9d1db1a9","is_prod":false,"is_daily":false,"is_ascension_mode":true,"campfire_upgraded":5,"path_taken":["M","?","M","$","?","E","R","?","T","?","M","E","R","?","R","BOSS","M","?","?","$","?","R","M","R","T","E","$","M","?","E","R","BOSS","M","?","?","M","M","R","E"],"build_version":"2018-02-15-PROD1","purchased_purges":2,"victory":false,"master_deck":["Strike_R","Strike_R","Defend_R","Defend_R","Bash","Searing Blow+4","Iron Wave","Metallicize","Whirlwind+1","Double Tap+1","Thunderclap","Pommel Strike","Reaper","Flex+1","Iron Wave","Flame Barrier+1","Feed","Spot Weakness+1","Madness+1","Madness+1","Pummel+1"],"max_hp_per_floor":[80,80,80,80,80,80,80,80,80,80,80,80,80,80,80,80,80,80,80,80,80,80,80,80,80,80,80,80,80,80,80,80,80,80,80,80,80,80,80,80],"relics":["Black Blood","Toxic Egg 2","Omamori","Anchor","Odd Mushroom","Runic Pyramid","Bottled Tornado","Happy Flower","Bottled Flame","Darkstone Periapt","Blood Vial"],"card_choices":[{"not_picked":["Reckless Charge","Rupture"],"picked":"Iron Wave"},{"not_picked":["Thunderclap","Cleave"],"picked":"Whirlwind"},{"not_picked":["Bloodletting","Heavy Blade"],"picked":"Double Tap"},{"not_picked":["Thunderclap","Body Slam"],"picked":"Pommel Strike"},{"not_picked":["Brutality","Barricade"],"picked":"Reaper"},{"not_picked":["Clothesline","Body Slam"],"picked":"Flex"},{"not_picked":["Cleave","Heavy Blade"],"picked":"Iron Wave"},{"not_picked":["Havoc","Battle Trance"],"picked":"Flame Barrier"},{"not_picked":["Berserk","Exhume"],"picked":"Feed"},{"not_picked":["Body Slam","Clash"],"picked":"Spot Weakness"},{"not_picked":["Feel No Pain","Corruption"],"picked":"Pummel"}],"player_experience":77819,"potions_floor_usage":[16,24,27,31],"damage_taken":[{"damage":3,"enemies":"Small Slimes","floor":1,"turns":5},{"damage":6,"enemies":"Cultist","floor":3,"turns":3},{"damage":17,"enemies":"Gremlin Nob","floor":6,"turns":5},{"damage":7,"enemies":"Jaw Worm","floor":8,"turns":3},{"damage":3,"enemies":"Exordium Thugs","floor":11,"turns":3},{"damage":9,"enemies":"3 Sentries","floor":12,"turns":3},{"damage":0,"enemies":"The Mushroom Lair","floor":14,"turns":2},{"damage":12,"enemies":"Slime Boss","floor":16,"turns":7},{"damage":30,"enemies":"Spheric Guardian","floor":18,"turns":5},{"damage":42,"enemies":"Shell Parasite","floor":22,"turns":8},{"damage":22,"enemies":"Snake Plant","floor":24,"turns":3},{"damage":28,"enemies":"Book of Stabbing","floor":27,"turns":5},{"damage":18,"enemies":"Snecko","floor":29,"turns":6},{"damage":6,"enemies":"Gremlin Leader","floor":31,"turns":6},{"damage":74,"enemies":"Collector","floor":33,"turns":11},{"damage":20,"enemies":"3 Darklings","floor":35,"turns":5},{"damage":6,"enemies":"Orb Walker","floor":38,"turns":2},{"damage":58,"enemies":"Sphere and 2 Shapes","floor":39,"turns":7},{"damage":89,"enemies":"Giant Head","floor":41,"turns":6}],"event_choices":[{"event_name":"Living Wall","player_choice":"Change","floor":2,"damage_taken":0},{"event_name":"Purifier","player_choice":"One Purge","floor":5,"damage_taken":0},{"event_name":"Mushrooms","player_choice":"Fought Mushrooms","floor":14,"damage_taken":0},{"event_name":"The Library","player_choice":"Heal","floor":19,"damage_taken":0},{"event_name":"Vampires","player_choice":"Ignored","floor":30,"damage_taken":0},{"event_name":"Tomb of Lord Red Mask","player_choice":"Ignored","floor":36,"damage_taken":0},{"event_name":"Winding Halls","player_choice":"Embrace Madness","floor":37,"damage_taken":0}],"boss_relics":[{"not_picked":["Runic Dome","Eternal Feather"],"picked":"Runic Pyramid"},{"not_picked":["Tiny House","Snecko Eye"],"picked":"Black Blood"}],"potions_floor_spawned":[1,12,22,29,33,35],"seed_played":"5623358392831311865","killed_by":"Giant Head","ascension_level":4,"is_trial":false}