{"path_per_floor":["M","?","M","?","M","R","$","M","T","M","E","M","?","E","R","B",null,"M","M","$","?","M","R","?","$","T","M","R","?","M","?","R","B",null,"M","$","M","M","M","R","M","?","T","M","M","?","R","$","R","B"],"character_chosen":"IRONCLAD","items_purchased":["Flex","Flex","Self Forming Clay","Heavy Blade"],"gold_per_floor":[116,291,311,311,325,325,225,241,267,283,318,328,358,383,383,484,484,503,521,126,126,143,143,143,18,18,34,34,34,53,53,53,157,157,170,20,36,50,64,64,76,76,102,120,130,130,130,85,85,85],"floor_reached":51,"campfire_rested":3,"playtime":3227,"current_hp_per_floor":[80,80,80,64,60,60,60,66,66,74,58,63,56,36,60,53,80,33,27,27,27,18,42,42,42,42,35,59,59,64,64,64,9,80,80,80,78,72,52,52,64,64,64,80,68,68,68,68,68,50],"items_purged":["Doubt","Defend_R","Bite","Defend_R"],"gold":85,"score":610,"play_id":"5fe0205c-e37c-4b46-bc52-b29cfc2d0dcd","is_prod":false,"is_daily":false,"is_ascension_mode":true,"campfire_upgraded":5,"path_taken":["M","?","M","?","M","R","$","M","T","M","E","M","?","E","R","BOSS","M","M","$","?","M","R","?","$","T","?","R","?","M","?","R","BOSS","M","$","M","?","M","R","M","?","T","M","M","?","R","?","R","BOSS"],"build_version":"2018-02-15-PROD1","purchased_purges":4,"victory":true,"master_deck":["Defend_R","Defend_R+1","Bash+1","Limit Break+1","Inflame+1","Shrug It Off+1","Flex+1","Reaper","Limit Break+1","Shrug It Off+1","Flex","Bite","Bite","Bite","Bite","Thunderclap+1","Heavy Blade+1"],"max_hp_per_floor":[80,80,80,80,80,80,80,80,80,80,80,80,80,80,80,80,80,80,80,80,80,80,80,80,80,80,80,80,80,80,80,80,80,80,80,80,80,80,80,80,80,80,80,80,80,80,80,80,80,80],"relics":["Burning Blood","Ancient Tea Set","Tiny Chest","Bag of Preparation","Lizard Tail","Nloth\u0027s Gift","Vajra","Velvet Choker","Prayer Wheel"],"card_choices":[{"not_picked":["Rage","Limit Break"],"picked":"Inflame"},{"not_picked":["Havoc","Clash"],"picked":"Shrug It Off"},{"not_picked":["Cleave","Clothesline"],"picked":"Reaper"},{"not_picked":["Berserk","Dark Embrace"],"picked":"Limit Break"},{"not_picked":["Shockwave","Rampage"],"picked":"Shrug It Off"},{"not_picked":["Berserk","Limit Break"],"picked":"Brutality"},{"not_picked":["Sentinel","Searing Blow"],"picked":"Thunderclap"}],"player_experience":64089,"potions_floor_usage":[8,11,11,11,27,33,33,41,50],"damage_taken":[{"damage":5,"enemies":"Small Slimes","floor":1,"turns":3},{"damage":0,"enemies":"2 Louse","floor":3,"turns":4},{"damage":10,"enemies":"Cultist","floor":5,"turns":5},{"damage":0,"enemies":"3 Louse","floor":8,"turns":4},{"damage":0,"enemies":"Large Slime","floor":10,"turns":4},{"damage":24,"enemies":"Lagavulin","floor":11,"turns":6},{"damage":3,"enemies":"Blue Slaver","floor":12,"turns":4},{"damage":28,"enemies":"3 Sentries","floor":14,"turns":8},{"damage":31,"enemies":"The Guardian","floor":16,"turns":9},{"damage":70,"enemies":"3 Byrds","floor":18,"turns":7},{"damage":14,"enemies":"Chosen","floor":19,"turns":6},{"damage":48,"enemies":"Centurion and Healer","floor":22,"turns":9},{"damage":32,"enemies":"Snecko","floor":27,"turns":5},{"damage":15,"enemies":"Cultist and Chosen","floor":30,"turns":6},{"damage":90,"enemies":"Automaton","floor":33,"turns":7},{"damage":29,"enemies":"3 Darklings","floor":35,"turns":5},{"damage":41,"enemies":"3 Shapes","floor":37,"turns":4},{"damage":21,"enemies":"Maw","floor":38,"turns":6},{"damage":64,"enemies":"Sphere and 2 Shapes","floor":39,"turns":6},{"damage":45,"enemies":"3 Darklings","floor":41,"turns":4},{"damage":5,"enemies":"Maw","floor":44,"turns":4},{"damage":27,"enemies":"Sphere and 2 Shapes","floor":45,"turns":3},{"damage":108,"enemies":"Donu and Deca","floor":50,"turns":7}],"event_choices":[{"event_name":"Liars Game","player_choice":"agreed","floor":2,"damage_taken":0},{"event_name":"Shining Light","player_choice":"Entered Light","floor":4,"damage_taken":0},{"event_name":"Scrap Ooze","player_choice":"success","floor":13,"damage_taken":7},{"event_name":"Vampires","player_choice":"Became a vampire (Vial)","floor":21,"damage_taken":0},{"event_name":"N\u0027loth","player_choice":"Traded a Self Forming Clay","floor":24,"damage_taken":0},{"event_name":"Upgrade Shrine","player_choice":"Upgraded","floor":29,"damage_taken":0},{"event_name":"Cursed Tome","player_choice":"Ignored","floor":31,"damage_taken":0},{"event_name":"Mysterious Sphere","player_choice":"Ignore","floor":46,"damage_taken":0}],"boss_relics":[{"not_picked":["Black Star","Snecko Eye"],"picked":"Lizard Tail"},{"not_picked":["Eternal Feather","Runic Dome"],"picked":"Velvet Choker"}],"potions_floor_spawned":[1,3,5,10,16,22,30,39,41],"seed_played":"2122050574769737756","ascension_level":3,"is_trial":false}