{"path_per_floor":["M","M","?","M","$","E","R","M","T","M","$","R","E","M","R","B",null,"M","$","?","?","M","R","E","M","T","R","M","?","R","M","R","B",null,"M","M","?","?","?","R","?","$","T","M"],"character_chosen":"IRONCLAD","items_purchased":["Impervious","Shrug It Off","Bottled Lightning","Flex"],"gold_per_floor":[119,131,306,326,179,212,212,229,229,242,97,97,122,141,141,243,243,254,5,5,5,20,20,47,58,58,58,72,72,72,86,86,191,191,207,218,218,218,218,218,271,93,120,131],"floor_reached":45,"campfire_rested":3,"playtime":2634,"current_hp_per_floor":[80,80,80,80,80,64,64,59,59,65,65,65,47,45,69,47,80,77,77,77,77,59,59,32,34,34,34,28,28,52,45,69,56,80,61,61,80,80,80,80,37,37,37,29],"items_purged":["Strike_R","Defend_R","Writhe"],"gold":131,"score":444,"play_id":"490f49c8-0956-445e-9c0d-a6097b386fec","is_prod":false,"is_daily":false,"is_ascension_mode":false,"campfire_upgraded":5,"path_taken":["M","M","?","?","$","E","R","M","T","M","$","R","E","M","R","BOSS","M","$","?","?","M","R","E","M","T","R","M","?","R","M","R","BOSS","M","M","?","?","?","R","?","$","T","M","E"],"build_version":"2018-02-15-PROD1","purchased_purges":3,"victory":false,"master_deck":["Strike_R","Strike_R","Defend_R","Defend_R","Bash","Pommel Strike+1","Headbutt","Impervious","Spot Weakness","Thunderclap","Shrug It Off+1","Shrug It Off+1","Limit Break+1","Sever Soul+1","Offering+1","Rampage+1","Heavy Blade+1","Spot Weakness","Double Tap+1","Heavy Blade","Shrug It Off+1","Flex","Shrug It Off+1"],"max_hp_per_floor":[80,80,80,80,80,80,80,80,80,80,80,80,80,80,80,80,80,80,80,80,80,80,80,80,80,80,80,80,80,80,80,80,80,80,80,80,80,80,80,80,80,80,80,80],"relics":["Black Blood","Omamori","Lantern","Kunai","Letter Opener","Astrolabe","Bottled Lightning","Prayer Wheel","Bird Faced Urn","Charon\u0027s Ashes","Happy Flower"],"card_choices":[{"not_picked":["Warcry","Fire Breathing"],"picked":"Pommel Strike"},{"not_picked":["Rampage","Warcry"],"picked":"Headbutt"},{"not_picked":["Anger","Wild Strike"],"picked":"Spot Weakness"},{"not_picked":["Disarm","Pommel Strike"],"picked":"Thunderclap"},{"not_picked":["Bludgeon","Wild Strike"],"picked":"Shrug It Off"},{"not_picked":["Double Tap","Brutality"],"picked":"Limit Break"},{"not_picked":["Warcry","Rupture"],"picked":"Heavy Blade"},{"not_picked":["Rage","Sword Boomerang"],"picked":"Spot Weakness"},{"not_picked":["Immolate","Fiend Fire"],"picked":"Double Tap"},{"not_picked":["Evolve","Searing Blow"],"picked":"Heavy Blade"},{"not_picked":["Body Slam","Sword Boomerang"],"picked":"Shrug It Off"},{"not_picked":["Second Wind","Evolve"],"picked":"Shrug It Off"}],"player_experience":20304,"potions_floor_usage":[13,14,16,16,16,24,33,35,45],"damage_taken":[{"damage":0,"enemies":"Small Slimes","floor":1,"turns":3},{"damage":1,"enemies":"Jaw Worm","floor":2,"turns":3},{"damage":0,"enemies":"Cultist","floor":4,"turns":2},{"damage":22,"enemies":"Gremlin Nob","floor":6,"turns":5},{"damage":11,"enemies":"Exordium Wildlife","floor":8,"turns":5},{"damage":0,"enemies":"Large Slime","floor":10,"turns":4},{"damage":24,"enemies":"3 Sentries","floor":13,"turns":5},{"damage":8,"enemies":"Lots of Slimes","floor":14,"turns":3},{"damage":49,"enemies":"Hexaghost","floor":16,"turns":11},{"damage":9,"enemies":"3 Byrds","floor":18,"turns":3},{"damage":24,"enemies":"Spheric Guardian","floor":22,"turns":4},{"damage":39,"enemies":"Slavers","floor":24,"turns":3},{"damage":4,"enemies":"Chosen and Byrds","floor":25,"turns":3},{"damage":12,"enemies":"Slaver and Parasite","floor":28,"turns":4},{"damage":13,"enemies":"Centurion and Healer","floor":31,"turns":2},{"damage":19,"enemies":"Champ","floor":33,"turns":6},{"damage":29,"enemies":"3 Shapes","floor":35,"turns":6},{"damage":10,"enemies":"Orb Walker","floor":36,"turns":3},{"damage":53,"enemies":"Mysterious Sphere","floor":41,"turns":5},{"damage":18,"enemies":"4 Shapes","floor":44,"turns":7},{"damage":55,"enemies":"Giant Head","floor":45,"turns":6}],"event_choices":[{"event_name":"Liars Game","player_choice":"agreed","floor":3,"damage_taken":0},{"event_name":"Forgotten Altar","player_choice":"Smashed Altar","floor":20,"damage_taken":0},{"event_name":"Beggar","player_choice":"Ignored","floor":21,"damage_taken":0},{"event_name":"Addict","player_choice":"Ignored","floor":29,"damage_taken":0},{"event_name":"Winding Halls","player_choice":"Writhe","floor":37,"damage_taken":0},{"event_name":"Tomb of Lord Red Mask","player_choice":"Ignored","floor":38,"damage_taken":0},{"event_name":"The Woman in Blue","player_choice":"Bought 0 Potions","floor":39,"damage_taken":0},{"event_name":"Mysterious Sphere","player_choice":"Fight","floor":41,"damage_taken":0}],"boss_relics":[{"not_picked":["Lizard Tail","Ectoplasm"],"picked":"Astrolabe"},{"not_picked":["White Beast Statue","Orrery"],"picked":"Black Blood"}],"potions_floor_spawned":[2,6,10,13,14,18,28,31,41],"seed_played":"8136474901557131638","killed_by":"Giant Head","ascension_level":0,"is_trial":false}