{"path_per_floor":["M","M","$","?","?","E","?","M","T","M","M","M","R","T","R","B",null,"M","$","M","M","M","R"],"character_chosen":"IRONCLAD","items_purchased":["Shrug It Off","Shrug It Off"],"gold_per_floor":[116,134,36,36,36,69,69,92,92,110,130,144,144,144,144,272,272,288,135,160,183,204,204],"floor_reached":24,"campfire_rested":0,"playtime":1357,"current_hp_per_floor":[80,80,80,80,68,74,74,77,77,77,77,79,79,79,79,56,86,77,77,63,59,47,47],"items_purged":["Defend_R","Defend_R"],"gold":204,"score":225,"play_id":"260220ea-fe35-4610-a660-6e04c4cf44f0","is_prod":false,"is_daily":false,"is_ascension_mode":false,"campfire_upgraded":3,"path_taken":["M","M","$","?","?","E","?","M","T","M","M","M","R","?","R","BOSS","M","$","M","M","M","R","E"],"build_version":"2018-02-15-PROD1","purchased_purges":2,"victory":false,"master_deck":["Strike_R","Strike_R","Strike_R","Strike_R","Defend_R","Defend_R","Bash","Perfected Strike+1","Perfected Strike","Shrug It Off","Feed","Flex+1","Thunderclap","Flex+1","Shrug It Off","Heavy Blade","Spot Weakness+1"],"max_hp_per_floor":[80,80,80,80,80,80,74,77,77,77,80,83,83,83,83,86,86,86,86,86,86,89,89],"relics":["Black Blood","NeowsBlessing","Dream Catcher","Meat on the Bone","Golden Idol","Ice Cream","Centennial Puzzle"],"card_choices":[{"not_picked":["Clash","Blood for Blood"],"picked":"Perfected Strike"},{"not_picked":["Twin Strike","Cleave"],"picked":"Perfected Strike"},{"not_picked":["Twin Strike","Clothesline"],"picked":"Feed"},{"not_picked":["Clothesline","Metallicize"],"picked":"Flex"},{"not_picked":["True Grit","Headbutt"],"picked":"Thunderclap"},{"not_picked":["Dual Wield","Uppercut"],"picked":"Flex"},{"not_picked":["Shrug It Off","Armaments"],"picked":"Heavy Blade"},{"not_picked":["Battle Trance","Second Wind"],"picked":"Spot Weakness"}],"player_experience":11096,"potions_floor_usage":[18,20,21,22,24],"damage_taken":[{"damage":0,"enemies":"2 Louse","floor":1,"turns":1},{"damage":0,"enemies":"Jaw Worm","floor":2,"turns":1},{"damage":0,"enemies":"3 Sentries","floor":6,"turns":2},{"damage":0,"enemies":"Cultist","floor":8,"turns":4},{"damage":0,"enemies":"Large Slime","floor":10,"turns":3},{"damage":9,"enemies":"2 Fungi Beasts","floor":11,"turns":3},{"damage":7,"enemies":"Blue Slaver","floor":12,"turns":3},{"damage":32,"enemies":"Slime Boss","floor":16,"turns":9},{"damage":19,"enemies":"Chosen","floor":18,"turns":5},{"damage":24,"enemies":"Shell Parasite","floor":20,"turns":5},{"damage":32,"enemies":"3 Cultists","floor":21,"turns":5},{"damage":37,"enemies":"Snake Plant","floor":22,"turns":3},{"damage":51,"enemies":"Book of Stabbing","floor":24,"turns":4}],"event_choices":[{"event_name":"Living Wall","player_choice":"Forget","floor":4,"damage_taken":0},{"event_name":"Scrap Ooze","player_choice":"success","floor":5,"damage_taken":12},{"event_name":"Golden Idol","player_choice":"Lose Max HP","floor":7,"damage_taken":0}],"boss_relics":[{"not_picked":["Runic Cube","Runic Dome"],"picked":"Black Blood"}],"potions_floor_spawned":[6,12,16,18,21],"seed_played":"-2305858013282052171","killed_by":"Book of Stabbing","ascension_level":0,"is_trial":false}