{"path_per_floor":["M","?","M","$","M","R","E","M","T","R","M","?","$","E","R","B",null,"M","M","?","?","M","R","E","$","T","R","E","$","M","?","R","B",null,"M","?","M","?","$","R","M","R","T","M","M","$","E","M","R","B"],"character_chosen":"IRONCLAD","items_purchased":["Flame Barrier","Heavy Blade","Vajra"],"gold_per_floor":[118,118,131,21,38,38,72,91,91,91,101,130,77,102,102,206,206,217,232,232,232,245,245,273,173,196,196,230,105,123,123,123,220,220,233,233,247,247,102,102,114,114,138,153,173,23,48,63,63,63],"floor_reached":51,"campfire_rested":0,"playtime":3251,"current_hp_per_floor":[80,64,69,69,74,74,73,75,75,75,80,80,80,85,85,63,86,74,79,79,79,67,67,75,75,75,75,86,86,86,86,86,85,86,82,82,78,78,78,78,86,86,86,86,80,80,90,96,96,93],"items_purged":["Defend_R","Strike_R","Inflame","Defend_R"],"gold":63,"score":628,"play_id":"d19923f9-4345-483e-9b96-dff69c3b60a1","is_prod":false,"is_daily":false,"is_ascension_mode":true,"campfire_upgraded":9,"path_taken":["M","?","M","?","M","R","E","M","T","R","M","?","$","E","R","BOSS","M","M","?","?","M","R","E","$","T","R","E","$","M","?","R","BOSS","M","?","M","?","$","R","M","R","T","?","M","$","E","M","R","BOSS"],"build_version":"2018-02-15-PROD1","purchased_purges":4,"victory":true,"master_deck":["Strike_R","Strike_R","Strike_R+1","Defend_R","Defend_R+1","Bash+1","Offering+1","Inflame+1","Infernal Blade+1","Flame Barrier+1","Flex+1","Limit Break+1","Heavy Blade+1","Iron Wave+1","Brutality+1","Limit Break+1","Dual Wield+1","Thunderclap+1","Flex+1","Reaper","Infernal Blade+1","Armaments+1","Spot Weakness","Iron Wave+1","Offering"],"max_hp_per_floor":[80,80,80,80,80,80,80,80,80,80,83,83,83,86,86,86,86,86,86,86,86,86,86,86,86,86,86,86,86,86,86,86,86,86,86,86,86,86,86,86,86,86,86,86,86,86,96,96,96,96],"relics":["Burning Blood","Bag of Marbles","Du-Vu Doll","Odd Mushroom","Self Forming Clay","White Beast Statue","Pen Nib","War Paint","Bottled Tornado","Orrery","Vajra","Whetstone","Pear"],"card_choices":[{"not_picked":["Battle Trance","Disarm"],"picked":"Inflame"},{"not_picked":["Warcry","Intimidate"],"picked":"Infernal Blade"},{"not_picked":["Pommel Strike","Blood for Blood"],"picked":"Flex"},{"not_picked":["Pummel","Shockwave"],"picked":"Inflame"},{"not_picked":["Bloodletting","True Grit"],"picked":"Limit Break"},{"not_picked":["Flame Barrier","Feel No Pain"],"picked":"Iron Wave"},{"not_picked":["Immolate","Bludgeon"],"picked":"Brutality"},{"not_picked":["Iron Wave","Burning Pact"],"picked":"Dual Wield"},{"not_picked":["Twin Strike","Armaments"],"picked":"Thunderclap"},{"not_picked":["Iron Wave","Corruption"],"picked":"Flex"},{"not_picked":["Berserk","Immolate"],"picked":"Reaper"},{"not_picked":["Seeing Red","Perfected Strike"],"picked":"Infernal Blade"},{"not_picked":["Anger","Blood for Blood"],"picked":"Armaments"},{"not_picked":["Flex","Bloodletting"],"picked":"Spot Weakness"},{"not_picked":["Combust","True Grit"],"picked":"Iron Wave"},{"not_picked":["Battle Trance","Inflame"],"picked":"Offering"}],"player_experience":43201,"potions_floor_usage":[7,11,19,24,24,28,30,30,33,37,41,44,45,45,48,50,50],"damage_taken":[{"damage":6,"enemies":"Small Slimes","floor":1,"turns":3},{"damage":1,"enemies":"Jaw Worm","floor":3,"turns":3},{"damage":1,"enemies":"Cultist","floor":5,"turns":4},{"damage":7,"enemies":"3 Sentries","floor":7,"turns":6},{"damage":4,"enemies":"Exordium Thugs","floor":8,"turns":2},{"damage":4,"enemies":"Large Slime","floor":11,"turns":3},{"damage":6,"enemies":"The Mushroom Lair","floor":12,"turns":4},{"damage":4,"enemies":"Gremlin Nob","floor":14,"turns":2},{"damage":28,"enemies":"Hexaghost","floor":16,"turns":6},{"damage":18,"enemies":"Shell Parasite","floor":18,"turns":3},{"damage":13,"enemies":"3 Byrds","floor":19,"turns":5},{"damage":18,"enemies":"Snake Plant","floor":22,"turns":3},{"damage":10,"enemies":"Gremlin Leader","floor":24,"turns":6},{"damage":31,"enemies":"Slavers","floor":28,"turns":3},{"damage":1,"enemies":"Snecko","floor":30,"turns":2},{"damage":7,"enemies":"Champ","floor":33,"turns":5},{"damage":10,"enemies":"Orb Walker","floor":35,"turns":2},{"damage":10,"enemies":"3 Darklings","floor":37,"turns":2},{"damage":3,"enemies":"Maw","floor":41,"turns":4},{"damage":4,"enemies":"Sphere and 2 Shapes","floor":44,"turns":3},{"damage":21,"enemies":"4 Shapes","floor":45,"turns":4},{"damage":23,"enemies":"Giant Head","floor":47,"turns":5},{"damage":26,"enemies":"Maw","floor":48,"turns":4},{"damage":9,"enemies":"Donu and Deca","floor":50,"turns":2}],"event_choices":[{"event_name":"Shining Light","player_choice":"Entered Light","floor":2,"damage_taken":0},{"event_name":"Mushrooms","player_choice":"Fought Mushrooms","floor":12,"damage_taken":0},{"event_name":"Duplicator","player_choice":"One dupe","floor":20,"damage_taken":0},{"event_name":"Drug Dealer","player_choice":"Ignored","floor":21,"damage_taken":0},{"event_name":"Vampires","player_choice":"Ignored","floor":31,"damage_taken":0},{"event_name":"Tomb of Lord Red Mask","player_choice":"Ignored","floor":36,"damage_taken":0},{"event_name":"The Lab","player_choice":"Got Potions","floor":38,"damage_taken":0}],"boss_relics":[{"not_picked":["Runic Dome","Lizard Tail"],"picked":"White Beast Statue"},{"not_picked":["Calling Bell","Snecko Eye"],"picked":"Orrery"}],"potions_floor_spawned":[1,3,11,12,18,19,22,24,28,30,33,35,37,41,44,45,47,48],"seed_played":"5026137331882148184","ascension_level":1,"is_trial":false}