{"path_per_floor":["M","?","M","M","M","E","R","E","T","?","M","M","M","M","R"],"character_chosen":"IRONCLAD","items_purchased":[],"gold_per_floor":[117,117,132,146,162,189,189,224,224,188,200,220,237,250,250],"floor_reached":16,"campfire_rested":1,"playtime":1080,"current_hp_per_floor":[76,69,69,73,78,53,53,23,23,23,21,25,16,14,53],"items_purged":[],"gold":250,"score":139,"play_id":"abc64db6-cdc3-4883-aec8-94bb4ddd1ac2","is_prod":false,"is_daily":false,"is_ascension_mode":true,"campfire_upgraded":1,"path_taken":["M","?","?","M","M","E","R","E","T","?","M","M","M","M","R","BOSS"],"build_version":"2018-02-15-PROD1","purchased_purges":0,"victory":false,"master_deck":["Strike_R","Strike_R","Strike_R","Strike_R","Strike_R","Defend_R","Defend_R","Defend_R","Bash","Brutality","Pommel Strike+1","Heavy Blade","Intimidate","Headbutt","Impervious","Flex","Thunderclap","Pommel Strike"],"max_hp_per_floor":[80,80,80,80,80,80,80,80,80,80,80,80,80,80,80],"relics":["Burning Blood","Omamori","Bottled Flame","Regal Pillow"],"card_choices":[{"not_picked":["Bloodletting","Havoc"],"picked":"Pommel Strike"},{"not_picked":["Clash","Havoc"],"picked":"Heavy Blade"},{"not_picked":["Feel No Pain","Havoc"],"picked":"Intimidate"},{"not_picked":["Clash","Corruption"],"picked":"Headbutt"},{"not_picked":["Seeing Red","Reckless Charge"],"picked":"Impervious"},{"not_picked":["Twin Strike","Perfected Strike"],"picked":"Flex"},{"not_picked":["Dropkick","Clothesline"],"picked":"Thunderclap"},{"not_picked":["True Grit","Clothesline"],"picked":"Pommel Strike"}],"player_experience":69229,"potions_floor_usage":[5,6,6,13,14,16],"damage_taken":[{"damage":10,"enemies":"Small Slimes","floor":1,"turns":3},{"damage":6,"enemies":"Cultist","floor":3,"turns":4},{"damage":2,"enemies":"2 Louse","floor":4,"turns":2},{"damage":1,"enemies":"Looter","floor":5,"turns":3},{"damage":40,"enemies":"Lagavulin","floor":6,"turns":6},{"damage":36,"enemies":"3 Sentries","floor":8,"turns":6},{"damage":8,"enemies":"Blue Slaver","floor":11,"turns":3},{"damage":2,"enemies":"3 Louse","floor":12,"turns":3},{"damage":15,"enemies":"Exordium Thugs","floor":13,"turns":4},{"damage":8,"enemies":"Large Slime","floor":14,"turns":5},{"damage":60,"enemies":"Hexaghost","floor":16,"turns":8}],"event_choices":[{"event_name":"Golden Wing","player_choice":"Card Removal","floor":2,"damage_taken":0},{"event_name":"World of Goop","player_choice":"Left","floor":10,"damage_taken":0}],"boss_relics":[],"potions_floor_spawned":[1,4,5,12,13,14],"seed_played":"4885000201343243173","killed_by":"Hexaghost","ascension_level":4,"is_trial":false}