{"path_per_floor":["M","M","?","M","$","E","R","M","T","M","M","?","R","M","R","B",null,"M","?","$","M","M","E","M","$","T","M","M","R","T","E","R","B",null,"M","?","$","?","M","?","?","E","T","R","M","R","T","?","R","B"],"character_chosen":"IRONCLAD","items_purchased":["Flex","Whetstone","Spot Weakness","Lantern"],"gold_per_floor":[116,136,136,149,29,56,56,72,98,112,124,124,124,140,140,244,244,254,254,4,19,39,71,85,50,77,94,105,105,105,139,139,243,273,285,285,8,57,73,73,73,101,125,125,138,138,138,138,138,138],"floor_reached":51,"campfire_rested":5,"playtime":3507,"current_hp_per_floor":[80,80,90,90,90,82,82,54,54,60,65,47,47,46,73,16,90,86,86,86,79,81,65,59,59,59,49,37,64,64,41,68,43,95,94,94,94,79,63,63,51,37,37,37,30,60,60,60,90,55],"items_purged":["Regret","Strike_R","Strike_R"],"gold":138,"score":618,"play_id":"6e6a0ac8-a73d-4343-9b3b-8a51f56dfa64","is_prod":false,"is_daily":false,"is_ascension_mode":false,"campfire_upgraded":3,"path_taken":["M","M","?","M","$","E","R","?","T","M","?","?","R","M","R","BOSS","M","?","?","M","M","E","M","$","T","M","M","R","?","E","R","BOSS","M","?","$","?","M","?","?","E","T","R","M","R","?","?","R","BOSS"],"build_version":"2018-02-15-PROD1","purchased_purges":3,"victory":true,"master_deck":["Strike_R","Strike_R+1","Strike_R+1","Defend_R","Bash","Headbutt+1","Pommel Strike","Perfected Strike+1","Flex+1","Flex+1","Thunderclap","Heavy Blade","Flex","Offering","Iron Wave+1","Heavy Blade+1","Spot Weakness","Flex+1","Impervious","Offering","True Grit+1","Limit Break","Madness+1","Madness","Shrug It Off+1","Inflame+1","Heavy Blade+1"],"max_hp_per_floor":[80,80,90,90,90,90,90,90,90,90,90,90,90,90,90,90,90,90,90,90,90,90,90,90,90,90,90,90,90,90,90,90,90,95,95,95,95,95,95,95,95,102,102,102,102,102,102,102,102,102],"relics":["Burning Blood","NeowsBlessing","Pear","Prayer Wheel","Pen Nib","Runic Cube","Whetstone","Ancient Tea Set","Dream Catcher","Shovel","Self Forming Clay","Tiny House","Lantern","Frozen Eye","Strawberry","Orichalcum","Frozen Egg 2"],"card_choices":[{"not_picked":["Hemokinesis","Corruption"],"picked":"Headbutt"},{"not_picked":["Heavy Blade","Clothesline"],"picked":"Pommel Strike"},{"not_picked":["Twin Strike","Blood for Blood"],"picked":"Perfected Strike"},{"not_picked":["Combust","Metallicize"],"picked":"Flex"},{"not_picked":["Wild Strike","Clothesline"],"picked":"Thunderclap"},{"not_picked":["Bloodletting","Evolve"],"picked":"Heavy Blade"},{"not_picked":["Pommel Strike","Body Slam"],"picked":"Flex"},{"not_picked":["Reaper","Berserk"],"picked":"Offering"},{"not_picked":["Armaments","Pummel"],"picked":"Iron Wave"},{"not_picked":["Pommel Strike","Shrug It Off"],"picked":"Heavy Blade"},{"not_picked":["Hemokinesis","Evolve"],"picked":"Flex"},{"not_picked":["Cleave","Inflame"],"picked":"Impervious"},{"not_picked":["Demon Form","Bludgeon"],"picked":"Offering"},{"not_picked":["Sword Boomerang","Combust"],"picked":"True Grit"},{"not_picked":["Spot Weakness","Clothesline"],"picked":"Limit Break"},{"not_picked":["Seeing Red","Perfected Strike"],"picked":"Shrug It Off"},{"not_picked":["Iron Wave","Clothesline"],"picked":"Inflame"},{"not_picked":["Seeing Red","Twin Strike"],"picked":"Heavy Blade"}],"player_experience":15205,"potions_floor_usage":[6,10,16,23,24,33,33,38,50,50,50],"damage_taken":[{"damage":0,"enemies":"Small Slimes","floor":1,"turns":1},{"damage":0,"enemies":"2 Louse","floor":2,"turns":1},{"damage":0,"enemies":"Cultist","floor":4,"turns":1},{"damage":14,"enemies":"Gremlin Nob","floor":6,"turns":3},{"damage":34,"enemies":"Lots of Slimes","floor":8,"turns":5},{"damage":0,"enemies":"3 Louse","floor":10,"turns":2},{"damage":1,"enemies":"2 Fungi Beasts","floor":11,"turns":2},{"damage":7,"enemies":"Blue Slaver","floor":14,"turns":2},{"damage":63,"enemies":"The Guardian","floor":16,"turns":10},{"damage":10,"enemies":"Chosen","floor":18,"turns":3},{"damage":13,"enemies":"3 Byrds","floor":21,"turns":4},{"damage":4,"enemies":"Cultist and Chosen","floor":22,"turns":4},{"damage":22,"enemies":"Gremlin Leader","floor":23,"turns":3},{"damage":12,"enemies":"Snecko","floor":24,"turns":3},{"damage":16,"enemies":"Chosen and Byrds","floor":27,"turns":5},{"damage":18,"enemies":"Snake Plant","floor":28,"turns":2},{"damage":29,"enemies":"Book of Stabbing","floor":31,"turns":3},{"damage":31,"enemies":"Collector","floor":33,"turns":4},{"damage":7,"enemies":"Orb Walker","floor":35,"turns":2},{"damage":21,"enemies":"Mysterious Sphere","floor":38,"turns":4},{"damage":22,"enemies":"3 Shapes","floor":39,"turns":2},{"damage":27,"enemies":"2 Orb Walkers","floor":42,"turns":5},{"damage":13,"enemies":"Maw","floor":45,"turns":5},{"damage":41,"enemies":"Time Eater","floor":50,"turns":7}],"event_choices":[{"event_name":"Big Fish","player_choice":"Box","floor":3,"damage_taken":0},{"event_name":"Shining Light","player_choice":"Entered Light","floor":12,"damage_taken":0},{"event_name":"Back to Basics","player_choice":"Elegance","floor":19,"damage_taken":0},{"event_name":"Tomb of Lord Red Mask","player_choice":"Ignored","floor":36,"damage_taken":0},{"event_name":"Mysterious Sphere","player_choice":"Fight","floor":38,"damage_taken":0},{"event_name":"Bonfire Elementals","player_choice":"BASIC","floor":40,"damage_taken":0},{"event_name":"Winding Halls","player_choice":"Embrace Madness","floor":41,"damage_taken":0}],"boss_relics":[{"not_picked":["Velvet Choker","Black Blood"],"picked":"Runic Cube"},{"not_picked":["White Beast Statue","Eternal Feather"],"picked":"Tiny House"}],"potions_floor_spawned":[1,2,8,21,22,27,28,35,39,45],"seed_played":"1361692876570188410","ascension_level":0,"is_trial":false}