{"path_per_floor":["M","?","?","$","M","R","E","$","T","M","M","R","M","M","R","B",null,"M","?","$","M","?","R","E","R","T","M","$","M","?","$","R","B",null,"M","M","$","?","M","R","M","E","T","M","?","$","R","M","R","B"],"character_chosen":"IRONCLAD","items_purchased":["Flex","Shrug It Off","Thunderclap","Flex","Bottled Lightning"],"gold_per_floor":[111,111,111,58,77,77,111,36,59,77,92,92,112,130,130,229,229,243,243,120,138,138,138,165,165,189,206,81,96,96,42,42,140,140,160,171,146,446,456,456,471,496,496,513,513,112,112,127,127,127],"floor_reached":51,"campfire_rested":3,"playtime":2752,"current_hp_per_floor":[80,80,77,77,80,80,45,45,45,51,41,41,43,45,69,16,80,80,80,80,80,65,65,56,56,56,58,58,60,44,44,69,15,85,77,71,71,71,73,73,56,58,58,32,32,32,32,44,68,47],"items_purged":["Strike_R","Writhe","Regret","Parasite"],"gold":127,"score":547,"play_id":"11e9af74-30bb-459b-bcfa-45fd83697860","is_prod":false,"is_daily":false,"is_ascension_mode":false,"campfire_upgraded":3,"path_taken":["M","?","?","$","M","R","E","$","T","M","M","R","M","M","R","BOSS","M","?","$","M","?","R","E","R","T","M","$","M","?","?","R","BOSS","M","M","$","?","M","R","M","E","T","M","?","$","R","?","R","BOSS"],"build_version":"2018-02-15-PROD1","purchased_purges":4,"victory":true,"master_deck":["Strike_R","Strike_R","Defend_R","Defend_R","Bash","Clash","Heavy Blade","Flex+1","Offering","Headbutt","Shrug It Off","Heavy Blade","Heavy Blade+1","Shrug It Off+1","Thunderclap","Limit Break+1","Whirlwind","Flex+1","Headbutt+1"],"max_hp_per_floor":[80,80,80,80,80,80,80,80,80,80,80,80,80,80,80,80,80,80,80,80,80,85,85,85,85,85,85,85,85,85,85,85,85,85,85,85,85,85,85,85,85,85,85,85,85,82,82,82,82,82],"relics":["Burning Blood","Peace Pipe","Gambling Chip","Prayer Wheel","Cursed Key","Mercury Hourglass","Toolbox","Oddly Smooth Stone","Enchiridion","Sozu","Bird Faced Urn","Magic Flower","Bottled Lightning"],"card_choices":[{"not_picked":["Burning Pact","Rage"],"picked":"Heavy Blade"},{"not_picked":["Bloodletting","Shockwave"],"picked":"Offering"},{"not_picked":["Cleave","Sword Boomerang"],"picked":"Headbutt"},{"not_picked":["Clothesline","Flex"],"picked":"Shrug It Off"},{"not_picked":["Twin Strike","Body Slam"],"picked":"Heavy Blade"},{"not_picked":["Body Slam","Flex"],"picked":"Heavy Blade"},{"not_picked":["Disarm","Dual Wield"],"picked":"Shrug It Off"},{"not_picked":["Feed","Juggernaut"],"picked":"Limit Break"},{"not_picked":["Armaments","Cleave"],"picked":"Whirlwind"},{"not_picked":["Shrug It Off","True Grit"],"picked":"Headbutt"}],"player_experience":12453,"potions_floor_usage":[7,16,24,33,33],"damage_taken":[{"damage":0,"enemies":"Cultist","floor":1,"turns":3},{"damage":1,"enemies":"Jaw Worm","floor":5,"turns":3},{"damage":41,"enemies":"3 Sentries","floor":7,"turns":9},{"damage":0,"enemies":"Small Slimes","floor":10,"turns":2},{"damage":16,"enemies":"2 Fungi Beasts","floor":11,"turns":2},{"damage":4,"enemies":"Looter","floor":13,"turns":1},{"damage":4,"enemies":"Exordium Wildlife","floor":14,"turns":2},{"damage":59,"enemies":"The Guardian","floor":16,"turns":9},{"damage":6,"enemies":"Spheric Guardian","floor":18,"turns":3},{"damage":4,"enemies":"Shell Parasite","floor":21,"turns":3},{"damage":15,"enemies":"Slavers","floor":24,"turns":3},{"damage":4,"enemies":"Centurion and Healer","floor":27,"turns":2},{"damage":4,"enemies":"3 Cultists","floor":29,"turns":3},{"damage":60,"enemies":"Champ","floor":33,"turns":8},{"damage":14,"enemies":"3 Darklings","floor":35,"turns":3},{"damage":12,"enemies":"3 Shapes","floor":36,"turns":3},{"damage":4,"enemies":"3 Darklings","floor":39,"turns":1},{"damage":23,"enemies":"Maw","floor":41,"turns":5},{"damage":4,"enemies":"Nemesis","floor":42,"turns":1},{"damage":38,"enemies":"Sphere and 2 Shapes","floor":44,"turns":3},{"damage":0,"enemies":"3 Darklings","floor":48,"turns":1},{"damage":33,"enemies":"Donu and Deca","floor":50,"turns":4}],"event_choices":[{"event_name":"The Woman in Blue","player_choice":"Bought 0 Potions","floor":2,"damage_taken":0},{"event_name":"Scrap Ooze","player_choice":"success","floor":3,"damage_taken":3},{"event_name":"The Mausoleum","player_choice":"Yes","floor":19,"damage_taken":0},{"event_name":"Forgotten Altar","player_choice":"Shed Blood","floor":22,"damage_taken":0},{"event_name":"Cursed Tome","player_choice":"Obtained Book","floor":30,"damage_taken":0},{"event_name":"Wheel of Change","player_choice":"Gold","floor":38,"damage_taken":0}],"boss_relics":[{"not_picked":["Orrery","Lizard Tail"],"picked":"Cursed Key"},{"not_picked":["Runic Dome","Mark of Pain"],"picked":"Sozu"}],"potions_floor_spawned":[1,11,13,27,29,41,48],"seed_played":"1535524922543905365","ascension_level":0,"is_trial":false}