{"path_per_floor":["M","M","?","$","?","R","E","M","T","R","M","R","E","M","R","B",null,"M","?","$","?","$","R","?","E","T","R","E","M","?","M","R"],"character_chosen":"IRONCLAD","items_purchased":["Flex","Pommel Strike","Tiny Chest","Heavy Blade"],"gold_per_floor":[117,129,204,33,33,33,59,75,75,75,95,95,120,135,135,239,239,257,257,38,38,14,14,14,44,93,93,122,132,132,151,151],"floor_reached":33,"campfire_rested":1,"playtime":1707,"current_hp_per_floor":[80,80,69,69,80,80,74,80,80,80,89,89,77,83,83,67,90,83,83,83,83,83,83,83,75,75,75,64,69,53,62,89],"items_purged":["Defend_R","Defend_R"],"gold":151,"score":320,"play_id":"94488843-2084-4fb7-bfb7-292c816d44ed","is_prod":false,"is_daily":false,"is_ascension_mode":true,"campfire_upgraded":6,"path_taken":["M","M","?","?","?","R","E","M","T","R","M","R","E","M","R","BOSS","M","?","$","?","$","R","?","E","T","R","E","M","?","M","R","BOSS"],"build_version":"2018-02-15-PROD1","purchased_purges":2,"victory":false,"master_deck":["Strike_R","Strike_R","Strike_R","Strike_R","Strike_R","Defend_R","Bash","Shrug It Off+1","Flex+1","Shrug It Off+1","Flex+1","Pommel Strike+1","Headbutt","Flex+1","Spot Weakness","Offering","Heavy Blade+1","Thunderclap","Heavy Blade","Reaper","Necronomicurse"],"max_hp_per_floor":[80,80,80,80,80,80,90,90,90,90,90,90,90,90,90,90,90,90,90,90,90,90,90,90,90,90,90,90,90,90,90,90],"relics":["Burning Blood","Pear","Magic Flower","Juzu Bracelet","Sozu","Tiny Chest","Ancient Tea Set","Anchor","Bag of Marbles","Necronomicon"],"card_choices":[{"not_picked":["True Grit","Havoc"],"picked":"Shrug It Off"},{"not_picked":["Clothesline","Shrug It Off"],"picked":"Flex"},{"not_picked":["Armaments","Double Tap"],"picked":"Shrug It Off"},{"not_picked":["Clash","Perfected Strike"],"picked":"Headbutt"},{"not_picked":["Clash","Armaments"],"picked":"Flex"},{"not_picked":["Wild Strike","Rampage"],"picked":"Spot Weakness"},{"not_picked":["Dark Embrace","Impervious"],"picked":"Offering"},{"not_picked":["Anger","Cleave"],"picked":"Heavy Blade"},{"not_picked":["Cleave","Wild Strike"],"picked":"Reaper"}],"player_experience":48860,"potions_floor_usage":[13,16],"damage_taken":[{"damage":0,"enemies":"Jaw Worm","floor":1,"turns":5},{"damage":2,"enemies":"2 Louse","floor":2,"turns":3},{"damage":22,"enemies":"3 Sentries","floor":7,"turns":9},{"damage":0,"enemies":"Small Slimes","floor":8,"turns":3},{"damage":0,"enemies":"3 Louse","floor":11,"turns":5},{"damage":21,"enemies":"Gremlin Nob","floor":13,"turns":5},{"damage":3,"enemies":"Looter","floor":14,"turns":3},{"damage":50,"enemies":"Slime Boss","floor":16,"turns":10},{"damage":16,"enemies":"2 Thieves","floor":18,"turns":3},{"damage":17,"enemies":"Book of Stabbing","floor":25,"turns":3},{"damage":20,"enemies":"Gremlin Leader","floor":28,"turns":3},{"damage":4,"enemies":"Chosen","floor":29,"turns":2},{"damage":0,"enemies":"Centurion and Healer","floor":31,"turns":2},{"damage":99,"enemies":"Automaton","floor":33,"turns":6}],"event_choices":[{"event_name":"World of Goop","player_choice":"Gather Gold","floor":3,"damage_taken":0},{"event_name":"Big Fish","player_choice":"Banana","floor":5,"damage_taken":0},{"event_name":"The Library","player_choice":"Read","floor":19,"damage_taken":0},{"event_name":"Bonfire Elementals","player_choice":"BASIC","floor":21,"damage_taken":0},{"event_name":"Addict","player_choice":"Ignored","floor":24,"damage_taken":0},{"event_name":"Cursed Tome","player_choice":"Obtained Book","floor":30,"damage_taken":0}],"boss_relics":[{"not_picked":["Philosopher\u0027s Stone","Tiny House"],"picked":"Sozu"}],"potions_floor_spawned":[7,8,11,13,18,29],"seed_played":"-7764595924893427962","killed_by":"Automaton","ascension_level":2,"is_trial":false}