{"path_per_floor":["M","M","?","M","$","E","R","?","T","M","M","$","?","$","R","B",null,"M","M"],"character_chosen":"IRONCLAD","items_purchased":["Armaments","Oddly Smooth Stone"],"gold_per_floor":[116,132,207,224,124,155,155,155,237,254,272,28,28,28,28,151,151,174,192],"floor_reached":20,"campfire_rested":2,"playtime":1218,"current_hp_per_floor":[79,80,69,69,69,43,67,51,51,45,43,43,43,43,65,52,74,39,35],"items_purged":["Defend_R","Strike_R"],"gold":192,"score":209,"play_id":"ff2fd079-2a35-40a3-a8a8-0dcebefa4841","is_prod":false,"is_daily":false,"is_ascension_mode":true,"campfire_upgraded":0,"path_taken":["M","M","?","M","$","E","R","?","T","?","M","?","?","$","R","BOSS","M","M","?"],"build_version":"2018-02-15-PROD1","purchased_purges":2,"victory":false,"master_deck":["Strike_R","Strike_R","Strike_R+1","Strike_R","Defend_R","Defend_R","Defend_R+1","Bash","Shrug It Off","Armaments","Brutality","Rampage","Offering","Inflame+1"],"max_hp_per_floor":[80,80,80,80,80,80,80,80,80,80,80,80,74,74,74,74,74,74,74],"relics":["Burning Blood","Darkstone Periapt","Bottled Lightning","Oddly Smooth Stone","Golden Idol","Runic Pyramid"],"card_choices":[{"not_picked":["Clothesline","Feel No Pain"],"picked":"Shrug It Off"},{"not_picked":["Sword Boomerang","Spot Weakness"],"picked":"Brutality"},{"not_picked":["Anger","Intimidate"],"picked":"Rampage"},{"not_picked":["Fiend Fire","Juggernaut"],"picked":"Offering"},{"not_picked":["Rupture","Twin Strike"],"picked":"Inflame"}],"player_experience":68011,"potions_floor_usage":[6,11,16,19,19,19,20],"damage_taken":[{"damage":7,"enemies":"Small Slimes","floor":1,"turns":3},{"damage":1,"enemies":"2 Louse","floor":2,"turns":3},{"damage":6,"enemies":"Cultist","floor":4,"turns":3},{"damage":32,"enemies":"Gremlin Nob","floor":6,"turns":5},{"damage":12,"enemies":"Red Slaver","floor":10,"turns":3},{"damage":8,"enemies":"Looter","floor":11,"turns":3},{"damage":19,"enemies":"The Guardian","floor":16,"turns":9},{"damage":41,"enemies":"Spheric Guardian","floor":18,"turns":6},{"damage":10,"enemies":"Shell Parasite","floor":19,"turns":6},{"damage":39,"enemies":"Sentry and Sphere","floor":20,"turns":5}],"event_choices":[{"event_name":"World of Goop","player_choice":"Gather Gold","floor":3,"damage_taken":0},{"event_name":"Shining Light","player_choice":"Entered Light","floor":8,"damage_taken":0},{"event_name":"Golden Idol","player_choice":"Lose Max HP","floor":13,"damage_taken":0}],"boss_relics":[{"not_picked":["Black Star","Calling Bell"],"picked":"Runic Pyramid"}],"potions_floor_spawned":[2,4,6,10,16,18,19],"seed_played":"-7460970846061838224","killed_by":"Sentry and Sphere","ascension_level":4,"is_trial":false}