{"path_per_floor":["M","?","M","M","?","E","?","R","T","R","M","R","M","T","R","B",null,"M","$","?","?","M","R","E","R","T","M","M","M","E","?","R"],"character_chosen":"IRONCLAD","items_purchased":["Bag of Marbles"],"gold_per_floor":[109,59,78,88,88,119,119,119,119,119,129,129,144,226,226,328,328,346,124,39,39,50,50,79,79,79,93,109,124,159,109,109],"floor_reached":33,"campfire_rested":0,"playtime":1385,"current_hp_per_floor":[68,68,74,80,80,28,80,80,80,80,78,78,80,80,80,52,80,71,71,71,71,80,80,78,78,78,80,80,80,58,58,58],"items_purged":["Strike_R"],"gold":109,"score":341,"play_id":"6f6c3b42-f3ce-4be7-a034-efa4473b4ddc","is_prod":false,"is_daily":false,"is_ascension_mode":true,"campfire_upgraded":4,"path_taken":["M","?","M","M","?","E","?","R","T","R","M","R","?","?","R","BOSS","M","$","?","?","M","R","E","R","T","M","M","M","E","?","R","BOSS"],"build_version":"2018-02-15-PROD1","purchased_purges":1,"victory":false,"master_deck":["Strike_R","Strike_R","Strike_R","Strike_R","Defend_R","Defend_R","Defend_R","Bash","Flex+1","Flex+1","Heavy Blade+1","Thunderclap","Brutality+1","Headbutt","Writhe","Whirlwind+1","Flame Barrier","Shrug It Off","Flex+1"],"max_hp_per_floor":[80,80,80,80,80,80,80,80,80,80,80,80,80,80,80,80,80,80,80,80,80,80,80,80,80,80,80,80,80,80,80,80],"relics":["Black Blood","Du-Vu Doll","Girya","Bottled Flame","Bag of Marbles","Pen Nib","Omamori","Darkstone Periapt","Shovel","Shuriken"],"card_choices":[{"not_picked":["Body Slam","Anger"],"picked":"Flex"},{"not_picked":["Body Slam","Barricade"],"picked":"Flex"},{"not_picked":["Dual Wield","Clothesline"],"picked":"Disarm"},{"not_picked":["Headbutt","Evolve"],"picked":"Heavy Blade"},{"not_picked":["Bloodletting","Clash"],"picked":"Thunderclap"},{"not_picked":["Dark Embrace","Fiend Fire"],"picked":"Brutality"},{"not_picked":["Warcry","Wild Strike"],"picked":"Headbutt"},{"not_picked":["Wild Strike","Iron Wave"],"picked":"Whirlwind"},{"not_picked":["Body Slam","Rage"],"picked":"Flame Barrier"},{"not_picked":["Havoc","Iron Wave"],"picked":"Shrug It Off"},{"not_picked":["Juggernaut","Perfected Strike"],"picked":"Flex"}],"player_experience":51078,"potions_floor_usage":[27,29,29,33],"damage_taken":[{"damage":18,"enemies":"Jaw Worm","floor":1,"turns":4},{"damage":0,"enemies":"2 Louse","floor":3,"turns":3},{"damage":0,"enemies":"Cultist","floor":4,"turns":2},{"damage":58,"enemies":"3 Sentries","floor":6,"turns":14},{"damage":8,"enemies":"Blue Slaver","floor":11,"turns":2},{"damage":0,"enemies":"3 Louse","floor":13,"turns":3},{"damage":34,"enemies":"The Guardian","floor":16,"turns":6},{"damage":19,"enemies":"3 Byrds","floor":18,"turns":5},{"damage":0,"enemies":"Shell Parasite","floor":22,"turns":1},{"damage":12,"enemies":"Book of Stabbing","floor":24,"turns":2},{"damage":7,"enemies":"Chosen and Byrds","floor":27,"turns":3},{"damage":0,"enemies":"Cultist and Chosen","floor":28,"turns":2},{"damage":0,"enemies":"Snake Plant","floor":29,"turns":1},{"damage":32,"enemies":"Gremlin Leader","floor":30,"turns":4},{"damage":78,"enemies":"Champ","floor":33,"turns":6}],"event_choices":[{"event_name":"The Cleric","player_choice":"Card Removal","floor":2,"damage_taken":0},{"event_name":"Living Wall","player_choice":"Grow","floor":5,"damage_taken":0},{"event_name":"Bonfire Elementals","player_choice":"UNCOMMON","floor":7,"damage_taken":0},{"event_name":"Addict","player_choice":"Obtained Relic","floor":20,"damage_taken":0},{"event_name":"The Mausoleum","player_choice":"Yes","floor":21,"damage_taken":0},{"event_name":"The Joust","player_choice":"Bet on Murderer","floor":31,"damage_taken":0}],"boss_relics":[{"not_picked":["Philosopher\u0027s Stone","Orrery"],"picked":"Black Blood"}],"potions_floor_spawned":[6,13,16,18,24,30],"seed_played":"-762733349329575953","killed_by":"Champ","ascension_level":2,"is_trial":false}