{"path_per_floor":["M","?","?","M","M","E","?","E","T","R","E","M","M","M","R","B",null,"M","$","?","M","M","R","M","?","T","T","R","M","M","M","R"],"character_chosen":"IRONCLAD","items_purchased":["Bottled Lightning"],"gold_per_floor":[115,115,115,125,144,173,173,201,201,201,236,251,266,284,284,384,384,400,80,5,17,33,33,47,47,47,47,47,62,81,101,101],"floor_reached":33,"campfire_rested":3,"playtime":2346,"current_hp_per_floor":[80,85,85,85,85,68,61,47,47,72,65,68,66,66,66,47,85,82,82,82,77,64,64,41,25,25,25,52,30,24,26,53],"items_purged":["Defend_R"],"gold":101,"score":325,"play_id":"0604b230-c832-46c6-9d63-bdd17378f0e3","is_prod":false,"is_daily":false,"is_ascension_mode":true,"campfire_upgraded":2,"path_taken":["M","?","?","M","M","E","?","E","T","R","E","M","?","M","R","BOSS","M","$","?","?","M","R","?","?","T","?","R","M","M","M","R","BOSS"],"build_version":"2018-02-15-PROD1","purchased_purges":1,"victory":false,"master_deck":["Strike_R","Strike_R","Strike_R","Defend_R+1","Bash","Shockwave","Shrug It Off+1","Thunderclap","Double Tap+1","Headbutt","Iron Wave","Pommel Strike+1","Offering","Iron Wave+1","Flex","Iron Wave+1","Headbutt","Shrug It Off+1"],"max_hp_per_floor":[80,85,85,85,85,85,85,85,85,85,85,85,85,85,85,85,85,85,85,85,85,85,85,85,90,90,90,90,90,90,90,90],"relics":["Burning Blood","Mercury Hourglass","Bird Faced Urn","War Paint","Red Skull","Question Card","Bottled Lightning","Happy Flower","Anchor"],"card_choices":[{"not_picked":["Infernal Blade","Whirlwind"],"picked":"Shrug It Off"},{"not_picked":["Body Slam","Rampage"],"picked":"Thunderclap"},{"not_picked":["Anger","Battle Trance"],"picked":"Double Tap"},{"not_picked":["Perfected Strike","Sentinel"],"picked":"Headbutt"},{"not_picked":["Body Slam","Wild Strike"],"picked":"Iron Wave"},{"not_picked":["Feel No Pain","Bludgeon"],"picked":"Pommel Strike"},{"not_picked":["Double Tap","Bludgeon"],"picked":"Offering"},{"not_picked":["Havoc","Intimidate","Pummel"],"picked":"Iron Wave"},{"not_picked":["Sentinel","Clash","Sword Boomerang"],"picked":"Flex"},{"not_picked":["Warcry","Uppercut","Hemokinesis"],"picked":"Iron Wave"},{"not_picked":["Double Tap","True Grit","Power Through"],"picked":"Headbutt"},{"not_picked":["Intimidate","Heavy Blade","Rupture"],"picked":"Shrug It Off"}],"player_experience":75473,"potions_floor_usage":[6,11,16,18,29,33,33],"damage_taken":[{"damage":0,"enemies":"Cultist","floor":1,"turns":3},{"damage":5,"enemies":"Small Slimes","floor":4,"turns":4},{"damage":4,"enemies":"Jaw Worm","floor":5,"turns":3},{"damage":23,"enemies":"Gremlin Nob","floor":6,"turns":5},{"damage":20,"enemies":"3 Sentries","floor":8,"turns":6},{"damage":13,"enemies":"Gremlin Nob","floor":11,"turns":4},{"damage":3,"enemies":"Looter","floor":12,"turns":4},{"damage":8,"enemies":"Blue Slaver","floor":13,"turns":3},{"damage":6,"enemies":"Exordium Thugs","floor":14,"turns":4},{"damage":25,"enemies":"The Guardian","floor":16,"turns":14},{"damage":9,"enemies":"Spheric Guardian","floor":18,"turns":4},{"damage":11,"enemies":"3 Byrds","floor":21,"turns":5},{"damage":19,"enemies":"Centurion and Healer","floor":22,"turns":6},{"damage":29,"enemies":"Snake Plant","floor":24,"turns":4},{"damage":28,"enemies":"Cultist and Chosen","floor":29,"turns":7},{"damage":12,"enemies":"Centurion and Healer","floor":30,"turns":4},{"damage":4,"enemies":"Snecko","floor":31,"turns":2},{"damage":55,"enemies":"Automaton","floor":33,"turns":6}],"event_choices":[{"event_name":"Big Fish","player_choice":"Donut","floor":2,"damage_taken":0},{"event_name":"Living Wall","player_choice":"Forget","floor":3,"damage_taken":0},{"event_name":"Golden Wing","player_choice":"Card Removal","floor":7,"damage_taken":0},{"event_name":"Beggar","player_choice":"Gave Gold","floor":20,"damage_taken":0},{"event_name":"Forgotten Altar","player_choice":"Shed Blood","floor":25,"damage_taken":0}],"boss_relics":[{"not_picked":["Calling Bell","Runic Dome"],"picked":"Question Card"}],"potions_floor_spawned":[5,6,12,14,16,24,31],"seed_played":"-1606536095656871610","killed_by":"Automaton","ascension_level":4,"is_trial":false}