{"path_per_floor":["M","M","M","?","$","E","R","?","T","E","?","M","?","M","R","B",null,"M","?","M","?","?","E","$","T","T","M","M","T","$","M","R","B",null,"M","?","M","$","T","M","M","R","T","M","$","M","M","M","R","B"],"character_chosen":"IRONCLAD","items_purchased":["Battle Trance","Bottled Flame","Shrug It Off","Shrug It Off","Warcry"],"gold_per_floor":[99,110,127,127,49,79,79,79,157,212,212,228,253,264,264,360,360,370,370,386,386,386,420,35,89,89,109,122,122,22,36,36,134,134,153,153,173,25,49,66,80,80,107,118,70,81,94,111,111,111],"floor_reached":51,"campfire_rested":0,"playtime":4073,"current_hp_per_floor":[80,80,80,80,80,73,73,78,78,58,55,60,53,59,59,32,85,85,85,84,84,84,81,81,81,81,85,85,85,85,85,85,17,85,85,85,85,85,85,85,85,85,85,85,85,85,85,85,85,83],"items_purged":["Strike_R","Strike_R","Strike_R"],"gold":111,"score":557,"play_id":"673d6bf9-1029-49b6-b288-f0de3e4c5968","is_prod":false,"is_daily":false,"is_ascension_mode":false,"campfire_upgraded":4,"path_taken":["M","M","M","?","$","E","R","?","T","E","?","?","?","M","R","BOSS","M","?","?","?","?","E","$","?","T","M","?","?","$","M","R","BOSS","M","?","?","$","?","M","M","R","T","M","?","M","M","?","R","BOSS"],"build_version":"2018-02-15-PROD1","purchased_purges":3,"victory":true,"master_deck":["Strike_R","Strike_R","Defend_R","Defend_R","Bash+1","Body Slam+1","Dropkick","Dropkick","Impervious+1","Battle Trance","Pommel Strike","Rage+1","Pommel Strike","Headbutt","Iron Wave+1","Impervious+1","True Grit+1","Body Slam","Body Slam+1","Disarm+1","Thunderclap","Shrug It Off+1","Battle Trance+1","Warcry+1","Barricade+1","True Grit+1","Shrug It Off+1","Body Slam+1","Shrug It Off+1","Offering+1","Warcry+1","Entrench+1"],"max_hp_per_floor":[80,80,80,80,80,80,80,85,85,85,85,85,85,85,85,85,85,85,85,85,85,85,85,85,85,85,85,85,85,85,85,85,85,85,85,85,85,85,85,85,85,85,85,85,85,85,85,85,85,85],"relics":["Burning Blood","Lantern","Bottled Lightning","Toxic Egg 2","Tiny Chest","Shovel","Odd Mushroom","Runic Pyramid","Whetstone","Bottled Flame","Bronze Scales","Charon\u0027s Ashes","Peace Pipe","Sozu","Orichalcum","Bag of Preparation","Dream Catcher"],"card_choices":[{"not_picked":["Cleave","Pommel Strike"],"picked":"Body Slam"},{"not_picked":["Inflame","Disarm"],"picked":"Dropkick"},{"not_picked":["Wild Strike","Limit Break"],"picked":"Dropkick"},{"not_picked":["Feel No Pain","Limit Break"],"picked":"Pommel Strike"},{"not_picked":["Heavy Blade","Rupture"],"picked":"Rage"},{"not_picked":["Sword Boomerang","Rupture"],"picked":"Pommel Strike"},{"not_picked":["Clash","Flex"],"picked":"Headbutt"},{"not_picked":["Uppercut","Combust"],"picked":"Iron Wave"},{"not_picked":["Immolate","Offering"],"picked":"Impervious"},{"not_picked":["Iron Wave","Havoc"],"picked":"True Grit"},{"not_picked":["Whirlwind","Thunderclap"],"picked":"Body Slam"},{"not_picked":["Whirlwind","Reaper"],"picked":"Thunderclap"},{"not_picked":["Thunderclap","Headbutt"],"picked":"Battle Trance"},{"not_picked":["Clash","Pommel Strike"],"picked":"Warcry"},{"not_picked":["Berserk","Juggernaut"],"picked":"Barricade"},{"not_picked":["Perfected Strike","Pommel Strike"],"picked":"True Grit"},{"not_picked":["Heavy Blade","Sentinel"],"picked":"Body Slam"},{"not_picked":["Sentinel","Searing Blow"],"picked":"Shrug It Off"},{"not_picked":["Sever Soul","True Grit"],"picked":"Offering"},{"not_picked":["Clash","Hemokinesis"],"picked":"Entrench"}],"player_experience":98009,"potions_floor_usage":[6,10,16,16,20,27,33,33],"damage_taken":[{"damage":4,"enemies":"Jaw Worm","floor":1,"turns":4},{"damage":0,"enemies":"2 Louse","floor":2,"turns":2},{"damage":0,"enemies":"Small Slimes","floor":3,"turns":3},{"damage":13,"enemies":"Lagavulin","floor":6,"turns":4},{"damage":26,"enemies":"3 Sentries","floor":10,"turns":9},{"damage":1,"enemies":"3 Louse","floor":12,"turns":3},{"damage":13,"enemies":"The Mushroom Lair","floor":13,"turns":4},{"damage":0,"enemies":"Looter","floor":14,"turns":2},{"damage":33,"enemies":"Slime Boss","floor":16,"turns":11},{"damage":0,"enemies":"Chosen","floor":18,"turns":3},{"damage":7,"enemies":"Shell Parasite","floor":20,"turns":3},{"damage":9,"enemies":"Book of Stabbing","floor":23,"turns":5},{"damage":0,"enemies":"Centurion and Healer","floor":27,"turns":3},{"damage":0,"enemies":"Snake Plant","floor":28,"turns":1},{"damage":0,"enemies":"Chosen and Byrds","floor":31,"turns":2},{"damage":74,"enemies":"Automaton","floor":33,"turns":10},{"damage":0,"enemies":"Orb Walker","floor":35,"turns":1},{"damage":0,"enemies":"3 Darklings","floor":37,"turns":6},{"damage":0,"enemies":"4 Shapes","floor":40,"turns":4},{"damage":0,"enemies":"Sphere and 2 Shapes","floor":41,"turns":4},{"damage":4,"enemies":"3 Darklings","floor":44,"turns":4},{"damage":4,"enemies":"4 Shapes","floor":46,"turns":2},{"damage":0,"enemies":"Sphere and 2 Shapes","floor":47,"turns":2},{"damage":4,"enemies":"3 Darklings","floor":48,"turns":3},{"damage":8,"enemies":"Donu and Deca","floor":50,"turns":8}],"event_choices":[{"event_name":"Living Wall","player_choice":"Change","floor":4,"damage_taken":0},{"event_name":"Big Fish","player_choice":"Donut","floor":8,"damage_taken":0},{"event_name":"Scrap Ooze","player_choice":"success","floor":11,"damage_taken":3},{"event_name":"Mushrooms","player_choice":"Fought Mushrooms","floor":13,"damage_taken":0},{"event_name":"The Library","player_choice":"Read","floor":19,"damage_taken":0},{"event_name":"Drug Dealer","player_choice":"Ignored","floor":21,"damage_taken":0},{"event_name":"Transmorgrifier","player_choice":"Transform","floor":22,"damage_taken":0},{"event_name":"Tomb of Lord Red Mask","player_choice":"Ignored","floor":36,"damage_taken":0}],"boss_relics":[{"not_picked":["Snecko Eye","Cursed Key"],"picked":"Runic Pyramid"},{"not_picked":["Orrery","Black Blood"],"picked":"Sozu"}],"potions_floor_spawned":[2,3,10,12,18,23,27,31,35,40,41,48],"seed_played":"806421974359242569","ascension_level":0,"is_trial":false}