{"path_per_floor":["M","?","?","M","?","R","M","R","T","M","R","M","M","M","R","B",null,"M","$","M","M","?","E","R","E","T","R","M","M","M","M","R","B",null,"M","$","M","?","?","E","R","?","T","M","R","M","R","E","R"],"character_chosen":"IRONCLAD","items_purchased":["Vajra","Shrug It Off","Happy Flower","Medical Kit"],"gold_per_floor":[113,63,138,148,148,148,159,159,239,249,249,268,283,299,299,396,396,410,13,33,49,49,77,77,110,110,110,120,139,151,168,168,273,273,287,93,105,105,105,135,135,135,435,447,447,465,465,490,490],"floor_reached":50,"campfire_rested":1,"playtime":3594,"current_hp_per_floor":[80,80,69,75,63,63,68,68,68,74,74,79,80,80,80,59,80,80,80,80,61,61,50,74,67,67,67,70,75,76,80,80,77,80,80,80,80,70,70,75,80,80,80,74,80,75,80,80,80],"items_purged":["Defend_R"],"gold":490,"score":562,"play_id":"2289dbc9-0689-486e-a89d-a3f8a23e806f","is_prod":false,"is_daily":false,"is_ascension_mode":true,"campfire_upgraded":6,"path_taken":["M","?","?","M","?","R","M","R","T","M","R","M","M","?","R","BOSS","M","$","M","M","?","E","R","E","T","R","M","M","M","M","R","BOSS","M","$","M","?","?","E","R","?","T","M","R","M","R","E","R","BOSS"],"build_version":"2018-02-15-PROD1","purchased_purges":1,"victory":false,"master_deck":["Strike_R","Strike_R","Defend_R","Bash","Rampage+1","Pommel Strike+1","Flame Barrier+1","Offering","Headbutt+1","Limit Break+1","Shrug It Off","Headbutt","Heavy Blade+1","Double Tap","Flex","Flex+1","Reaper","Pommel Strike+1","Seeing Red","Madness","Madness","Headbutt+1","Flame Barrier+1","True Grit+1"],"max_hp_per_floor":[80,80,80,80,80,80,80,80,80,80,80,80,80,80,80,80,80,80,80,80,80,80,80,80,80,80,80,80,80,80,80,80,80,80,80,80,80,80,80,80,80,80,80,80,80,80,80,80,80],"relics":["Burning Blood","Torii","Shuriken","Sozu","Vajra","Happy Flower","Bag of Preparation","Magic Flower","Kunai","Peace Pipe","Eternal Feather","Medical Kit","Darkstone Periapt","Old Coin","Matryoshka"],"card_choices":[{"not_picked":["Wild Strike","Pommel Strike"],"picked":"Rampage"},{"not_picked":["Seeing Red","Blood for Blood"],"picked":"Pommel Strike"},{"not_picked":["Pommel Strike","Twin Strike"],"picked":"Flame Barrier"},{"not_picked":["Heavy Blade","Clothesline"],"picked":"Offering"},{"not_picked":["Perfected Strike","Rupture"],"picked":"Headbutt"},{"not_picked":["Brutality","Berserk"],"picked":"Limit Break"},{"not_picked":["Clothesline","Sever Soul"],"picked":"Warcry"},{"not_picked":["Flex","Pummel"],"picked":"Headbutt"},{"not_picked":["Ghostly Armor","Havoc"],"picked":"Heavy Blade"},{"not_picked":["Clash","Perfected Strike"],"picked":"Double Tap"},{"not_picked":["Iron Wave","Clash"],"picked":"Flex"},{"not_picked":["Warcry","Twin Strike"],"picked":"Flex"},{"not_picked":["Double Tap","Fiend Fire"],"picked":"Reaper"},{"not_picked":["Ghostly Armor","Iron Wave"],"picked":"Pommel Strike"},{"not_picked":["Infernal Blade","Disarm"],"picked":"Seeing Red"},{"not_picked":["Body Slam","True Grit"],"picked":"Headbutt"},{"not_picked":["Twin Strike","Havoc"],"picked":"Flame Barrier"},{"not_picked":["Reckless Charge","Rage"],"picked":"True Grit"}],"player_experience":123466,"potions_floor_usage":[7,16,16],"damage_taken":[{"damage":6,"enemies":"Cultist","floor":1,"turns":3},{"damage":0,"enemies":"2 Louse","floor":4,"turns":3},{"damage":1,"enemies":"Small Slimes","floor":7,"turns":2},{"damage":0,"enemies":"Looter","floor":10,"turns":4},{"damage":1,"enemies":"Exordium Wildlife","floor":12,"turns":3},{"damage":5,"enemies":"3 Louse","floor":13,"turns":3},{"damage":4,"enemies":"Lots of Slimes","floor":14,"turns":4},{"damage":27,"enemies":"Slime Boss","floor":16,"turns":7},{"damage":5,"enemies":"2 Thieves","floor":18,"turns":4},{"damage":5,"enemies":"3 Byrds","floor":20,"turns":4},{"damage":25,"enemies":"Snake Plant","floor":21,"turns":3},{"damage":17,"enemies":"Slavers","floor":23,"turns":4},{"damage":16,"enemies":"Gremlin Leader","floor":25,"turns":5},{"damage":6,"enemies":"3 Cultists","floor":28,"turns":4},{"damage":4,"enemies":"Chosen and Byrds","floor":29,"turns":4},{"damage":8,"enemies":"Slaver and Parasite","floor":30,"turns":6},{"damage":4,"enemies":"Centurion and Healer","floor":31,"turns":2},{"damage":12,"enemies":"Champ","floor":33,"turns":6},{"damage":5,"enemies":"3 Shapes","floor":35,"turns":3},{"damage":20,"enemies":"3 Darklings","floor":37,"turns":3},{"damage":4,"enemies":"Giant Head","floor":40,"turns":2},{"damage":15,"enemies":"4 Shapes","floor":44,"turns":8},{"damage":14,"enemies":"Maw","floor":46,"turns":5},{"damage":5,"enemies":"Nemesis","floor":48,"turns":5},{"damage":88,"enemies":"Donu and Deca","floor":50,"turns":5}],"event_choices":[{"event_name":"The Cleric","player_choice":"Card Removal","floor":2,"damage_taken":0},{"event_name":"World of Goop","player_choice":"Gather Gold","floor":3,"damage_taken":0},{"event_name":"Scrap Ooze","player_choice":"success","floor":5,"damage_taken":12},{"event_name":"The Mausoleum","player_choice":"Yes","floor":22,"damage_taken":0},{"event_name":"Winding Halls","player_choice":"Embrace Madness","floor":38,"damage_taken":0},{"event_name":"Tomb of Lord Red Mask","player_choice":"Ignored","floor":39,"damage_taken":0}],"boss_relics":[{"not_picked":["Black Blood","Runic Pyramid"],"picked":"Sozu"},{"not_picked":["Orrery","Cursed Key"],"picked":"Eternal Feather"}],"potions_floor_spawned":[4,10,14,18,25,28,29,31,33,37,48],"seed_played":"563627405721967463","killed_by":"Donu and Deca","ascension_level":1,"is_trial":false}