{"path_per_floor":["M","?","M","M","$","R","M","R","T","M","E","M","M","?","R","B",null,"M","M","$","M","M"],"character_chosen":"IRONCLAD","items_purchased":["Inflame","Shrug It Off","Shrug It Off","Self Forming Clay"],"gold_per_floor":[115,115,134,154,39,39,58,58,104,123,152,165,179,254,254,349,349,364,381,11,28,43],"floor_reached":23,"campfire_rested":1,"playtime":1719,"current_hp_per_floor":[80,73,78,80,80,80,72,72,72,65,57,33,39,28,52,20,80,58,44,44,28,24],"items_purged":["Strike_R","Defend_R"],"gold":43,"score":222,"play_id":"5af34582-7d8d-4f0c-9406-c9cb7bc502ad","is_prod":false,"is_daily":false,"is_ascension_mode":false,"campfire_upgraded":2,"path_taken":["M","?","M","M","$","R","?","R","T","M","E","M","M","?","R","BOSS","M","?","$","M","M","E"],"build_version":"2018-02-15-PROD1","purchased_purges":2,"victory":false,"master_deck":["Strike_R","Strike_R","Strike_R","Strike_R","Defend_R","Defend_R","Bash","Limit Break+1","Rampage+1","Inflame","Inflame","Heavy Blade","Warcry","Ghostly Armor","Headbutt","Limit Break","Ghostly Armor+1","Warcry+1","Shrug It Off","Shrug It Off","Heavy Blade"],"max_hp_per_floor":[80,80,80,80,80,80,80,80,80,80,80,80,80,80,80,80,80,80,80,80,80,80],"relics":["Black Blood","Oddly Smooth Stone","The Courier","Self Forming Clay"],"card_choices":[{"not_picked":["Perfected Strike","Sentinel"],"picked":"Rampage"},{"not_picked":["Body Slam","Reckless Charge"],"picked":"Inflame"},{"not_picked":["Uppercut","Spot Weakness"],"picked":"Heavy Blade"},{"not_picked":["Wild Strike","Bloodletting"],"picked":"Warcry"},{"not_picked":["Intimidate","Power Through"],"picked":"Ghostly Armor"},{"not_picked":["Thunderclap","Pommel Strike"],"picked":"Headbutt"},{"not_picked":["Offering","Brutality"],"picked":"Limit Break"},{"not_picked":["Havoc","Twin Strike"],"picked":"Ghostly Armor"},{"not_picked":["Sword Boomerang","Perfected Strike"],"picked":"Warcry"},{"not_picked":["Twin Strike","Warcry"],"picked":"Heavy Blade"}],"player_experience":107877,"potions_floor_usage":[7,11,16,19,21,23],"damage_taken":[{"damage":6,"enemies":"Jaw Worm","floor":1,"turns":4},{"damage":1,"enemies":"Cultist","floor":3,"turns":3},{"damage":0,"enemies":"Small Slimes","floor":4,"turns":3},{"damage":14,"enemies":"Blue Slaver","floor":7,"turns":4},{"damage":13,"enemies":"Red Slaver","floor":10,"turns":3},{"damage":14,"enemies":"Gremlin Nob","floor":11,"turns":3},{"damage":30,"enemies":"Gremlin Gang","floor":12,"turns":5},{"damage":0,"enemies":"Looter","floor":13,"turns":4},{"damage":38,"enemies":"The Guardian","floor":16,"turns":10},{"damage":32,"enemies":"3 Byrds","floor":18,"turns":6},{"damage":24,"enemies":"Spheric Guardian","floor":19,"turns":5},{"damage":26,"enemies":"Centurion and Healer","floor":21,"turns":6},{"damage":14,"enemies":"Snake Plant","floor":22,"turns":6},{"damage":32,"enemies":"Slavers","floor":23,"turns":1}],"event_choices":[{"event_name":"Golden Wing","player_choice":"Card Removal","floor":2,"damage_taken":0},{"event_name":"World of Goop","player_choice":"Gather Gold","floor":14,"damage_taken":0}],"boss_relics":[{"not_picked":["Mark of Pain","Snecko Eye"],"picked":"Black Blood"}],"potions_floor_spawned":[3,10,12,13,19,21,22],"seed_played":"-5675084957210756708","killed_by":"Slavers","ascension_level":0,"is_trial":false}