{"path_per_floor":["M","M","?","$","?","E","M","E","T","M","?","$","R","?","R","B",null,"M","?","M","M","?","R","M","R","T","R","M","M","$","?","R"],"character_chosen":"IRONCLAD","items_purchased":["Evolve","Sever Soul"],"gold_per_floor":[115,131,131,56,56,84,100,126,126,145,145,15,15,15,15,113,113,123,38,58,77,77,77,95,95,95,95,111,131,44,44,44],"floor_reached":33,"campfire_rested":2,"playtime":1921,"current_hp_per_floor":[80,80,80,80,73,81,84,78,78,78,61,61,61,61,61,49,86,72,72,66,55,55,55,46,76,76,76,70,53,53,53,85],"items_purged":["Defend_R","Strike_R","Strike_R"],"gold":44,"score":361,"play_id":"7ff31ee9-3490-4c1b-8f91-178b0bacc4d0","is_prod":false,"is_daily":false,"is_ascension_mode":true,"campfire_upgraded":4,"path_taken":["M","M","?","$","?","E","?","E","T","M","?","$","R","?","R","BOSS","M","?","?","M","?","R","M","R","T","R","M","M","$","?","R","BOSS"],"build_version":"2018-02-15-PROD1","purchased_purges":3,"victory":false,"master_deck":["Strike_R+1","Strike_R+1","Defend_R","Defend_R","Bash","Rampage+1","Headbutt","Power Through+1","Evolve+1","Feed","Sever Soul","Whirlwind+1","Evolve+1","Dark Embrace","Sever Soul"],"max_hp_per_floor":[80,80,80,80,80,82,84,84,84,86,86,86,86,86,86,86,86,89,89,92,97,97,97,100,100,100,100,105,108,108,108,108],"relics":["Burning Blood","NeowsBlessing","Singing Bowl","Smiling Mask","Mummified Hand","Mark of Pain","Art of War","Lantern","Ice Cream"],"card_choices":[{"not_picked":["Clash","Infernal Blade"],"picked":"Rampage"},{"not_picked":["Armaments","Demon Form"],"picked":"Headbutt"},{"not_picked":["Disarm","Inflame"],"picked":"Power Through"},{"not_picked":["Brutality","Double Tap"],"picked":"Feed"},{"not_picked":["Body Slam","Clothesline"],"picked":"Sever Soul"},{"not_picked":["Searing Blow","Anger"],"picked":"Whirlwind"},{"not_picked":["Clothesline","Sword Boomerang"],"picked":"Evolve"},{"not_picked":["Clothesline","Spot Weakness"],"picked":"Dark Embrace"}],"player_experience":146966,"potions_floor_usage":[8,8,10,16,21,21,29],"damage_taken":[{"damage":0,"enemies":"Small Slimes","floor":1,"turns":1},{"damage":0,"enemies":"Cultist","floor":2,"turns":1},{"damage":0,"enemies":"Lagavulin","floor":6,"turns":1},{"damage":0,"enemies":"2 Louse","floor":7,"turns":2},{"damage":12,"enemies":"Gremlin Nob","floor":8,"turns":3},{"damage":8,"enemies":"Blue Slaver","floor":10,"turns":4},{"damage":18,"enemies":"Slime Boss","floor":16,"turns":9},{"damage":23,"enemies":"Shell Parasite","floor":18,"turns":5},{"damage":15,"enemies":"3 Byrds","floor":20,"turns":6},{"damage":22,"enemies":"Snake Plant","floor":21,"turns":4},{"damage":18,"enemies":"Snecko","floor":24,"turns":4},{"damage":17,"enemies":"Centurion and Healer","floor":28,"turns":4},{"damage":26,"enemies":"Snake Plant","floor":29,"turns":4},{"damage":94,"enemies":"Automaton","floor":33,"turns":6}],"event_choices":[{"event_name":"The Lab","player_choice":"Got Potions","floor":3,"damage_taken":0},{"event_name":"Golden Wing","player_choice":"Card Removal","floor":5,"damage_taken":0},{"event_name":"Shining Light","player_choice":"Entered Light","floor":11,"damage_taken":0},{"event_name":"Bonfire Elementals","player_choice":"BASIC","floor":14,"damage_taken":0},{"event_name":"Addict","player_choice":"Obtained Relic","floor":19,"damage_taken":0},{"event_name":"The Mausoleum","player_choice":"Yes","floor":22,"damage_taken":0},{"event_name":"Cursed Tome","player_choice":"Ignored","floor":31,"damage_taken":0}],"boss_relics":[{"not_picked":["Pandora\u0027s Box","Tiny House"],"picked":"Mark of Pain"}],"potions_floor_spawned":[6,10,16,20,24],"seed_played":"-6828469611613925616","killed_by":"Automaton","ascension_level":4,"is_trial":false}