{"path_per_floor":["M","?","?","?","?","E","R","M","T","M","M","E","T","M","R","B",null,"M","$","M","?","M","E","R","M","T","$","?","M","E","M","R","B",null,"M","M","$","?","M","R","E","M","T","M","$","M","R","M","R","B"],"character_chosen":"IRONCLAD","items_purchased":["Self Forming Clay","Apotheosis","Pen Nib","Shrug It Off"],"gold_per_floor":[111,111,111,111,111,145,145,156,186,201,214,245,245,262,262,367,367,378,45,62,62,78,107,107,117,189,5,5,22,47,63,63,163,163,179,191,12,12,29,29,56,67,92,104,4,20,20,40,40,40],"floor_reached":51,"campfire_rested":2,"playtime":3886,"current_hp_per_floor":[80,73,78,71,63,69,69,75,75,81,85,82,82,85,85,52,85,80,80,83,83,75,78,78,83,83,83,83,89,48,36,65,24,93,95,88,88,88,99,99,101,82,82,71,71,73,109,111,111,83],"items_purged":["Strike_R","Strike_R"],"gold":40,"score":747,"play_id":"652a0549-c332-4503-b7b1-d30d2bb2aa32","is_prod":false,"is_daily":false,"is_ascension_mode":true,"campfire_upgraded":5,"path_taken":["M","?","?","?","?","E","R","M","T","M","M","E","?","?","R","BOSS","M","$","M","?","?","E","R","M","T","$","?","M","E","M","R","BOSS","M","M","?","?","?","R","E","M","T","M","$","?","R","M","R","BOSS"],"build_version":"2018-02-15-PROD1","purchased_purges":2,"victory":true,"master_deck":["Strike_R","Strike_R","Strike_R","Defend_R","Defend_R","Defend_R","Bash","Thunderclap","Flex+1","Heavy Blade+1","Demon Form+1","Flame Barrier","Headbutt","Dropkick","Reaper","Intimidate","Shrug It Off","True Grit+1","Apotheosis+1","Writhe","Demon Form","Limit Break+1","Shrug It Off","Limit Break"],"max_hp_per_floor":[80,80,85,85,85,85,85,85,85,85,85,85,85,85,85,85,85,85,85,85,85,85,85,85,87,87,87,87,89,91,91,93,93,93,95,97,97,97,99,99,101,103,103,105,105,107,109,111,111,111],"relics":["Burning Blood","NeowsBlessing","Orichalcum","Bag of Marbles","Tiny Chest","Dream Catcher","Ice Cream","Sozu","Self Forming Clay","Singing Bowl","Paper Frog","Mummified Hand","Lantern","Eternal Feather","Pen Nib","Bag of Preparation","Ancient Tea Set"],"card_choices":[{"not_picked":["Intimidate","Iron Wave"],"picked":"Thunderclap"},{"not_picked":["Seeing Red","True Grit"],"picked":"Flex"},{"not_picked":["Sword Boomerang","Wild Strike"],"picked":"Heavy Blade"},{"not_picked":["Clothesline","Iron Wave"],"picked":"Demon Form"},{"not_picked":["True Grit","Wild Strike"],"picked":"Flame Barrier"},{"not_picked":["Sever Soul","Pommel Strike"],"picked":"Headbutt"},{"not_picked":["Wild Strike","Uppercut"],"picked":"Dropkick"},{"not_picked":["Feed","Demon Form"],"picked":"Reaper"},{"not_picked":["Corruption","Thunderclap"],"picked":"Intimidate"},{"not_picked":["Perfected Strike","Havoc"],"picked":"True Grit"},{"not_picked":["Cleave","Heavy Blade"],"picked":"Demon Form"},{"not_picked":["Impervious","Reaper"],"picked":"Limit Break"}],"player_experience":184666,"potions_floor_usage":[12,16],"damage_taken":[{"damage":0,"enemies":"2 Louse","floor":1,"turns":1},{"damage":0,"enemies":"Gremlin Nob","floor":6,"turns":1},{"damage":0,"enemies":"Jaw Worm","floor":8,"turns":1},{"damage":0,"enemies":"Cultist","floor":10,"turns":3},{"damage":0,"enemies":"Large Slime","floor":11,"turns":3},{"damage":9,"enemies":"3 Sentries","floor":12,"turns":5},{"damage":0,"enemies":"Looter","floor":14,"turns":3},{"damage":39,"enemies":"The Guardian","floor":16,"turns":9},{"damage":21,"enemies":"Spheric Guardian","floor":18,"turns":4},{"damage":12,"enemies":"Shell Parasite","floor":20,"turns":4},{"damage":18,"enemies":"Snake Plant","floor":22,"turns":4},{"damage":45,"enemies":"Gremlin Leader","floor":23,"turns":8},{"damage":24,"enemies":"3 Cultists","floor":25,"turns":5},{"damage":11,"enemies":"Centurion and Healer","floor":29,"turns":6},{"damage":59,"enemies":"Book of Stabbing","floor":30,"turns":8},{"damage":18,"enemies":"Snake Plant","floor":31,"turns":2},{"damage":73,"enemies":"Collector","floor":33,"turns":7},{"damage":31,"enemies":"3 Darklings","floor":35,"turns":5},{"damage":15,"enemies":"Orb Walker","floor":36,"turns":3},{"damage":26,"enemies":"Sphere and 2 Shapes","floor":39,"turns":9},{"damage":24,"enemies":"Nemesis","floor":41,"turns":5},{"damage":55,"enemies":"3 Darklings","floor":42,"turns":6},{"damage":19,"enemies":"4 Shapes","floor":44,"turns":7},{"damage":40,"enemies":"Sphere and 2 Shapes","floor":46,"turns":5},{"damage":29,"enemies":"3 Darklings","floor":48,"turns":5},{"damage":70,"enemies":"Time Eater","floor":50,"turns":5}],"event_choices":[{"event_name":"Scrap Ooze","player_choice":"success","floor":2,"damage_taken":7},{"event_name":"Big Fish","player_choice":"Donut","floor":3,"damage_taken":0},{"event_name":"Golden Wing","player_choice":"Card Removal","floor":4,"damage_taken":0},{"event_name":"Wheel of Change","player_choice":"Damage","floor":5,"damage_taken":0},{"event_name":"The Library","player_choice":"Read","floor":21,"damage_taken":0},{"event_name":"The Mausoleum","player_choice":"Yes","floor":28,"damage_taken":0},{"event_name":"Duplicator","player_choice":"One dupe","floor":38,"damage_taken":0}],"boss_relics":[{"not_picked":["White Beast Statue","Tiny House"],"picked":"Sozu"},{"not_picked":["Runic Dome","Question Card"],"picked":"Eternal Feather"}],"potions_floor_spawned":[1,11,12,16,20,23,29,30,36,39,46,48],"seed_played":"-51413441702003659","ascension_level":4,"is_trial":false}