{"path_per_floor":["M","?","?","$","?","E","R","M","T","E","$","M","M","?","R","B",null,"M","?","$","M","M","R","E","R","T","R","M","T","$","M","R","B",null,"M","$","?","M","?","R","E","R","T","?","M","?","T","M","R","B"],"character_chosen":"IRONCLAD","items_purchased":["Shrug It Off","Flash of Steel","Inflame"],"gold_per_floor":[110,110,110,35,35,68,68,83,155,183,83,96,108,129,129,228,228,246,246,7,26,41,41,66,66,66,66,79,79,10,21,21,124,124,143,143,143,160,160,160,186,186,211,311,328,0,0,19,19,19],"floor_reached":51,"campfire_rested":2,"playtime":1931,"current_hp_per_floor":[78,83,76,76,69,75,75,83,83,67,67,69,70,74,74,44,82,84,84,84,88,74,74,55,55,55,55,59,59,59,60,99,26,82,84,84,71,68,68,103,93,93,93,93,79,79,79,80,80,59],"items_purged":["Strike_R","Strike_R","Strike_R"],"gold":19,"score":1054,"play_id":"228a9fbd-4cbd-4c4b-b4f5-87a7d853bbc4","local_time":"20180310160722","is_prod":false,"is_daily":false,"is_ascension_mode":true,"campfire_upgraded":7,"timestamp":1520726842,"path_taken":["M","?","?","$","?","E","R","?","T","E","$","M","M","?","R","BOSS","M","?","$","?","M","R","E","R","T","R","M","?","?","M","R","BOSS","M","$","?","M","?","R","E","R","T","?","M","?","?","M","R","BOSS"],"build_version":"2018-03-08-BETA","purchased_purges":3,"victory":true,"master_deck":["Strike_R","Defend_R+1","Defend_R+1","Defend_R","Defend_R+1","Bash+1","Offering+1","Rampage+1","Ghostly Armor","Headbutt+1","Shrug It Off+1","Flash of Steel+1","Warcry+1","Thunderclap+1","Inflame+1","Battle Trance+1","True Grit+1","Madness"],"max_hp_per_floor":[80,85,85,85,85,85,85,87,87,89,89,91,91,93,93,95,95,95,95,95,97,97,97,97,97,97,97,99,99,99,99,99,101,101,101,101,101,103,103,103,105,105,105,105,107,107,107,109,109,109],"relics":["Burning Blood","NeowsBlessing","Molten Egg 2","Singing Bowl","Meat on the Bone","Bag of Preparation","Odd Mushroom","Runic Dome","Regal Pillow","Bag of Marbles","Dead Branch","Sozu","Ginger","War Paint","Red Mask","Charon\u0027s Ashes"],"card_choices":[{"not_picked":["Armaments","Twin Strike"],"picked":"Offering"},{"not_picked":["Wild Strike","Bloodletting"],"picked":"Rampage"},{"not_picked":["Perfected Strike","Havoc"],"picked":"Ghostly Armor"},{"not_picked":["Clothesline","Flex"],"picked":"Headbutt"},{"not_picked":["Perfected Strike","Sword Boomerang"],"picked":"Warcry"},{"not_picked":["Rampage","Sentinel"],"picked":"Thunderclap"},{"not_picked":["Flex","Flame Barrier"],"picked":"Battle Trance"},{"not_picked":["Combust","Shrug It Off"],"picked":"True Grit"}],"player_experience":97620,"potions_floor_usage":[14,14,16,16,41,50],"damage_taken":[{"damage":0,"enemies":"2 Louse","floor":1,"turns":1},{"damage":0,"enemies":"3 Sentries","floor":6,"turns":1},{"damage":0,"enemies":"Jaw Worm","floor":8,"turns":1},{"damage":24,"enemies":"Lagavulin","floor":10,"turns":4},{"damage":6,"enemies":"Small Slimes","floor":12,"turns":3},{"damage":5,"enemies":"Looter","floor":13,"turns":2},{"damage":4,"enemies":"The Mushroom Lair","floor":14,"turns":3},{"damage":50,"enemies":"Hexaghost","floor":16,"turns":8},{"damage":4,"enemies":"Chosen","floor":18,"turns":4},{"damage":4,"enemies":"2 Thieves","floor":21,"turns":2},{"damage":20,"enemies":"Snake Plant","floor":22,"turns":2},{"damage":25,"enemies":"Slavers","floor":24,"turns":7},{"damage":4,"enemies":"3 Cultists","floor":28,"turns":3},{"damage":17,"enemies":"Sentry and Sphere","floor":31,"turns":4},{"damage":93,"enemies":"Champ","floor":33,"turns":10},{"damage":4,"enemies":"Flame Bruiser 1 Orb","floor":35,"turns":3},{"damage":11,"enemies":"3 Shapes","floor":38,"turns":3},{"damage":18,"enemies":"2 Orb Walkers","floor":41,"turns":5},{"damage":22,"enemies":"Sphere and 2 Shapes","floor":45,"turns":5},{"damage":7,"enemies":"Maw","floor":48,"turns":4},{"damage":39,"enemies":"Donu and Deca","floor":50,"turns":7}],"event_choices":[{"event_name":"Big Fish","player_choice":"Donut","floor":2,"damage_taken":0},{"event_name":"Golden Wing","player_choice":"Card Removal","floor":3,"damage_taken":0},{"event_name":"Scrap Ooze","player_choice":"success","floor":5,"damage_taken":7},{"event_name":"Mushrooms","player_choice":"Fought Mushrooms","floor":14,"damage_taken":0},{"event_name":"Vampires","player_choice":"Ignored","floor":19,"damage_taken":0},{"event_name":"Winding Halls","player_choice":"Embrace Madness","floor":37,"damage_taken":0},{"event_name":"Golden Shrine","player_choice":"Pray","floor":44,"damage_taken":0},{"event_name":"Tomb of Lord Red Mask","player_choice":"Paid","floor":46,"damage_taken":0}],"boss_relics":[{"not_picked":["White Beast Statue","Runic Cube"],"picked":"Runic Dome"},{"not_picked":["Orrery","Lizard Tail"],"picked":"Sozu"}],"potions_floor_spawned":[6,10,12,14,22,33,38,45],"seed_played":"-8019732925830477758","ascension_level":6,"is_trial":false}