{"path_per_floor":["M","M","?","M","M","R","M","$","T","M","M","R","M","M","R","B",null,"M","?","$","T","M","R","M"],"character_chosen":"IRONCLAD","items_purchased":["Warcry","Inflame","Shrug It Off"],"gold_per_floor":[109,126,126,144,158,158,170,50,73,83,100,100,110,124,124,224,224,244,244,14,41,61,61,75],"floor_reached":25,"campfire_rested":1,"playtime":1276,"current_hp_per_floor":[73,75,75,80,44,68,58,58,58,64,67,67,64,67,67,71,78,52,52,52,59,54,54,21],"items_purged":["Strike_R","Strike_R"],"gold":75,"score":269,"play_id":"133bafd0-2846-4356-b883-d58c41bf47c3","local_time":"20180312072408","is_prod":false,"is_daily":false,"is_ascension_mode":true,"campfire_upgraded":3,"timestamp":1520864648,"path_taken":["M","M","?","M","M","R","M","$","T","M","M","R","M","M","R","BOSS","M","?","$","?","M","R","?","M"],"build_version":"2018-03-08-BETA","purchased_purges":2,"victory":false,"master_deck":["Strike_R","Strike_R","Defend_R","Defend_R","Defend_R","Defend_R","Bash","Feel No Pain","Thunderclap","Heavy Blade+1","Carnage","Warcry","Warcry","Headbutt","Bludgeon+1","Limit Break+1","Disarm","Inflame","Shrug It Off"],"max_hp_per_floor":[80,80,80,80,80,80,80,80,80,80,80,80,80,80,80,80,80,80,80,80,87,87,87,87],"relics":["Burning Blood","Bag of Preparation","Mark of Pain","Strawberry"],"card_choices":[{"not_picked":["Perfected Strike","Anger"],"picked":"Feel No Pain"},{"not_picked":["Perfected Strike","Pummel"],"picked":"Thunderclap"},{"not_picked":["Cleave","Sword Boomerang"],"picked":"Heavy Blade"},{"not_picked":["Rupture","Burning Pact"],"picked":"Carnage"},{"not_picked":["Anger","Heavy Blade"],"picked":"Warcry"},{"not_picked":["Wild Strike","Sword Boomerang"],"picked":"Headbutt"},{"not_picked":["Corruption","Body Slam"],"picked":"Bludgeon"},{"not_picked":["Exhume","Barricade"],"picked":"Limit Break"},{"not_picked":["Power Through","Anger"],"picked":"Disarm"}],"player_experience":108974,"potions_floor_usage":[2,4,13,16,16,24],"damage_taken":[{"damage":5,"enemies":"Small Slimes","floor":1,"turns":5},{"damage":4,"enemies":"Jaw Worm","floor":2,"turns":4},{"damage":1,"enemies":"Cultist","floor":4,"turns":3},{"damage":42,"enemies":"Exordium Thugs","floor":5,"turns":4},{"damage":16,"enemies":"Blue Slaver","floor":7,"turns":4},{"damage":0,"enemies":"Large Slime","floor":10,"turns":5},{"damage":3,"enemies":"Exordium Thugs","floor":11,"turns":4},{"damage":9,"enemies":"Lots of Slimes","floor":13,"turns":5},{"damage":3,"enemies":"Looter","floor":14,"turns":4},{"damage":2,"enemies":"Slime Boss","floor":16,"turns":6},{"damage":32,"enemies":"3 Byrds","floor":18,"turns":7},{"damage":11,"enemies":"2 Thieves","floor":22,"turns":4},{"damage":51,"enemies":"Cultist and Chosen","floor":24,"turns":5},{"damage":22,"enemies":"3 Cultists","floor":25,"turns":3}],"event_choices":[{"event_name":"Liars Game","player_choice":"disagreed","floor":3,"damage_taken":0},{"event_name":"Addict","player_choice":"Ignored","floor":19,"damage_taken":0}],"boss_relics":[{"not_picked":["White Beast Statue","Astrolabe"],"picked":"Mark of Pain"}],"potions_floor_spawned":[1,2,5,11,14,18],"seed_played":"6320758705714996069","killed_by":"3 Cultists","ascension_level":7,"is_trial":false}