{"path_per_floor":["M","M","M","?","$","R","$","E","T","?","M","R","?","M","R","B",null,"M","M"],"character_chosen":"IRONCLAD","items_purchased":["Oddly Smooth Stone","Poison Potion"],"gold_per_floor":[209,228,244,319,244,244,45,74,74,102,114,114,64,79,79,174,174,191,209],"floor_reached":20,"campfire_rested":2,"playtime":801,"current_hp_per_floor":[78,80,80,69,69,69,69,47,47,8,10,34,34,40,64,42,80,42,26],"items_purged":["Strike_R"],"gold":209,"score":200,"play_id":"62d635a0-54c0-4f51-8f7b-769f2f8cc256","local_time":"20180303101047","is_prod":false,"is_daily":false,"is_ascension_mode":true,"campfire_upgraded":1,"timestamp":1520100647,"path_taken":["M","M","M","?","$","R","$","E","T","?","M","R","?","M","R","BOSS","M","M","M"],"build_version":"2018-03-02-BETA2","purchased_purges":1,"victory":false,"master_deck":["Strike_R","Strike_R","Strike_R","Defend_R","Defend_R","Defend_R","Defend_R","Bash","Rampage+1","Evolve","Seeing Red","Headbutt","Brutality","Headbutt"],"max_hp_per_floor":[80,80,80,80,80,80,80,80,80,80,80,80,80,80,80,80,80,80,80],"relics":["Black Blood","Oddly Smooth Stone","Juzu Bracelet","Ice Cream","Odd Mushroom"],"card_choices":[{"not_picked":["Immolate","Sword Boomerang"],"picked":"Rampage"},{"not_picked":["Pommel Strike","True Grit"],"picked":"Evolve"},{"not_picked":["Carnage","Headbutt"],"picked":"Seeing Red"},{"not_picked":["Clothesline","Perfected Strike"],"picked":"Headbutt"},{"not_picked":["Berserk","Exhume"],"picked":"Brutality"},{"not_picked":["Carnage","Spot Weakness"],"picked":"Headbutt"}],"player_experience":71748,"potions_floor_usage":[3,8,11,16,20],"damage_taken":[{"damage":8,"enemies":"2 Louse","floor":1,"turns":3},{"damage":3,"enemies":"Jaw Worm","floor":2,"turns":4},{"damage":0,"enemies":"Small Slimes","floor":3,"turns":2},{"damage":28,"enemies":"Gremlin Nob","floor":8,"turns":4},{"damage":45,"enemies":"The Mushroom Lair","floor":10,"turns":6},{"damage":4,"enemies":"2 Fungi Beasts","floor":11,"turns":4},{"damage":0,"enemies":"Exordium Wildlife","floor":14,"turns":4},{"damage":28,"enemies":"Slime Boss","floor":16,"turns":7},{"damage":48,"enemies":"2 Thieves","floor":18,"turns":4},{"damage":26,"enemies":"Spheric Guardian","floor":19,"turns":4},{"damage":45,"enemies":"Cultist and Chosen","floor":20,"turns":3}],"event_choices":[{"event_name":"World of Goop","player_choice":"Gather Gold","floor":4,"damage_taken":0},{"event_name":"Mushrooms","player_choice":"Fought Mushrooms","floor":10,"damage_taken":0},{"event_name":"The Cleric","player_choice":"Card Removal","floor":13,"damage_taken":0}],"boss_relics":[{"not_picked":["Orrery","Cursed Key"],"picked":"Black Blood"}],"potions_floor_spawned":[1,2,14,18],"seed_played":"-2321753416281910251","killed_by":"Cultist and Chosen","ascension_level":3,"is_trial":false}