{"path_per_floor":["M","M","M","M","M","R","?","R","T","M","R","E","M","E","R","B",null,"M","M","?","$","M","R","$","R","T","M","M","R","$","M","R"],"character_chosen":"IRONCLAD","items_purchased":["Shrug It Off","Magic Flower"],"gold_per_floor":[17,31,46,62,77,77,77,77,128,146,146,178,195,223,223,322,352,362,375,375,42,59,59,59,59,59,78,91,91,11,21,21],"floor_reached":33,"campfire_rested":0,"playtime":1874,"current_hp_per_floor":[80,80,80,80,80,80,80,80,80,80,80,70,71,73,73,40,85,85,78,78,78,64,64,64,64,64,62,70,70,70,59,59],"items_purged":["Defend_R","Strike_R"],"gold":21,"score":274,"play_id":"6847a11a-8429-4897-bb57-56ba17ad79cb","local_time":"20180302225643","is_prod":false,"is_daily":false,"is_ascension_mode":true,"campfire_upgraded":8,"timestamp":1520060203,"path_taken":["M","M","?","M","M","R","?","R","T","?","R","E","?","E","R","BOSS","M","M","?","$","M","R","$","R","T","M","M","R","?","M","R","BOSS"],"build_version":"2018-03-02-BETA2","purchased_purges":2,"victory":false,"master_deck":["Strike_R","Strike_R","Strike_R+1","Strike_R","Defend_R","Defend_R+1","Defend_R","Bash+1","Iron Wave+1","Body Slam+1","Entrench+1","Offering","Headbutt","Double Tap","Seeing Red","Body Slam+1","Shrug It Off+1","Armaments+1","Iron Wave","Thunderclap+1","Shrug It Off+1"],"max_hp_per_floor":[80,80,80,80,80,80,80,80,80,80,80,80,80,80,80,80,85,85,85,85,85,85,85,85,85,85,85,85,85,85,85,85],"relics":["Burning Blood","Torii","The Courier","Prayer Wheel","Vajra","Tiny House","Nloth\u0027s Gift","Magic Flower","Bird Faced Urn"],"card_choices":[{"not_picked":["Warcry","Clothesline"],"picked":"Iron Wave"},{"not_picked":["Anger","Infernal Blade"],"picked":"Body Slam"},{"not_picked":["Cleave","Anger"],"picked":"Entrench"},{"not_picked":["Inflame","Infernal Blade"],"picked":"Offering"},{"not_picked":["Intimidate","Dark Embrace"],"picked":"Headbutt"},{"not_picked":["Fiend Fire","Berserk"],"picked":"Double Tap"},{"not_picked":["Sever Soul","Headbutt"],"picked":"Seeing Red"},{"not_picked":["Seeing Red","Sword Boomerang"],"picked":"Body Slam"},{"not_picked":["Wild Strike","Brutality"],"picked":"Armaments"},{"not_picked":["Shockwave","Armaments"],"picked":"Iron Wave"},{"not_picked":["Anger","Body Slam"],"picked":"Thunderclap"},{"not_picked":["Shockwave","Flex"],"picked":"Shrug It Off"}],"player_experience":56842,"potions_floor_usage":[14,14,18,18,28,28],"damage_taken":[{"damage":6,"enemies":"Cultist","floor":1,"turns":3},{"damage":1,"enemies":"2 Louse","floor":2,"turns":3},{"damage":6,"enemies":"Jaw Worm","floor":3,"turns":3},{"damage":1,"enemies":"Exordium Thugs","floor":4,"turns":4},{"damage":2,"enemies":"Red Slaver","floor":5,"turns":5},{"damage":4,"enemies":"Looter","floor":10,"turns":2},{"damage":16,"enemies":"3 Sentries","floor":12,"turns":9},{"damage":5,"enemies":"Gremlin Gang","floor":13,"turns":5},{"damage":4,"enemies":"Gremlin Nob","floor":14,"turns":3},{"damage":39,"enemies":"The Guardian","floor":16,"turns":12},{"damage":4,"enemies":"Spheric Guardian","floor":18,"turns":2},{"damage":13,"enemies":"Chosen","floor":19,"turns":5},{"damage":23,"enemies":"3 Cultists","floor":22,"turns":7},{"damage":11,"enemies":"Sentry and Sphere","floor":27,"turns":6},{"damage":1,"enemies":"Centurion and Healer","floor":28,"turns":6},{"damage":20,"enemies":"Chosen and Byrds","floor":31,"turns":4},{"damage":70,"enemies":"Collector","floor":33,"turns":6}],"event_choices":[{"event_name":"Dead Adventurer","player_choice":"Searched \u00271\u0027 times","floor":7,"damage_taken":0},{"event_name":"N\u0027loth","player_choice":"Traded a Mummified Hand","floor":20,"damage_taken":0}],"boss_relics":[{"not_picked":["Cursed Key","Lizard Tail"],"picked":"Tiny House"}],"potions_floor_spawned":[2,4,10,13,22,27],"seed_played":"-2318383953787907359","killed_by":"Collector","ascension_level":1,"is_trial":false}