{"path_per_floor":["M","?","M","?","M","E","R","E","T","M","M","$","R","?","R","B",null,"M","?","M","M","$"],"character_chosen":"IRONCLAD","items_purchased":["War Paint","Headbutt","Weak Potion"],"gold_per_floor":[114,114,127,77,95,129,129,164,164,180,198,23,23,23,23,122,122,142,142,162,182,56],"floor_reached":23,"campfire_rested":0,"playtime":1737,"current_hp_per_floor":[80,80,80,80,74,58,58,39,39,45,51,51,51,77,77,28,80,80,80,80,80,80],"items_purged":["Strike_R"],"gold":56,"score":221,"play_id":"b416fb67-d44b-4345-8658-219593f4c822","local_time":"20180303080836","is_prod":false,"is_daily":false,"is_ascension_mode":true,"campfire_upgraded":3,"timestamp":1520093316,"path_taken":["M","?","M","?","M","E","R","E","T","M","M","$","R","?","R","BOSS","M","?","M","M","$","E"],"build_version":"2018-03-02-BETA2","purchased_purges":1,"victory":false,"master_deck":["Strike_R","Strike_R","Strike_R","Defend_R+1","Defend_R","Bash+1","Evolve","Shrug It Off+1","Armaments+1","Impervious","Thunderclap","Iron Wave","Wild Strike+1","Headbutt","Feed","Shrug It Off+1"],"max_hp_per_floor":[80,80,80,80,80,80,80,80,80,80,80,80,80,80,80,80,80,80,80,80,80,80],"relics":["Black Blood","Darkstone Periapt","Lantern","Anchor","War Paint"],"card_choices":[{"not_picked":["Pommel Strike","Twin Strike"],"picked":"Shrug It Off"},{"not_picked":["Intimidate","True Grit"],"picked":"Armaments"},{"not_picked":["Clothesline","Twin Strike"],"picked":"Impervious"},{"not_picked":["Battle Trance","Intimidate"],"picked":"Thunderclap"},{"not_picked":["Juggernaut","Whirlwind"],"picked":"Iron Wave"},{"not_picked":["Cleave","Feel No Pain"],"picked":"Wild Strike"},{"not_picked":["Fiend Fire","Juggernaut"],"picked":"Feed"}],"player_experience":64548,"potions_floor_usage":[6,16,20,21,23],"damage_taken":[{"damage":0,"enemies":"2 Louse","floor":1,"turns":3},{"damage":1,"enemies":"Cultist","floor":3,"turns":3},{"damage":12,"enemies":"Jaw Worm","floor":5,"turns":4},{"damage":22,"enemies":"Gremlin Nob","floor":6,"turns":5},{"damage":25,"enemies":"3 Sentries","floor":8,"turns":13},{"damage":0,"enemies":"2 Fungi Beasts","floor":10,"turns":4},{"damage":0,"enemies":"Exordium Wildlife","floor":11,"turns":3},{"damage":55,"enemies":"Hexaghost","floor":16,"turns":10},{"damage":7,"enemies":"3 Byrds","floor":18,"turns":7},{"damage":6,"enemies":"Chosen","floor":20,"turns":5},{"damage":9,"enemies":"Snecko","floor":21,"turns":5},{"damage":90,"enemies":"Gremlin Leader","floor":23,"turns":11}],"event_choices":[{"event_name":"Bonfire Elementals","player_choice":"BASIC","floor":2,"damage_taken":0},{"event_name":"The Cleric","player_choice":"Card Removal","floor":4,"damage_taken":0},{"event_name":"Big Fish","player_choice":"Banana","floor":14,"damage_taken":0},{"event_name":"Duplicator","player_choice":"One dupe","floor":19,"damage_taken":0}],"boss_relics":[{"not_picked":["Eternal Feather","Calling Bell"],"picked":"Black Blood"}],"potions_floor_spawned":[1,3,8,18],"seed_played":"-5878335803647267354","killed_by":"Gremlin Leader","ascension_level":2,"is_trial":false}