{"path_per_floor":["M","?","M","?","?","R","E","R","T","R","$","M","R","M","R","B",null,"M","?","?","$","M","R","$","?","T","M","$","R","E","M","R"],"character_chosen":"IRONCLAD","items_purchased":["Self Forming Clay","Juzu Bracelet"],"gold_per_floor":[114,114,134,134,134,134,159,159,213,213,138,148,148,158,158,256,256,266,516,516,28,40,40,40,40,40,59,59,59,92,108,108],"floor_reached":33,"campfire_rested":1,"playtime":1162,"current_hp_per_floor":[79,79,79,79,79,79,69,69,69,69,69,75,75,80,80,29,80,80,80,80,80,80,80,80,80,80,75,75,75,39,38,62],"items_purged":["Strike_R","Regret"],"gold":108,"score":300,"play_id":"89493311-152c-4342-a3a4-c406013c9cc1","local_time":"20180303095701","is_prod":false,"is_daily":false,"is_ascension_mode":true,"campfire_upgraded":7,"timestamp":1520099821,"path_taken":["M","?","M","?","?","R","E","R","T","R","$","?","R","?","R","BOSS","M","?","?","$","M","R","$","?","T","M","?","R","E","M","R","BOSS"],"build_version":"2018-03-02-BETA2","purchased_purges":2,"victory":false,"master_deck":["Strike_R","Strike_R","Strike_R","Defend_R+1","Defend_R","Defend_R","Bash+1","Headbutt+1","Whirlwind+1","Flame Barrier+1","Iron Wave+1","Offering","Flex+1","Heavy Blade+1","Evolve+1"],"max_hp_per_floor":[80,80,80,80,80,80,80,80,80,80,80,80,80,80,80,80,80,80,80,80,80,80,80,80,80,80,80,80,80,80,80,80],"relics":["Burning Blood","Blood Vial","Tiny Chest","Question Card","Self Forming Clay","Juzu Bracelet","Frozen Eye","Bottled Flame"],"card_choices":[{"not_picked":["Dark Embrace","Pommel Strike"],"picked":"Headbutt"},{"not_picked":["Cleave","Burning Pact"],"picked":"Whirlwind"},{"not_picked":["Feel No Pain","Combust"],"picked":"Flame Barrier"},{"not_picked":["Havoc","Anger"],"picked":"Iron Wave"},{"not_picked":["Juggernaut","Immolate"],"picked":"Offering"},{"not_picked":["Feel No Pain","Rupture","Wild Strike"],"picked":"Flex"},{"not_picked":["Sword Boomerang","Seeing Red","Shrug It Off"],"picked":"Heavy Blade"},{"not_picked":["Burning Pact","Perfected Strike","Twin Strike"],"picked":"Evolve"}],"player_experience":70586,"potions_floor_usage":[14,16,22,27,27,33],"damage_taken":[{"damage":7,"enemies":"Small Slimes","floor":1,"turns":3},{"damage":6,"enemies":"Cultist","floor":3,"turns":3},{"damage":16,"enemies":"Gremlin Nob","floor":7,"turns":3},{"damage":2,"enemies":"Jaw Worm","floor":12,"turns":3},{"damage":0,"enemies":"3 Louse","floor":14,"turns":1},{"damage":57,"enemies":"Slime Boss","floor":16,"turns":8},{"damage":4,"enemies":"Chosen","floor":18,"turns":3},{"damage":0,"enemies":"Spheric Guardian","floor":22,"turns":3},{"damage":11,"enemies":"Centurion and Healer","floor":27,"turns":5},{"damage":44,"enemies":"Book of Stabbing","floor":30,"turns":7},{"damage":9,"enemies":"Cultist and Chosen","floor":31,"turns":4},{"damage":84,"enemies":"Collector","floor":33,"turns":7}],"event_choices":[{"event_name":"Bonfire Elementals","player_choice":"BASIC","floor":2,"damage_taken":0},{"event_name":"Accursed Blacksmith","player_choice":"Forge","floor":4,"damage_taken":0},{"event_name":"Liars Game","player_choice":"disagreed","floor":5,"damage_taken":0},{"event_name":"Golden Shrine","player_choice":"Desecrate","floor":19,"damage_taken":0},{"event_name":"Match and Keep!","player_choice":"0 cards matched","floor":20,"damage_taken":0},{"event_name":"Purifier","player_choice":"One Purge","floor":25,"damage_taken":0}],"boss_relics":[{"not_picked":["Philosopher\u0027s Stone","Cursed Key"],"picked":"Question Card"}],"potions_floor_spawned":[1,12,14,18,22,31],"seed_played":"8891792730748795276","killed_by":"Collector","ascension_level":3,"is_trial":false}