{"path_per_floor":["M","?","M","$","M","R","?","R","T","M","M","?","M","?","R","B",null,"M","M","$","?","?","R","M","$","T","R","M","T","M","M","R","B",null,"M","?","$","?","M","R","E","M","T","M","M","E","?","M","R","B"],"character_chosen":"IRONCLAD","items_purchased":["Medical Kit","Offering"],"gold_per_floor":[111,111,131,56,66,66,66,66,90,103,119,119,137,164,164,260,260,272,292,86,115,40,40,51,51,51,51,62,62,75,87,87,186,186,201,201,50,272,286,286,321,341,341,360,370,399,399,415,415,415],"floor_reached":51,"campfire_rested":3,"playtime":3276,"current_hp_per_floor":[80,80,80,80,80,80,85,85,85,84,83,83,76,57,57,64,85,79,68,68,32,32,57,63,63,63,63,60,60,65,58,83,77,85,81,85,85,85,65,65,57,47,54,55,45,52,52,52,79,34],"items_purged":["Defend_R"],"gold":415,"score":701,"play_id":"9be084e2-fc35-4fb6-bb57-a29d5d041c82","local_time":"20180314152936","is_prod":false,"is_daily":false,"is_ascension_mode":false,"campfire_upgraded":5,"timestamp":1521066576,"path_taken":["M","?","M","?","M","R","?","R","T","M","M","?","?","?","R","BOSS","M","M","$","?","?","R","M","$","T","R","M","?","M","M","R","BOSS","M","?","$","?","?","R","E","M","T","M","M","E","?","M","R","BOSS"],"build_version":"2018-03-12v2","purchased_purges":1,"victory":true,"master_deck":["Strike_R","Strike_R","Strike_R","Strike_R","Defend_R","Defend_R","Defend_R","Bash+1","Armaments+1","Battle Trance","Warcry+1","Inflame","True Grit+1","Impervious","Thunderclap","Demon Form+1","Heavy Blade+1","Ghostly Armor","Flex","Offering","Warcry+1","Whirlwind+1"],"max_hp_per_floor":[80,80,80,80,80,80,85,85,85,85,85,85,85,85,85,85,85,85,85,85,85,85,85,85,85,85,85,85,85,85,85,85,85,85,85,85,85,85,85,85,85,85,92,92,92,92,92,92,92,92],"relics":["Burning Blood","NeowsBlessing","Happy Flower","Odd Mushroom","Sozu","Medical Kit","Red Mask","Gambling Chip","Omamori","Lizard Tail","Matryoshka","Strawberry","Red Skull","Self Forming Clay"],"card_choices":[{"not_picked":["Fire Breathing","Immolate"],"picked":"Armaments"},{"not_picked":["Armaments","Wild Strike"],"picked":"Battle Trance"},{"not_picked":["Entrench","Iron Wave"],"picked":"Warcry"},{"not_picked":["Anger","Heavy Blade"],"picked":"Inflame"},{"not_picked":["Sword Boomerang","Burning Pact"],"picked":"True Grit"},{"not_picked":["Havoc","Twin Strike"],"picked":"Impervious"},{"not_picked":["Perfected Strike","Clash"],"picked":"Thunderclap"},{"not_picked":["Exhume","Dark Embrace"],"picked":"Demon Form"},{"not_picked":["Clash","Iron Wave"],"picked":"Heavy Blade"},{"not_picked":["Spot Weakness","Rupture"],"picked":"Ghostly Armor"},{"not_picked":["Perfected Strike","Pummel"],"picked":"Flex"},{"not_picked":["Iron Wave","Corruption"],"picked":"Warcry"},{"not_picked":["Wild Strike","True Grit"],"picked":"Whirlwind"}],"player_experience":132344,"potions_floor_usage":[16,16,19,21],"damage_taken":[{"damage":0,"enemies":"Cultist","floor":1,"turns":1},{"damage":0,"enemies":"2 Louse","floor":3,"turns":1},{"damage":0,"enemies":"Small Slimes","floor":5,"turns":1},{"damage":7,"enemies":"Looter","floor":10,"turns":3},{"damage":7,"enemies":"3 Louse","floor":11,"turns":4},{"damage":13,"enemies":"Exordium Wildlife","floor":13,"turns":4},{"damage":25,"enemies":"The Mushroom Lair","floor":14,"turns":5},{"damage":14,"enemies":"Slime Boss","floor":16,"turns":8},{"damage":12,"enemies":"Chosen","floor":18,"turns":4},{"damage":17,"enemies":"Spheric Guardian","floor":19,"turns":4},{"damage":54,"enemies":"Masked Bandits","floor":21,"turns":7},{"damage":0,"enemies":"Chosen and Byrds","floor":24,"turns":5},{"damage":9,"enemies":"Centurion and Healer","floor":28,"turns":6},{"damage":1,"enemies":"Cultist and Chosen","floor":30,"turns":4},{"damage":13,"enemies":"3 Cultists","floor":31,"turns":5},{"damage":12,"enemies":"Champ","floor":33,"turns":8},{"damage":10,"enemies":"3 Darklings","floor":35,"turns":7},{"damage":26,"enemies":"Flame Bruiser 1 Orb","floor":39,"turns":5},{"damage":14,"enemies":"Nemesis","floor":41,"turns":5},{"damage":16,"enemies":"3 Darklings","floor":42,"turns":7},{"damage":5,"enemies":"Sphere and 2 Shapes","floor":44,"turns":3},{"damage":16,"enemies":"4 Shapes","floor":45,"turns":7},{"damage":53,"enemies":"2 Orb Walkers","floor":46,"turns":5},{"damage":6,"enemies":"Spire Growth","floor":48,"turns":3},{"damage":51,"enemies":"Donu and Deca","floor":50,"turns":7}],"event_choices":[{"event_name":"Upgrade Shrine","player_choice":"Upgraded","floor":2,"damage_taken":0},{"event_name":"Big Fish","player_choice":"Donut","floor":7,"damage_taken":0},{"event_name":"Golden Idol","player_choice":"Ignored","floor":12,"damage_taken":0},{"event_name":"Mushrooms","player_choice":"Fought Mushrooms","floor":14,"damage_taken":0},{"event_name":"Masked Bandits","player_choice":"Fought over 86 gold","floor":21,"damage_taken":0},{"event_name":"Beggar","player_choice":"Gave Gold","floor":22,"damage_taken":0},{"event_name":"Winding Halls","player_choice":"Writhe","floor":36,"damage_taken":0},{"event_name":"Tomb of Lord Red Mask","player_choice":"Wore Mask","floor":38,"damage_taken":0},{"event_name":"Mysterious Sphere","player_choice":"Ignore","floor":47,"damage_taken":0}],"boss_relics":[{"not_picked":["Mark of Pain","Calling Bell"],"picked":"Sozu"},{"not_picked":["Philosopher\u0027s Stone","Black Blood"],"picked":"Lizard Tail"}],"potions_floor_spawned":[1,11,14,16,21,24,28,30,42,46],"seed_played":"163034210333302558","ascension_level":0,"is_trial":false}