{"path_per_floor":["M","?","?","M","?","R","E","R","T","M","?","R","M","M","R","B",null,"M","M","$","?","$","E","M","?","T","?","M","M","R","M","R"],"character_chosen":"IRONCLAD","items_purchased":["War Paint","Inflame"],"gold_per_floor":[115,65,65,89,89,89,124,124,151,166,166,166,179,194,194,314,314,303,323,323,323,19,62,76,76,76,0,14,29,29,42,42,42],"floor_reached":33,"campfire_rested":2,"playtime":1675,"current_hp_per_floor":[76,76,56,57,50,50,30,55,55,61,66,66,72,62,62,19,93,90,92,92,92,92,18,17,17,17,17,22,9,41,49,49,0],"items_purged":["Strike_R"],"gold":42,"score":317,"play_id":"e2ed98a7-0363-4a12-864d-b751d0838323","local_time":"20180328202259","is_prod":false,"is_daily":false,"is_ascension_mode":false,"campfire_upgraded":4,"timestamp":1522293779,"path_taken":["M","?","?","M","?","R","E","R","T","M","?","R","M","M","R","BOSS","M","M","$","?","$","E","?","?","T","?","M","M","R","?","R","BOSS"],"build_version":"2018-03-27v2","purchased_purges":1,"victory":false,"master_deck":["Strike_R","Defend_R+1","Defend_R","Defend_R+1","Defend_R","Bash+1","True Grit+1","Anger+1","Feed","Feel No Pain+1","Inflame","Inflame+1","Heavy Blade+1"],"max_hp_per_floor":[80,80,80,82,82,82,84,84,84,84,89,89,91,93,93,93,93,98,101,101,101,101,103,103,103,103,103,106,108,108,110,110,110],"relics":["Burning Blood","Singing Bowl","Golden Idol","Centennial Puzzle","Oddly Smooth Stone","Runic Dome","War Paint","Gremlin Horn","Sundial"],"card_choices":[{"not_picked":["Entrench","Blood for Blood"],"picked":"True Grit","floor":1},{"not_picked":["Thunderclap","Flex"],"picked":"Anger","floor":10},{"not_picked":["Berserk","Immolate"],"picked":"Feed","floor":16},{"not_picked":["Infernal Blade","Sword Boomerang"],"picked":"Feel No Pain","floor":19},{"not_picked":["Spot Weakness","Thunderclap"],"picked":"Inflame","floor":24},{"not_picked":["Headbutt","Infernal Blade"],"picked":"Heavy Blade","floor":28}],"player_experience":183975,"potions_floor_usage":[7,16,23,24,29,33],"damage_taken":[{"damage":10,"enemies":"Jaw Worm","floor":1,"turns":4},{"damage":7,"enemies":"Small Slimes","floor":4,"turns":4},{"damage":28,"enemies":"3 Sentries","floor":7,"turns":14},{"damage":0,"enemies":"Cultist","floor":10,"turns":3},{"damage":2,"enemies":"2 Fungi Beasts","floor":13,"turns":4},{"damage":18,"enemies":"Exordium Thugs","floor":14,"turns":5},{"damage":49,"enemies":"The Guardian","floor":16,"turns":11},{"damage":14,"enemies":"2 Thieves","floor":18,"turns":4},{"damage":7,"enemies":"3 Byrds","floor":19,"turns":6},{"damage":82,"enemies":"Gremlin Leader","floor":23,"turns":11},{"damage":7,"enemies":"Centurion and Healer","floor":24,"turns":6},{"damage":4,"enemies":"Cultist and Chosen","floor":28,"turns":6},{"damage":21,"enemies":"Snake Plant","floor":29,"turns":4},{"damage":0,"enemies":"Chosen and Byrds","floor":31,"turns":6},{"damage":52,"enemies":"Champ","floor":33,"turns":8}],"event_choices":[{"event_name":"The Cleric","player_choice":"Card Removal","floor":2,"damage_taken":0},{"event_name":"Golden Idol","player_choice":"Take Damage","floor":3,"damage_taken":0},{"event_name":"Golden Wing","player_choice":"Card Removal","floor":5,"damage_taken":0},{"event_name":"Big Fish","player_choice":"Donut","floor":11,"damage_taken":0},{"event_name":"Drug Dealer","player_choice":"Ignored","floor":21,"damage_taken":0},{"event_name":"Purifier","player_choice":"One Purge","floor":25,"damage_taken":0},{"event_name":"Masked Bandits","player_choice":"Paid Bandits 76 gold","floor":27,"damage_taken":0}],"boss_relics":[{"not_picked":["Black Star","Calling Bell"],"picked":"Runic Dome"}],"potions_floor_spawned":[1,10,14,19,23,31],"seed_played":"186802103777217406","killed_by":"Champ","ascension_level":0,"is_trial":false}