{"path_per_floor":["M","M","M","M","?","E","R","E","T","$","R","M","$","?","R","B",null,"M","M","?","M","$","R","M","R","T","?","?","?","R","E","R","B",null,"M","M","?","?","M","R","?","$","T","M","R","E","?","M","R"],"character_chosen":"IRONCLAD","items_purchased":["Lantern","Du-Vu Doll"],"gold_per_floor":[20,31,44,57,57,93,93,124,124,49,49,72,72,72,72,198,198,219,235,235,249,6,6,25,25,25,25,25,25,25,64,64,195,195,210,228,228,228,244,244,312,27,27,47,47,85,45,61,61,61],"floor_reached":50,"campfire_rested":7,"playtime":2128,"current_hp_per_floor":[80,80,80,79,59,33,57,49,49,49,49,39,39,39,63,51,80,80,80,80,80,80,80,72,72,72,56,56,56,80,66,80,54,80,64,66,61,61,41,65,65,65,79,43,71,26,26,21,49,0],"items_purged":["Strike_R","Strike_R"],"gold":61,"score":498,"play_id":"edc5d00b-9bcd-4e82-8731-c64451ce8c88","local_time":"20180331021736","is_prod":false,"is_daily":false,"is_ascension_mode":false,"campfire_upgraded":3,"timestamp":1522487856,"path_taken":["M","M","M","M","?","E","R","E","T","?","R","M","$","?","R","BOSS","M","M","?","M","$","R","M","R","T","?","?","?","R","E","R","BOSS","M","?","?","?","M","R","?","$","T","M","R","E","?","M","R","BOSS"],"build_version":"2018-03-29","purchased_purges":2,"victory":false,"master_deck":["Strike_R","Strike_R","Strike_R","Defend_R","Defend_R","Defend_R","Defend_R","Bash+1","Bludgeon+1","Warcry","Bloodletting+1","Flex","Ghostly Armor","Ghostly Armor","Double Tap+1","Armaments+1","Clumsy","Bludgeon","Seeing Red+1","Shrug It Off+1","Mind Blast","Enlightenment","Clumsy"],"max_hp_per_floor":[80,80,80,80,80,80,80,80,80,80,80,80,80,80,80,80,80,80,80,80,80,80,80,80,80,80,80,80,80,80,80,80,80,80,80,80,80,80,80,80,80,80,94,94,94,94,94,94,94,94],"relics":["Burning Blood","Golden Idol","Ornamental Fan","Mummified Hand","Unceasing Top","Cursed Key","Lantern","Ice Cream","Enchiridion","Bronze Scales","Velvet Choker","Peace Pipe","Du-Vu Doll","Mango","Vajra"],"card_choices":[{"not_picked":["Reaper","Berserk"],"picked":"Bludgeon","floor":0},{"not_picked":["Metallicize","Thunderclap"],"picked":"Warcry","floor":1},{"not_picked":["Sword Boomerang","Wild Strike"],"picked":"Bloodletting","floor":2},{"not_picked":["Wild Strike","Entrench"],"picked":"Flex","floor":3},{"not_picked":["Carnage","Pommel Strike"],"picked":"Headbutt","floor":4},{"not_picked":["Clothesline","Second Wind"],"picked":"Ghostly Armor","floor":6},{"not_picked":["Exhume","Fiend Fire"],"picked":"Double Tap","floor":16},{"not_picked":["Iron Wave","Clothesline"],"picked":"Armaments","floor":19},{"not_picked":["Exhume","Dark Embrace"],"picked":"Bludgeon","floor":33},{"not_picked":["Flex","Havoc"],"picked":"Seeing Red","floor":35},{"not_picked":["Reckless Charge","Clothesline"],"picked":"Shrug It Off","floor":36},{"not_picked":["Trip","Bandage Up"],"picked":"Mind Blast","floor":37},{"not_picked":["Secret Weapon","Finesse"],"picked":"Enlightenment","floor":37}],"player_experience":205074,"potions_floor_usage":[4,24,24,33,33,41,41,44,50,50,50],"damage_taken":[{"damage":0,"enemies":"Small Slimes","floor":1,"turns":2},{"damage":5,"enemies":"2 Louse","floor":2,"turns":3},{"damage":3,"enemies":"Jaw Worm","floor":3,"turns":3},{"damage":7,"enemies":"Blue Slaver","floor":4,"turns":3},{"damage":32,"enemies":"Lagavulin","floor":6,"turns":5},{"damage":14,"enemies":"3 Sentries","floor":8,"turns":5},{"damage":16,"enemies":"Exordium Thugs","floor":12,"turns":2},{"damage":18,"enemies":"Slime Boss","floor":16,"turns":7},{"damage":0,"enemies":"Spheric Guardian","floor":18,"turns":2},{"damage":4,"enemies":"Chosen","floor":19,"turns":3},{"damage":2,"enemies":"Centurion and Healer","floor":21,"turns":6},{"damage":14,"enemies":"Sentry and Sphere","floor":24,"turns":4},{"damage":20,"enemies":"Book of Stabbing","floor":31,"turns":5},{"damage":32,"enemies":"Champ","floor":33,"turns":9},{"damage":22,"enemies":"3 Darklings","floor":35,"turns":5},{"damage":4,"enemies":"Flame Bruiser 1 Orb","floor":36,"turns":3},{"damage":26,"enemies":"Spire Growth","floor":39,"turns":5},{"damage":6,"enemies":"Mysterious Sphere","floor":41,"turns":7},{"damage":42,"enemies":"Flame Bruiser 2 Orb","floor":44,"turns":4},{"damage":51,"enemies":"2 Orb Walkers","floor":46,"turns":6},{"damage":11,"enemies":"Maw","floor":48,"turns":6},{"damage":54,"enemies":"Time Eater","floor":50,"turns":5}],"event_choices":[{"event_name":"Golden Idol","player_choice":"Take Damage","floor":5,"damage_taken":0},{"event_name":"Match and Keep!","player_choice":"1 cards matched","floor":14,"damage_taken":0},{"event_name":"Drug Dealer","player_choice":"Ignored","floor":20,"damage_taken":0},{"event_name":"Cursed Tome","player_choice":"Obtained Book","floor":27,"damage_taken":0},{"event_name":"Upgrade Shrine","player_choice":"Upgraded","floor":28,"damage_taken":0},{"event_name":"Ghosts","player_choice":"Ignored","floor":29,"damage_taken":0},{"event_name":"SensoryStone","player_choice":"Memory 2","floor":37,"damage_taken":0},{"event_name":"Mysterious Sphere","player_choice":"Fight","floor":41,"damage_taken":0},{"event_name":"The Woman in Blue","player_choice":"Bought 3 Potions","floor":47,"damage_taken":0}],"boss_relics":[{"not_picked":["Runic Pyramid","Black Star"],"picked":"Cursed Key"},{"not_picked":["Orrery","Mark of Pain"],"picked":"Velvet Choker"}],"potions_floor_spawned":[1,12,16,18,24,31,33,39,41,46,48],"seed_played":"-676901066201783418","killed_by":"Time Eater","ascension_level":0,"is_trial":false}