{"path_per_floor":["M","?","M","M","$","R","$","?","T","R","?","M","R","E","R","B",null,"M","?","?","M","$","E","R","M","T","R","M","M","R","?","R","B",null,"M","?","M","?","M","R","M","?","T","R","$","?","M","M","R"],"character_chosen":"IRONCLAD","items_purchased":["Bludgeon","Shrug It Off","Pear","Enlightenment","Deep Breath","Dexterity Potion"],"gold_per_floor":[110,110,128,142,62,62,38,38,38,38,213,225,225,250,250,347,347,357,282,382,400,325,350,350,366,441,441,460,470,470,470,470,566,566,576,576,592,592,608,608,627,927,950,950,267,267,283,299,299,299],"floor_reached":50,"campfire_rested":4,"playtime":2001,"current_hp_per_floor":[80,80,80,80,80,80,80,85,85,85,85,85,85,55,80,10,85,76,76,76,77,77,64,64,70,70,70,55,55,55,39,66,37,90,76,76,82,82,48,48,44,44,44,71,81,71,45,26,56,0],"items_purged":["Corruption","Strike_R"],"gold":299,"score":510,"play_id":"9b3c6d0e-632a-44da-a6a4-672181ae2cae","local_time":"20180414185917","is_prod":false,"is_daily":false,"chose_seed":false,"is_ascension_mode":false,"campfire_upgraded":7,"timestamp":1523757557,"path_taken":["M","?","M","?","$","R","$","?","T","R","?","?","R","E","R","BOSS","M","?","?","M","$","E","R","M","T","R","M","M","R","?","R","BOSS","M","?","M","?","M","R","M","?","T","R","$","?","?","M","R","BOSS"],"build_version":"2018-04-13","seed_source_timestamp":803292613733555,"purchased_purges":2,"victory":false,"master_deck":["Strike_R","Strike_R","Strike_R","Defend_R","Defend_R","Defend_R","Defend_R","Bash+1","Shrug It Off+1","Warcry","Whirlwind+1","Bludgeon+1","Shrug It Off","Thunderclap","Inflame+1","Bludgeon+1","True Grit+1","Flame Barrier+1","Carnage+1","Blood for Blood+1","Enlightenment","Deep Breath","Blind","Bandage Up","Transmutation","Sever Soul"],"max_hp_per_floor":[80,80,80,80,80,80,80,85,85,85,85,85,85,85,85,85,85,85,85,85,85,85,85,85,85,85,85,85,85,85,90,90,90,90,90,90,90,90,90,90,90,90,90,90,100,100,100,100,100,100],"relics":["Burning Blood","NeowsBlessing","Frozen Egg 2","Prayer Wheel","Snecko Eye","Mummified Hand","Darkstone Periapt","Runic Pyramid","Dream Catcher","Pear"],"card_choices":[{"not_picked":["Armaments","Uppercut"],"picked":"Shrug It Off","floor":1},{"not_picked":["Sword Boomerang","Blood for Blood"],"picked":"Corruption","floor":3},{"not_picked":["Metallicize","Cleave"],"picked":"Whirlwind","floor":4},{"not_picked":["Power Through","Flex"],"picked":"Thunderclap","floor":12},{"not_picked":["Flex","Intimidate"],"picked":"Inflame","floor":23},{"not_picked":["Searing Blow","Infernal Blade"],"picked":"Bludgeon","floor":25},{"not_picked":["Perfected Strike","Reckless Charge"],"picked":"True Grit","floor":26},{"not_picked":["Iron Wave","Feel No Pain"],"picked":"Flame Barrier","floor":28},{"not_picked":["Clothesline","Uppercut"],"picked":"Carnage","floor":35},{"not_picked":["Sword Boomerang","Body Slam"],"picked":"Blood for Blood","floor":44},{"not_picked":["Madness","Mind Blast"],"picked":"Blind","floor":46},{"not_picked":["Sadistic Nature","Panache"],"picked":"Bandage Up","floor":46},{"not_picked":["Trip","Dark Shackles"],"picked":"Transmutation","floor":46},{"not_picked":["Flex","Thunderclap"],"picked":"Sever Soul","floor":49}],"player_experience":271807,"potions_floor_usage":[14,16,16,23,33,50,50],"damage_taken":[{"damage":0,"enemies":"Small Slimes","floor":1,"turns":1},{"damage":0,"enemies":"2 Louse","floor":3,"turns":1},{"damage":0,"enemies":"Cultist","floor":4,"turns":1},{"damage":0,"enemies":"Large Slime","floor":12,"turns":5},{"damage":36,"enemies":"Lagavulin","floor":14,"turns":4},{"damage":76,"enemies":"Hexaghost","floor":16,"turns":12},{"damage":15,"enemies":"2 Thieves","floor":18,"turns":3},{"damage":5,"enemies":"Chosen","floor":21,"turns":3},{"damage":19,"enemies":"Gremlin Leader","floor":23,"turns":3},{"damage":0,"enemies":"Snecko","floor":25,"turns":3},{"damage":21,"enemies":"Snake Plant","floor":28,"turns":2},{"damage":6,"enemies":"Cultist and Chosen","floor":29,"turns":3},{"damage":35,"enemies":"Automaton","floor":33,"turns":6},{"damage":20,"enemies":"3 Darklings","floor":35,"turns":7},{"damage":0,"enemies":"Orb Walker","floor":37,"turns":1},{"damage":40,"enemies":"Sphere and 2 Shapes","floor":39,"turns":8},{"damage":10,"enemies":"Spire Growth","floor":41,"turns":3},{"damage":32,"enemies":"3 Darklings","floor":47,"turns":8},{"damage":29,"enemies":"Sphere and 2 Shapes","floor":48,"turns":4},{"damage":77,"enemies":"Donu and Deca","floor":50,"turns":4}],"event_choices":[{"event_name":"Living Wall","player_choice":"Change","floor":2,"damage_taken":0},{"event_name":"Big Fish","player_choice":"Donut","floor":8,"damage_taken":0},{"event_name":"Liars Game","player_choice":"agreed","floor":11,"damage_taken":0},{"event_name":"Beggar","player_choice":"Gave Gold","floor":19,"damage_taken":0},{"event_name":"Golden Shrine","player_choice":"Pray","floor":20,"damage_taken":0},{"event_name":"Forgotten Altar","player_choice":"Shed Blood","floor":31,"damage_taken":0},{"event_name":"Mysterious Sphere","player_choice":"Ignore","floor":36,"damage_taken":0},{"event_name":"Tomb of Lord Red Mask","player_choice":"Ignored","floor":38,"damage_taken":0},{"event_name":"Wheel of Change","player_choice":"Gold","floor":42,"damage_taken":0},{"event_name":"SensoryStone","player_choice":"Memory 3","floor":46,"damage_taken":0}],"boss_relics":[{"not_picked":["Runic Dome","Philosopher\u0027s Stone"],"picked":"Snecko Eye"},{"not_picked":["Pandora\u0027s Box","Lizard Tail"],"picked":"Runic Pyramid"}],"potions_floor_spawned":[3,4,12,14,18,23,33,39,47],"seed_played":"-7663009943909665701","killed_by":"Donu and Deca","ascension_level":0,"is_trial":false}