{"path_per_floor":["M","?","M","$","?","R","E","M","T","R","M","$","?","T","R","B",null,"M","$","?","M","M","R","M","R","T","R","M","M","T","M","R","B",null,"M","M","?","M","?","E","?","R","T","R","M","M","M","M","R","B"],"character_chosen":"IRONCLAD","items_purchased":["Bandage Up","Flex"],"gold_per_floor":[113,188,202,127,127,127,154,172,221,221,235,29,51,97,97,192,192,212,41,41,52,69,69,79,79,79,79,89,104,104,122,122,219,219,232,248,248,265,314,347,447,447,447,447,460,475,491,503,503,503],"floor_reached":51,"campfire_rested":2,"playtime":5082,"current_hp_per_floor":[80,69,67,67,72,72,30,29,29,29,33,33,38,38,63,46,85,64,64,48,62,62,62,49,49,49,49,56,64,64,78,78,88,88,88,88,88,83,83,45,45,45,45,72,91,91,91,75,75,66],"items_purged":["Strike_R","Strike_R","Defend_R"],"gold":503,"play_id":"d4ddad3f-0122-40c5-b78e-321a1c9ee796","is_prod":false,"is_daily":false,"campfire_rituals":0,"campfire_upgraded":6,"is_hardmode":false,"path_taken":["M","?","M","$","?","R","E","?","T","R","?","?","?","?","R","BOSS","M","$","?","M","M","R","M","R","T","R","?","M","?","M","R","BOSS","M","M","?","M","?","E","?","R","T","R","M","M","?","M","R","BOSS"],"build_version":"2018-01-18-PROD4","purchased_purges":3,"victory":true,"master_deck":["Strike_R","Strike_R","Defend_R","Defend_R","Defend_R","Bash","Flame Barrier","Thunderclap","Body Slam","Pummel","Shrug It Off","Metallicize","Bandage Up","Immolate","Barricade","Flex","Evolve","Wild Strike","Offering","Limit Break","Rage","Feed","Bludgeon"],"max_hp_per_floor":[80,80,80,80,85,85,85,85,85,85,85,85,85,85,85,85,85,85,85,85,85,85,85,85,85,85,85,85,85,85,85,85,88,88,88,88,88,91,91,91,91,91,91,91,91,91,91,91,91,91],"relics":["Burning Blood","Bird Faced Urn","Pen Nib","Odd Mushroom","Bag of Preparation","Mark of Pain","Nilry\u0027s Codex","Ice Cream","Thread and Needle","Philosopher\u0027s Stone","Shovel","Ginger","Magic Flower","Anchor","Toxic Egg"],"campfire_meditates":0,"card_choices":[{"not_picked":["Second Wind","Body Slam"],"picked":"Flame Barrier"},{"not_picked":["Cleave","Wild Strike"],"picked":"Thunderclap"},{"not_picked":["Rage","Spot Weakness"],"picked":"Body Slam"},{"not_picked":["Twin Strike","Clash"],"picked":"Pummel"},{"not_picked":["Burning Pact","Perfected Strike"],"picked":"Shrug It Off"},{"not_picked":["Intimidate","Warcry"],"picked":"Metallicize"},{"not_picked":["Wild Strike","Combust"],"picked":"Immolate"},{"not_picked":["Feed","Limit Break"],"picked":"Barricade"},{"not_picked":["Inflame","Body Slam"],"picked":"Evolve"},{"not_picked":["Heavy Blade","Reckless Charge"],"picked":"Wild Strike"},{"not_picked":["Clash","Bloodletting"],"picked":"Offering"},{"not_picked":["Dark Embrace","Barricade"],"picked":"Limit Break"},{"not_picked":["Flex","Sword Boomerang"],"picked":"Rage"},{"not_picked":["Perfected Strike","Thunderclap"],"picked":"Bludgeon"}],"player_experience":43114,"potions_floor_usage":[7,13,21,28,35,36,36,46,48,50,50],"damage_taken":[{"damage":6,"enemies":"Jaw Worm","floor":1,"turns":3},{"damage":8,"enemies":"2 Louse","floor":3,"turns":3},{"damage":48,"enemies":"Lagavulin","floor":7,"turns":9},{"damage":7,"enemies":"Blue Slaver","floor":8,"turns":6},{"damage":2,"enemies":"Exordium Wildlife","floor":11,"turns":3},{"damage":7,"enemies":"The Mushroom Lair","floor":13,"turns":5},{"damage":29,"enemies":"The Guardian","floor":16,"turns":12},{"damage":31,"enemies":"Spheric Guardian","floor":18,"turns":9},{"damage":16,"enemies":"Chosen","floor":21,"turns":6},{"damage":15,"enemies":"Slaver and Parasite","floor":22,"turns":3},{"damage":31,"enemies":"Centurion and Healer","floor":24,"turns":10},{"damage":7,"enemies":"Snake Plant","floor":28,"turns":4},{"damage":4,"enemies":"Snecko","floor":29,"turns":6},{"damage":4,"enemies":"3 Cultists","floor":31,"turns":4},{"damage":4,"enemies":"Automaton","floor":33,"turns":8},{"damage":4,"enemies":"3 Shapes","floor":35,"turns":5},{"damage":14,"enemies":"3 Darklings","floor":36,"turns":8},{"damage":26,"enemies":"4 Shapes","floor":38,"turns":5},{"damage":20,"enemies":"Mysterious Sphere","floor":39,"turns":7},{"damage":58,"enemies":"Nemesis","floor":40,"turns":11},{"damage":4,"enemies":"Sphere and 2 Shapes","floor":45,"turns":4},{"damage":24,"enemies":"3 Darklings","floor":46,"turns":4},{"damage":9,"enemies":"Maw","floor":47,"turns":7},{"damage":40,"enemies":"4 Shapes","floor":48,"turns":5},{"damage":42,"enemies":"Awakened One","floor":50,"turns":12}],"event_choices":[{"event_name":"World of Goop","player_choice":"Gather Gold","floor":2,"damage_taken":0},{"event_name":"Big Fish","player_choice":"Donut","floor":5,"damage_taken":0},{"event_name":"Mushrooms","player_choice":"Fought Mushrooms","floor":13,"damage_taken":0},{"event_name":"Cursed Tome","player_choice":"Obtained Book","floor":20,"damage_taken":0},{"event_name":"Transmorgrifier","player_choice":"Transform","floor":37,"damage_taken":0},{"event_name":"Mysterious Sphere","player_choice":"Fight","floor":39,"damage_taken":0},{"event_name":"Golden Shrine","player_choice":"Pray","floor":41,"damage_taken":0}],"boss_relics":[{"not_picked":["Question Card","Eternal Feather"],"picked":"Mark of Pain"},{"not_picked":["Runic Cube","Black Blood"],"picked":"Philosopher\u0027s Stone"}],"potions_floor_spawned":[3,11,13,21,22,24,33,40,45,46,47],"seed_played":"870743910160561792","is_trial":false}