{"path_per_floor":["M","?","?","M","M","E","R","$","T","M","R","E","R","M","R","B",null,"M","M","?","?","?","M","M","R","T","R","?","$","M","M","R","B",null,"M","?","M","?","$","R","M","M","T","?"],"character_chosen":"IRONCLAD","items_purchased":["Panacea"],"gold_per_floor":[118,78,78,90,105,137,137,62,108,125,125,151,151,164,164,261,261,274,290,290,290,290,308,327,327,351,351,251,57,69,84,84,184,184,200,0,12,12,12,12,22,32,57,57],"floor_reached":45,"campfire_rested":5,"playtime":2079,"current_hp_per_floor":[74,74,58,64,64,45,45,45,45,51,75,55,55,52,52,52,80,78,50,34,34,34,28,26,50,50,74,74,74,55,50,74,52,80,50,50,39,39,39,63,46,15,15,15],"items_purged":["Defend_R","Strike_R"],"gold":57,"play_id":"b448c5d3-7fd8-4343-ac98-d060e2e9e0c8","is_prod":false,"is_daily":false,"campfire_rituals":0,"campfire_upgraded":1,"is_hardmode":false,"path_taken":["M","?","?","M","M","E","R","?","T","M","R","E","R","M","R","BOSS","M","M","?","?","?","M","?","R","T","R","?","$","M","M","R","BOSS","M","?","M","?","$","R","M","?","T","?","M"],"build_version":"2018-01-18-PROD4","purchased_purges":2,"victory":false,"master_deck":["Strike_R","Strike_R","Defend_R","Bash","Seeing Red","Bludgeon","Headbutt","Seeing Red","Shockwave","Clash","Offering","Demon Form","Corruption","Thunderclap","Offering","Rampage","Dropkick","J.A.X.","Panacea","Double Tap","Rampage","Uppercut"],"max_hp_per_floor":[80,80,80,80,80,80,80,80,80,80,80,80,80,80,80,80,80,80,80,80,80,80,80,80,80,80,80,80,80,80,80,80,80,80,80,80,80,80,80,80,80,80,80,80],"relics":["Burning Blood","Dream Catcher","Oddly Smooth Stone","Girya","Astrolabe","Enchiridion","Happy Flower","Red Mask","Ancient Tea Set"],"campfire_meditates":0,"card_choices":[{"not_picked":["Shrug It Off","Metallicize"],"picked":"Seeing Red"},{"not_picked":["Hemokinesis","Seeing Red"],"picked":"Bludgeon"},{"not_picked":["Cleave","Uppercut"],"picked":"Headbutt"},{"not_picked":["Heavy Blade","Inflame"],"picked":"Seeing Red"},{"not_picked":["Bloodletting","Twin Strike"],"picked":"Shockwave"},{"not_picked":["Perfected Strike","Armaments"],"picked":"Clash"},{"not_picked":["Impervious","Brutality"],"picked":"Offering"},{"not_picked":["Inflame","Perfected Strike"],"picked":"Thunderclap"},{"not_picked":["Reckless Charge","Flame Barrier"],"picked":"Dropkick"},{"not_picked":["Reaper","Barricade"],"picked":"Double Tap"},{"not_picked":["Perfected Strike","Twin Strike"],"picked":"Rampage"},{"not_picked":["Pommel Strike","Heavy Blade"],"picked":"Uppercut"}],"player_experience":16939,"potions_floor_usage":[4,6,14,18,30,33,35,37,41,41],"damage_taken":[{"damage":12,"enemies":"Small Slimes","floor":1,"turns":4},{"damage":0,"enemies":"Blue Slaver","floor":4,"turns":3},{"damage":6,"enemies":"2 Louse","floor":5,"turns":3},{"damage":31,"enemies":"Lagavulin","floor":6,"turns":4},{"damage":0,"enemies":"Looter","floor":10,"turns":1},{"damage":26,"enemies":"3 Sentries","floor":12,"turns":4},{"damage":9,"enemies":"Lots of Slimes","floor":14,"turns":4},{"damage":6,"enemies":"Slime Boss","floor":16,"turns":3},{"damage":8,"enemies":"3 Byrds","floor":18,"turns":5},{"damage":34,"enemies":"Spheric Guardian","floor":19,"turns":4},{"damage":12,"enemies":"3 Cultists","floor":23,"turns":3},{"damage":8,"enemies":"Sentry and Sphere","floor":24,"turns":2},{"damage":25,"enemies":"Centurion and Healer","floor":30,"turns":3},{"damage":11,"enemies":"Snecko","floor":31,"turns":2},{"damage":28,"enemies":"Automaton","floor":33,"turns":4},{"damage":36,"enemies":"3 Shapes","floor":35,"turns":3},{"damage":17,"enemies":"Orb Walker","floor":37,"turns":3},{"damage":29,"enemies":"3 Darklings","floor":41,"turns":3},{"damage":37,"enemies":"Maw","floor":42,"turns":5},{"damage":16,"enemies":"Sphere and 2 Shapes","floor":45,"turns":1}],"event_choices":[{"event_name":"The Woman in Blue","player_choice":"Bought 3 Potions","floor":2,"damage_taken":0},{"event_name":"Shining Light","player_choice":"Entered Light","floor":3,"damage_taken":0},{"event_name":"Cursed Tome","player_choice":"Obtained Book","floor":20,"damage_taken":0},{"event_name":"Duplicator","player_choice":"One dupe","floor":21,"damage_taken":0},{"event_name":"The Library","player_choice":"Read","floor":22,"damage_taken":0},{"event_name":"Drug Dealer","player_choice":"Got JAXXED","floor":28,"damage_taken":0},{"event_name":"Tomb of Lord Red Mask","player_choice":"Paid","floor":36,"damage_taken":0},{"event_name":"Purifier","player_choice":"One Purge","floor":38,"damage_taken":0}],"boss_relics":[{"not_picked":["Question Card","Lizard Tail"],"picked":"Astrolabe"},{"not_picked":["Cursed Key","Sozu","Velvet Choker"]}],"potions_floor_spawned":[4,10,12,16,24,33,35,37],"seed_played":"-843232578173015746","killed_by":"Sphere and 2 Shapes","is_trial":false}