{"path_per_floor":["M","M","M","M","?","R","?","E","T","M","E","$","M","E","R","B",null,"M","$","M","M","?","R","?","E","T","M","R","M"],"character_chosen":"IRONCLAD","items_purchased":["Dramatic Entrance","Reaper","Flex","Whetstone"],"gold_per_floor":[109,126,137,152,152,152,152,195,195,209,250,13,33,72,72,191,191,216,48,61,77,77,77,77,113,136,157,157,176],"floor_reached":30,"campfire_rested":2,"playtime":1707,"current_hp_per_floor":[79,75,68,58,38,62,46,21,21,27,26,26,32,26,26,10,80,76,76,80,74,74,74,74,12,12,10,34,10],"items_purged":[],"gold":176,"play_id":"fbede922-827b-4508-8022-ffec67aaba9a","is_prod":false,"is_daily":false,"campfire_rituals":0,"campfire_upgraded":2,"is_hardmode":false,"path_taken":["M","M","M","M","?","R","?","E","T","?","E","?","?","E","R","BOSS","M","$","M","M","?","R","?","E","T","M","R","M","?"],"build_version":"2018-01-18-PROD4","purchased_purges":0,"victory":false,"master_deck":["Strike_R","Strike_R","Strike_R","Strike_R","Strike_R","Defend_R","Defend_R","Defend_R","Defend_R","Bash","Dark Embrace","Uppercut","Flex","Perfected Strike","Blood for Blood","Inflame","Dramatic Entrance","Reaper","Pummel","Rage","Berserk","Anger","Flex","Clash","Writhe","Headbutt","Intimidate"],"max_hp_per_floor":[80,80,80,80,80,80,80,80,80,80,80,80,80,80,80,80,80,80,80,80,80,80,80,80,80,80,80,80,80],"relics":["Burning Blood","Golden Idol","Gremlin Horn","Pen Nib","Bag of Marbles","Blood Vial","Cursed Key","Whetstone","Lantern","War Paint"],"campfire_meditates":0,"card_choices":[{"not_picked":["Warcry","Clash"],"picked":"Dark Embrace"},{"not_picked":["Shrug It Off","Fire Breathing"],"picked":"Uppercut"},{"not_picked":["Sword Boomerang","Anger"],"picked":"Flex"},{"not_picked":["Body Slam","Thunderclap"],"picked":"Perfected Strike"},{"not_picked":["Heavy Blade","Shrug It Off"],"picked":"Blood for Blood"},{"not_picked":["Blood for Blood","Shockwave"],"picked":"Inflame"},{"not_picked":["Thunderclap","Flame Barrier"],"picked":"Pummel"},{"not_picked":["Twin Strike","Hemokinesis"],"picked":"Rage"},{"not_picked":["Demon Form","Fiend Fire"],"picked":"Berserk"},{"not_picked":["Pommel Strike","True Grit"],"picked":"Anger"},{"not_picked":["Cleave","Twin Strike"],"picked":"Clash"},{"not_picked":["Anger","Uppercut"],"picked":"Headbutt"},{"not_picked":["Rupture","Body Slam"],"picked":"Intimidate"}],"player_experience":4811,"potions_floor_usage":[8,10,11,14,25],"damage_taken":[{"damage":7,"enemies":"Small Slimes","floor":1,"turns":3},{"damage":10,"enemies":"Cultist","floor":2,"turns":4},{"damage":13,"enemies":"Blue Slaver","floor":3,"turns":4},{"damage":16,"enemies":"Large Slime","floor":4,"turns":5},{"damage":40,"enemies":"Lagavulin","floor":8,"turns":6},{"damage":0,"enemies":"Exordium Wildlife","floor":10,"turns":3},{"damage":7,"enemies":"Gremlin Nob","floor":11,"turns":3},{"damage":0,"enemies":"Lots of Slimes","floor":13,"turns":1},{"damage":18,"enemies":"Lagavulin","floor":14,"turns":3},{"damage":24,"enemies":"Slime Boss","floor":16,"turns":10},{"damage":10,"enemies":"3 Byrds","floor":18,"turns":3},{"damage":0,"enemies":"Chosen","floor":20,"turns":2},{"damage":12,"enemies":"Centurion and Healer","floor":21,"turns":3},{"damage":76,"enemies":"Gremlin Leader","floor":25,"turns":5},{"damage":10,"enemies":"Slaver and Parasite","floor":27,"turns":2},{"damage":39,"enemies":"Snecko","floor":29,"turns":5},{"damage":14,"enemies":"Centurion and Healer","floor":30,"turns":2}],"event_choices":[{"event_name":"Golden Idol","player_choice":"Take Damage","floor":5,"damage_taken":0},{"event_name":"Shining Light","player_choice":"Entered Light","floor":7,"damage_taken":0},{"event_name":"Back to Basics","player_choice":"Simplicity","floor":22,"damage_taken":0},{"event_name":"Drug Dealer","player_choice":"Ignored","floor":24,"damage_taken":0}],"boss_relics":[{"not_picked":["Calling Bell","Runic Pyramid"],"picked":"Cursed Key"}],"potions_floor_spawned":[1,3,8,10,13,20,25,29],"seed_played":"3309551026259495761","killed_by":"Centurion and Healer","is_trial":false}