{"path_per_floor":["M","$","?","M","?","E","M","R","T","?","M","R","M","?","R","B",null,"M","?","$","?","M","E","R","M","T","M","T","E","M","$","R"],"character_chosen":"IRONCLAD","items_purchased":["Rampage","Enlightenment","Jack Of All Trades"],"gold_per_floor":[111,35,35,50,50,77,90,90,142,142,162,162,174,249,249,344,344,361,361,101,16,32,57,57,67,67,81,81,110,120,20,20],"floor_reached":33,"campfire_rested":1,"playtime":2027,"current_hp_per_floor":[80,80,73,73,73,71,77,77,77,77,78,78,79,68,68,26,80,82,82,82,82,84,72,72,63,63,64,64,34,35,35,62],"items_purged":["Strike_R"],"gold":20,"play_id":"5dffe147-8cf5-4f60-aeae-efdfbf9bc696","is_prod":false,"is_daily":false,"campfire_rituals":0,"campfire_upgraded":4,"is_hardmode":false,"path_taken":["M","$","?","M","?","E","M","R","T","?","M","R","?","?","R","BOSS","M","?","$","?","?","E","R","?","T","M","?","E","M","?","R","BOSS"],"build_version":"2018-01-18-PROD4","purchased_purges":1,"victory":false,"master_deck":["Strike_R","Strike_R","Defend_R","Defend_R","Bash","Cleave","Rampage","Infernal Blade","Fiend Fire","Perfected Strike","Dark Embrace","Double Tap","Feed","Flame Barrier","Sever Soul","Battle Trance","Enlightenment","Headbutt","Clash","Jack Of All Trades","Intimidate"],"max_hp_per_floor":[80,80,80,80,80,80,80,80,80,80,80,80,80,80,80,80,80,84,84,84,84,84,84,84,88,88,88,88,88,92,92,92],"relics":["Burning Blood","Orichalcum","Molten Egg","Lantern","Astrolabe","Pen Nib","Dream Catcher","Bottled Flame","Paper Frog","War Paint"],"campfire_meditates":0,"card_choices":[{"not_picked":["Twin Strike","Shrug It Off"],"picked":"Cleave"},{"not_picked":["Cleave","Hemokinesis"],"picked":"Infernal Blade"},{"not_picked":["Burning Pact","Heavy Blade"],"picked":"Fiend Fire"},{"not_picked":["Pommel Strike","Iron Wave"],"picked":"Perfected Strike"},{"not_picked":["Twin Strike","Pummel"],"picked":"Dark Embrace"},{"not_picked":["Demon Form","Bludgeon"],"picked":"Double Tap"},{"not_picked":["Body Slam","Burning Pact"],"picked":"Headbutt"},{"not_picked":["Thunderclap","Rage"],"picked":"Clash"},{"not_picked":["Twin Strike","Perfected Strike"],"picked":"Intimidate"}],"player_experience":9665,"potions_floor_usage":[16,25,29,29,29],"damage_taken":[{"damage":5,"enemies":"Jaw Worm","floor":1,"turns":5},{"damage":6,"enemies":"2 Louse","floor":4,"turns":2},{"damage":8,"enemies":"Gremlin Nob","floor":6,"turns":4},{"damage":0,"enemies":"Cultist","floor":7,"turns":3},{"damage":5,"enemies":"Large Slime","floor":11,"turns":5},{"damage":5,"enemies":"Exordium Wildlife","floor":13,"turns":2},{"damage":48,"enemies":"The Guardian","floor":16,"turns":7},{"damage":8,"enemies":"2 Thieves","floor":18,"turns":3},{"damage":0,"enemies":"Chosen","floor":22,"turns":4},{"damage":18,"enemies":"Book of Stabbing","floor":23,"turns":3},{"damage":31,"enemies":"3 Cultists","floor":25,"turns":6},{"damage":5,"enemies":"Snake Plant","floor":27,"turns":2},{"damage":36,"enemies":"Slavers","floor":29,"turns":4},{"damage":9,"enemies":"Chosen and Byrds","floor":30,"turns":4},{"damage":107,"enemies":"Automaton","floor":33,"turns":6}],"event_choices":[{"event_name":"Scrap Ooze","player_choice":"success","floor":3,"damage_taken":7},{"event_name":"Living Wall","player_choice":"Grow","floor":5,"damage_taken":0},{"event_name":"Accursed Blacksmith","player_choice":"Ignore","floor":10,"damage_taken":0},{"event_name":"World of Goop","player_choice":"Gather Gold","floor":14,"damage_taken":0},{"event_name":"The Library","player_choice":"Read","floor":19,"damage_taken":0},{"event_name":"Addict","player_choice":"Obtained Relic","floor":21,"damage_taken":0}],"boss_relics":[{"not_picked":["Mark of Pain","Black Star"],"picked":"Astrolabe"}],"potions_floor_spawned":[6,7,11,23,25,27],"seed_played":"6056229027490593565","killed_by":"Automaton","is_trial":false}