{"path_per_floor":["M","$","M","?","M","R","M","$","T","$","E","M","?","E","R"],"character_chosen":"IRONCLAD","items_purchased":["Flash of Steel"],"gold_per_floor":[116,41,53,108,124,124,134,39,39,39,65,78,133,165,165],"floor_reached":16,"campfire_rested":1,"playtime":720,"current_hp_per_floor":[64,64,65,65,64,64,67,67,67,67,65,51,35,23,44],"items_purged":["Defend_R"],"gold":165,"play_id":"b5df59c3-6c88-4458-a9d6-f69afade4732","is_prod":false,"is_daily":false,"campfire_rituals":0,"campfire_upgraded":1,"is_hardmode":false,"path_taken":["M","?","M","?","M","R","M","$","T","?","E","M","?","E","R","BOSS"],"build_version":"2018-01-18-PROD4","purchased_purges":1,"victory":false,"master_deck":["Strike_R","Strike_R","Strike_R","Strike_R","Strike_R","Defend_R","Defend_R","Defend_R","Bash","Bludgeon","Cleave","Berserk","Thunderclap","Flash of Steel","Seeing Red","Clash","Fire Breathing","Brutality"],"max_hp_per_floor":[72,72,72,72,72,72,72,72,72,72,72,72,72,72,72],"relics":["Burning Blood","Calipers","Molten Egg","Charon\u0027s Ashes","Ancient Tea Set"],"campfire_meditates":0,"card_choices":[{"not_picked":["Impervious","Barricade"],"picked":"Bludgeon"},{"not_picked":["Anger","Shrug It Off"],"picked":"Cleave"},{"not_picked":["Flex","Armaments"],"picked":"Berserk"},{"not_picked":["Flame Barrier","Anger"],"picked":"Thunderclap"},{"not_picked":["Perfected Strike","Heavy Blade"],"picked":"Seeing Red"},{"not_picked":["Cleave","Burning Pact"],"picked":"Clash"},{"not_picked":["Anger","Demon Form"],"picked":"Fire Breathing"},{"not_picked":["Clothesline","Anger"],"picked":"Brutality"}],"player_experience":20505,"potions_floor_usage":[12,13,14,16],"damage_taken":[{"damage":14,"enemies":"Blue Slaver","floor":1,"turns":3},{"damage":5,"enemies":"Small Slimes","floor":3,"turns":2},{"damage":7,"enemies":"2 Louse","floor":5,"turns":3},{"damage":3,"enemies":"2 Fungi Beasts","floor":7,"turns":3},{"damage":8,"enemies":"Gremlin Nob","floor":11,"turns":3},{"damage":20,"enemies":"Exordium Wildlife","floor":12,"turns":3},{"damage":22,"enemies":"3 Sentries","floor":13,"turns":5},{"damage":18,"enemies":"Lagavulin","floor":14,"turns":3},{"damage":51,"enemies":"The Guardian","floor":16,"turns":4}],"event_choices":[{"event_name":"Golden Wing","player_choice":"Gained Gold","floor":4,"damage_taken":0},{"event_name":"Dead Adventurer","player_choice":"Searched \u00272\u0027 times","floor":13,"damage_taken":0}],"boss_relics":[],"potions_floor_spawned":[5,7,11,12],"seed_played":"7135903214068595403","killed_by":"The Guardian","is_trial":false}