{"path_per_floor":["M","?","?","M","M","E","R","M","T","M","$","?","M","?","R","B",null,"M","$","?","?","M","R","$","$","T","R","M"],"character_chosen":"IRONCLAD","items_purchased":["Feel No Pain","Rampage"],"gold_per_floor":[113,113,78,95,113,143,143,158,185,196,75,75,90,90,90,195,195,165,90,5,5,19,19,19,19,69,69,81],"floor_reached":29,"campfire_rested":1,"playtime":2370,"current_hp_per_floor":[67,55,75,76,70,19,43,35,35,39,39,39,38,64,64,19,80,50,50,50,50,40,40,40,40,40,40,12],"items_purged":["Feel No Pain"],"gold":81,"play_id":"19653277-51e9-470f-b0db-0c4ca6138150","is_prod":false,"is_daily":false,"campfire_rituals":0,"campfire_upgraded":1,"is_hardmode":false,"path_taken":["M","?","?","M","M","E","R","M","T","?","$","?","M","?","R","BOSS","M","$","?","?","M","R","?","$","T","R","M","M"],"build_version":"2018-01-18-PROD4","purchased_purges":1,"victory":false,"master_deck":["Strike_R","Strike_R","Strike_R","Strike_R","Strike_R","Defend_R","Defend_R","Defend_R","Defend_R","Bash","Armaments","Uppercut","Clash","Berserk","Reckless Charge","Flame Barrier","Rampage","Jack Of All Trades","Perfected Strike","Corruption","Infernal Blade"],"max_hp_per_floor":[80,80,80,80,80,80,80,80,80,80,80,80,80,80,80,80,80,80,80,80,80,80,80,80,80,80,80,80],"relics":["Black Blood","Matryoshka","Peace Pipe","Dodecahedron","Orichalcum","Mummified Hand","Whetstone","Pen Nib"],"campfire_meditates":0,"card_choices":[{"not_picked":["Clash","Perfected Strike"],"picked":"Armaments"},{"not_picked":["Fire Breathing","Clothesline"],"picked":"Uppercut"},{"not_picked":["Armaments","Flex"],"picked":"Clash"},{"not_picked":["Intimidate","Fire Breathing"],"picked":"Berserk"},{"not_picked":["Twin Strike","Sword Boomerang"],"picked":"Reckless Charge"},{"not_picked":["Shrug It Off","Sword Boomerang"],"picked":"Flame Barrier"},{"not_picked":["True Grit","Sword Boomerang"],"picked":"Perfected Strike"},{"not_picked":["Brutality","Berserk"],"picked":"Barricade"},{"not_picked":["Metallicize","Warcry"],"picked":"Corruption"},{"not_picked":["Whirlwind","Corruption"],"picked":"Infernal Blade"}],"player_experience":0,"potions_floor_usage":[6],"damage_taken":[{"damage":19,"enemies":"Jaw Worm","floor":1,"turns":4},{"damage":5,"enemies":"Small Slimes","floor":4,"turns":4},{"damage":12,"enemies":"Blue Slaver","floor":5,"turns":4},{"damage":57,"enemies":"3 Sentries","floor":6,"turns":9},{"damage":14,"enemies":"Large Slime","floor":8,"turns":7},{"damage":2,"enemies":"3 Louse","floor":10,"turns":3},{"damage":7,"enemies":"Looter","floor":13,"turns":4},{"damage":51,"enemies":"The Guardian","floor":16,"turns":9},{"damage":40,"enemies":"2 Thieves","floor":18,"turns":5},{"damage":20,"enemies":"Shell Parasite","floor":22,"turns":5},{"damage":38,"enemies":"3 Cultists","floor":28,"turns":5},{"damage":14,"enemies":"Centurion and Healer","floor":29,"turns":2}],"event_choices":[{"event_name":"Scrap Ooze","player_choice":"success","floor":2,"damage_taken":12},{"event_name":"The Cleric","player_choice":"Healed","floor":3,"damage_taken":0},{"event_name":"Match and Keep!","player_choice":"2 cards matched","floor":12,"damage_taken":0},{"event_name":"Big Fish","player_choice":"Banana","floor":14,"damage_taken":0},{"event_name":"Addict","player_choice":"Obtained Relic","floor":20,"damage_taken":0},{"event_name":"Vampires","player_choice":"Ignored","floor":21,"damage_taken":0}],"boss_relics":[{"not_picked":["Orrery","Mark of Pain"],"picked":"Black Blood"}],"potions_floor_spawned":[1,5,13,28],"seed_played":"1955128738570504673","killed_by":"Centurion and Healer","is_trial":false}