{"path_per_floor":["M","$","M","M","?","R","E","R","T","R","?","R","M","M","R","B",null,"M","$","?","?","$","M","M","?","T","M","R","M","R","$","R","B",null,"M","M","?","?","?","M","?","R","T"],"character_chosen":"IRONCLAD","items_purchased":["Feel No Pain","Secret Weapon","Fiend Fire","Bottled Flame","Whetstone"],"gold_per_floor":[109,69,86,100,100,100,138,138,438,438,438,438,457,481,481,606,606,619,34,34,234,82,102,125,125,125,140,140,160,160,85,85,184,184,198,211,211,0,0,18,18,18,18],"floor_reached":44,"campfire_rested":3,"playtime":2755,"current_hp_per_floor":[68,68,65,62,42,42,33,33,33,33,38,78,74,69,69,10,68,64,64,64,64,64,51,53,53,53,54,54,28,63,63,63,21,68,51,27,32,32,32,37,27,62,62],"items_purged":["Combust"],"gold":18,"play_id":"9b4306c4-76a0-4db8-ab5d-3434f902a1c9","is_prod":false,"is_daily":false,"campfire_rituals":0,"campfire_upgraded":6,"is_hardmode":false,"path_taken":["M","$","?","M","?","R","E","R","T","R","?","R","M","M","R","BOSS","M","$","?","?","$","?","M","?","T","M","R","M","R","$","R","BOSS","M","M","?","?","?","?","?","R","T","E"],"build_version":"2018-01-18-PROD4","purchased_purges":1,"victory":false,"master_deck":["Strike_R","Strike_R","Strike_R","Strike_R","Strike_R","Defend_R","Defend_R","Defend_R","Bash","Limit Break","Feel No Pain","Offering","Uppercut","Intimidate","Demon Form","Battle Trance","Secret Weapon","Fiend Fire","Second Wind","Rage","Double Tap","Dropkick","Madness","Madness"],"max_hp_per_floor":[80,80,80,80,80,80,80,80,80,80,85,85,85,85,85,85,68,68,68,68,68,68,68,68,68,68,68,68,68,68,68,68,68,68,68,68,68,68,68,68,68,68,68],"relics":["Burning Blood","Bloody Idol","Regal Pillow","Old Coin","Runic Cube","Bottled Flame","Whetstone","Gambling Chip","Lizard Tail","Red Mask","Gremlin Horn"],"campfire_meditates":0,"card_choices":[{"not_picked":["Inflame","Twin Strike"],"picked":"Clash"},{"not_picked":["Armaments","Warcry"],"picked":"Offering"},{"not_picked":["Corruption","Armaments"],"picked":"Uppercut"},{"not_picked":["Cleave","Thunderclap"],"picked":"Intimidate"},{"not_picked":["Impervious","Flex"],"picked":"Combust"},{"not_picked":["Immolate","Brutality"],"picked":"Demon Form"},{"not_picked":["Infernal Blade","Sword Boomerang"],"picked":"Battle Trance"},{"not_picked":["Hemokinesis","Clash"],"picked":"Second Wind"},{"not_picked":["Heavy Blade","Battle Trance"],"picked":"Rage"},{"not_picked":["Offering","Limit Break"],"picked":"Double Tap"},{"not_picked":["Metallicize","Shrug It Off"],"picked":"Dropkick"}],"player_experience":34183,"potions_floor_usage":[23,29],"damage_taken":[{"damage":18.0,"enemies":"Blue Slaver","floor":1.0,"turns":6.0},{"damage":9.0,"enemies":"2 Louse","floor":3.0,"turns":3.0},{"damage":9.0,"enemies":"Small Slimes","floor":4.0,"turns":3.0},{"damage":15.0,"enemies":"3 Sentries","floor":7.0,"turns":7.0},{"damage":10.0,"enemies":"2 Fungi Beasts","floor":13.0,"turns":3.0},{"damage":11.0,"enemies":"3 Louse","floor":14.0,"turns":2.0},{"damage":65.0,"enemies":"Hexaghost","floor":16.0,"turns":12.0},{"damage":10.0,"enemies":"Chosen","floor":18.0,"turns":6.0},{"damage":19,"enemies":"Shell Parasite","floor":23,"turns":3},{"damage":4,"enemies":"Snake Plant","floor":24,"turns":4},{"damage":10,"enemies":"Snecko","floor":27,"turns":5},{"damage":37,"enemies":"3 Cultists","floor":29,"turns":5},{"damage":53,"enemies":"Collector","floor":33,"turns":8},{"damage":28,"enemies":"3 Darklings","floor":35,"turns":6},{"damage":35,"enemies":"Orb Walker","floor":36,"turns":4},{"damage":44,"enemies":"3 Darklings","floor":40,"turns":7},{"damage":75,"enemies":"2 Orb Walkers","floor":44,"turns":5}],"event_choices":[{"event_name":"Golden Idol","player_choice":"Take Damage","floor":5.0,"damage_taken":0.0},{"event_name":"Big Fish","player_choice":"Donut","floor":11.0,"damage_taken":0.0},{"event_name":"Back to Basics","player_choice":"Elegance","floor":20.0,"damage_taken":0.0},{"event_name":"Wheel of Change","player_choice":"Gold","floor":21.0,"damage_taken":0.0},{"event_name":"Forgotten Altar","player_choice":"Gave Idol","floor":25,"damage_taken":0},{"event_name":"Bonfire Elementals","player_choice":"COMMON","floor":37,"damage_taken":0},{"event_name":"Tomb of Lord Red Mask","player_choice":"Paid","floor":38,"damage_taken":0},{"event_name":"Mysterious Sphere","player_choice":"Ignore","floor":39,"damage_taken":0},{"event_name":"Winding Halls","player_choice":"Embrace Madness","floor":41,"damage_taken":0}],"boss_relics":[{"not_picked":["Eternal Feather","Runic Dome"],"picked":"Lizard Tail"}],"potions_floor_spawned":[4,13,14,18,23],"seed_played":"7575089255734745079","killed_by":"2 Orb Walkers","is_trial":false}