{"path_per_floor":["M","?","?","M","M","R","?","R","T","?","M","M","E","M","R","B",null,"M","?","?","M","?","E","R","M","T","M","?","$","M","M","R"],"character_chosen":"IRONCLAD","items_purchased":["Fire Breathing","Mind Blast"],"gold_per_floor":[109,161,161,171,182,182,182,182,182,182,201,222,257,272,272,397,397,417,332,257,270,270,304,304,322,322,346,246,84,100,116,116],"floor_reached":33,"campfire_rested":1,"playtime":2113,"current_hp_per_floor":[80,80,80,78,80,80,60,60,60,60,62,63,57,63,63,28,80,63,63,63,59,59,47,47,56,56,53,53,53,37,32,56],"items_purged":[],"gold":116,"play_id":"e315491e-662c-4ece-a9e8-fc81cb3d8c7d","is_prod":false,"is_daily":false,"campfire_rituals":0,"campfire_upgraded":4,"is_hardmode":false,"path_taken":["M","?","?","M","M","R","?","R","T","?","M","?","E","?","R","BOSS","M","?","?","?","?","E","R","M","T","M","?","$","M","M","R","BOSS"],"build_version":"2018-01-18-PROD4","purchased_purges":0,"victory":false,"master_deck":["Strike_R","Strike_R","Strike_R","Strike_R","Strike_R","Defend_R","Defend_R","Bash","Demon Form","Clash","Intimidate","Iron Wave","Clash","Clash","Dark Embrace","Perfected Strike","Warcry","Thunderclap","Feed","Whirlwind","Infernal Blade","Rampage","J.A.X.","Fire Breathing","Mind Blast","Rupture","Seeing Red","Pommel Strike"],"max_hp_per_floor":[80,80,80,80,80,80,80,80,80,80,80,80,80,80,80,80,80,80,80,80,80,80,80,80,83,83,83,83,83,83,83,83],"relics":["Burning Blood","Golden Idol","Girya","Anchor","Velvet Choker","Dream Catcher","Gremlin Horn","Juzu Bracelet"],"campfire_meditates":0,"card_choices":[{"not_picked":["Sword Boomerang","Disarm"],"picked":"Clash"},{"not_picked":["Iron Wave","Flame Barrier"],"picked":"Clash"},{"not_picked":["Shrug It Off","Pommel Strike"],"picked":"Clash"},{"not_picked":["Body Slam","Shrug It Off"],"picked":"Dark Embrace"},{"not_picked":["Anger","Headbutt"],"picked":"Perfected Strike"},{"not_picked":["Body Slam","Intimidate"],"picked":"Warcry"},{"not_picked":["Reckless Charge","Metallicize"],"picked":"Thunderclap"},{"not_picked":["Reaper","Dark Embrace"],"picked":"Feed"},{"not_picked":["Anger","Iron Wave"],"picked":"Whirlwind"},{"not_picked":["Reaper","Blood for Blood"],"picked":"Infernal Blade"},{"not_picked":["Body Slam","Warcry"],"picked":"Rampage"},{"not_picked":["Fire Breathing","Headbutt"],"picked":"Rupture"},{"not_picked":["Shrug It Off","Clothesline"],"picked":"Seeing Red"},{"not_picked":["Twin Strike","Clash"],"picked":"Pommel Strike"}],"player_experience":2370,"potions_floor_usage":[23,23,27],"damage_taken":[{"damage":1,"enemies":"2 Louse","floor":1,"turns":2},{"damage":8,"enemies":"Small Slimes","floor":4,"turns":3},{"damage":2,"enemies":"Blue Slaver","floor":5,"turns":3},{"damage":4,"enemies":"3 Louse","floor":11,"turns":3},{"damage":5,"enemies":"Exordium Thugs","floor":12,"turns":2},{"damage":12,"enemies":"Gremlin Nob","floor":13,"turns":4},{"damage":0,"enemies":"Looter","floor":14,"turns":2},{"damage":41,"enemies":"Hexaghost","floor":16,"turns":7},{"damage":23,"enemies":"3 Byrds","floor":18,"turns":5},{"damage":10,"enemies":"Spheric Guardian","floor":21,"turns":3},{"damage":18,"enemies":"Gremlin Leader","floor":23,"turns":5},{"damage":0,"enemies":"3 Cultists","floor":25,"turns":2},{"damage":18,"enemies":"Snecko","floor":27,"turns":4},{"damage":22,"enemies":"Centurion and Healer","floor":30,"turns":4},{"damage":11,"enemies":"Snake Plant","floor":31,"turns":2},{"damage":57,"enemies":"Champ","floor":33,"turns":5}],"event_choices":[{"event_name":"Golden Wing","player_choice":"Gained Gold","floor":2,"damage_taken":0},{"event_name":"Match and Keep!","player_choice":"2 cards matched","floor":3,"damage_taken":0},{"event_name":"Golden Idol","player_choice":"Take Damage","floor":7,"damage_taken":0},{"event_name":"Living Wall","player_choice":"Grow","floor":10,"damage_taken":0},{"event_name":"Addict","player_choice":"Obtained Relic","floor":19,"damage_taken":0},{"event_name":"Beggar","player_choice":"Gave Gold","floor":20,"damage_taken":0},{"event_name":"The Woman in Blue","player_choice":"Bought 0 Potions","floor":22,"damage_taken":0},{"event_name":"Drug Dealer","player_choice":"Got JAXXED","floor":28,"damage_taken":0}],"boss_relics":[{"not_picked":["Black Star","Black Blood"],"picked":"Velvet Choker"}],"potions_floor_spawned":[5,12,16,23,25,31],"seed_played":"-6317321809544973648","killed_by":"Champ","is_trial":false}