{"path_per_floor":["M","$","M","M","$","R","M","R","T","?","M","$","M","M","R","B",null,"M","?","?","?","M","R","?"],"character_chosen":"IRONCLAD","items_purchased":[],"gold_per_floor":[114,39,52,67,67,67,87,87,87,87,101,1,15,32,32,135,135,152,152,152,52,64,64,64],"floor_reached":25,"campfire_rested":1,"playtime":969,"current_hp_per_floor":[70,70,56,55,55,55,42,42,42,48,44,44,49,55,55,41,86,65,65,71,71,59,86,92],"items_purged":["Strike_R","Normality"],"gold":64,"play_id":"e6d64537-6b97-4584-8565-5cd1e51b3742","is_prod":false,"is_daily":false,"is_ascension_mode":false,"campfire_upgraded":3,"path_taken":["M","$","?","M","$","R","?","R","T","?","?","$","M","M","R","BOSS","M","?","?","?","?","R","?","M"],"build_version":"2018-02-01-PROD3","purchased_purges":2,"victory":false,"master_deck":["Strike_R","Strike_R","Strike_R","Strike_R","Defend_R","Defend_R","Defend_R","Defend_R","Bash","Cleave+1","Heavy Blade+1","Iron Wave","Inflame+1","Seeing Red","Limit Break","Headbutt","Decay","J.A.X.","Battle Trance","Writhe"],"max_hp_per_floor":[80,80,80,80,80,80,80,80,80,86,86,86,86,86,86,86,86,86,86,92,92,92,92,98],"relics":["Burning Blood","Ancient Tea Set","Pen Nib","Darkstone Periapt","Question Card","Happy Flower"],"card_choices":[{"not_picked":["Disarm","Flex"],"picked":"Cleave"},{"not_picked":["Headbutt","Infernal Blade"],"picked":"Heavy Blade"},{"not_picked":["Clash","Rage"],"picked":"Iron Wave"},{"not_picked":["Havoc","Flame Barrier"],"picked":"Inflame"},{"not_picked":["Infernal Blade","Iron Wave"],"picked":"Seeing Red"},{"not_picked":["Fiend Fire","Double Tap"],"picked":"Limit Break"},{"not_picked":["Uppercut","Rampage","Cleave"],"picked":"Headbutt"},{"not_picked":["Clothesline","Iron Wave","Thunderclap"],"picked":"Battle Trance"}],"player_experience":90585,"potions_floor_usage":[16,18,25],"damage_taken":[{"damage":16,"enemies":"Blue Slaver","floor":1,"turns":4},{"damage":20,"enemies":"Jaw Worm","floor":3,"turns":5},{"damage":7,"enemies":"Small Slimes","floor":4,"turns":3},{"damage":19,"enemies":"Exordium Wildlife","floor":7,"turns":4},{"damage":10,"enemies":"Exordium Thugs","floor":11,"turns":3},{"damage":1,"enemies":"3 Louse","floor":13,"turns":4},{"damage":0,"enemies":"Large Slime","floor":14,"turns":3},{"damage":20,"enemies":"Hexaghost","floor":16,"turns":8},{"damage":27,"enemies":"Shell Parasite","floor":18,"turns":5},{"damage":18,"enemies":"Chosen","floor":22,"turns":4},{"damage":97,"enemies":"Slaver and Parasite","floor":25,"turns":5}],"event_choices":[{"event_name":"Accursed Blacksmith","player_choice":"Rummage","floor":10,"damage_taken":0},{"event_name":"Vampires","player_choice":"Ignored","floor":19,"damage_taken":0},{"event_name":"Forgotten Altar","player_choice":"Smashed Altar","floor":20,"damage_taken":0},{"event_name":"Drug Dealer","player_choice":"Got JAXXED","floor":21,"damage_taken":0},{"event_name":"The Mausoleum","player_choice":"Yes","floor":24,"damage_taken":0}],"boss_relics":[{"not_picked":["Runic Pyramid","Black Blood"],"picked":"Question Card"}],"potions_floor_spawned":[11,14,16,18],"seed_played":"2380834117543686572","killed_by":"Slaver and Parasite","ascension_level":0,"is_trial":false}