{"path_per_floor":["M","?","?","M","M","E","M","R","T","?","$","M","R","M","R","B",null,"M","?","M","?","T","E","R","M","T","R","?","$","M","M","R"],"character_chosen":"IRONCLAD","items_purchased":["Armaments"],"gold_per_floor":[119,119,119,133,144,171,181,181,181,181,58,73,73,89,89,194,194,205,205,222,222,245,278,278,289,289,289,289,289,299,319,319],"floor_reached":33,"campfire_rested":1,"playtime":1678,"current_hp_per_floor":[80,80,80,80,70,71,78,78,78,78,78,83,83,85,85,53,75,69,69,65,65,65,53,53,55,55,55,55,55,39,11,33],"items_purged":["Strike_R"],"gold":319,"play_id":"e8c771a4-77fa-4d0b-94bb-699147e06635","is_prod":false,"is_daily":false,"is_ascension_mode":false,"campfire_upgraded":4,"path_taken":["M","?","?","M","M","E","M","R","T","?","$","M","R","M","R","BOSS","M","?","M","?","?","E","R","M","T","R","?","?","M","M","R","BOSS"],"build_version":"2018-02-01-PROD3","purchased_purges":2,"victory":false,"master_deck":["Strike_R+1","Strike_R+1","Strike_R+1","Strike_R+1","Defend_R+1","Defend_R+1","Defend_R+1","Defend_R+1","Rampage+1","Cleave","Infernal Blade+1","Offering+1","Headbutt+1","Armaments","Flame Barrier","Double Tap+1","Inflame+1","Headbutt","Intimidate","Fire Breathing"],"max_hp_per_floor":[80,80,80,80,80,94,94,94,94,94,94,94,94,94,94,94,75,75,75,75,75,75,75,75,75,75,75,75,75,75,75,75],"relics":["Burning Blood","Mango","Sundial","Runic Cube","Lantern","Ancient Tea Set","Happy Flower","Peace Pipe"],"card_choices":[{"not_picked":["Flex","Shockwave"],"picked":"Rampage"},{"not_picked":["Rampage","Sword Boomerang"],"picked":"Cleave"},{"not_picked":["Burning Pact","Anger"],"picked":"Infernal Blade"},{"not_picked":["Cleave","Inflame"],"picked":"Offering"},{"not_picked":["Heavy Blade","Anger"],"picked":"Headbutt"},{"not_picked":["Clash","Body Slam"],"picked":"Flame Barrier"},{"not_picked":["Bludgeon","Limit Break"],"picked":"Double Tap"},{"not_picked":["Wild Strike","Offering"],"picked":"Inflame"},{"not_picked":["Clothesline","Combust"],"picked":"Headbutt"},{"not_picked":["Anger","Searing Blow"],"picked":"Fire Breathing"}],"player_experience":95179,"potions_floor_usage":[6,12,18,18,23,23,23,33],"damage_taken":[{"damage":0,"enemies":"2 Louse","floor":1,"turns":3},{"damage":6,"enemies":"Cultist","floor":4,"turns":3},{"damage":16,"enemies":"Blue Slaver","floor":5,"turns":4},{"damage":34,"enemies":"Lagavulin","floor":6,"turns":6},{"damage":2,"enemies":"3 Louse","floor":7,"turns":3},{"damage":1,"enemies":"Gremlin Gang","floor":12,"turns":4},{"damage":4,"enemies":"2 Fungi Beasts","floor":14,"turns":2},{"damage":38,"enemies":"Slime Boss","floor":16,"turns":8},{"damage":12,"enemies":"3 Byrds","floor":18,"turns":4},{"damage":10,"enemies":"Chosen","floor":20,"turns":4},{"damage":18,"enemies":"Slavers","floor":23,"turns":4},{"damage":4,"enemies":"3 Cultists","floor":25,"turns":4},{"damage":22,"enemies":"Slaver and Parasite","floor":30,"turns":4},{"damage":34,"enemies":"Centurion and Healer","floor":31,"turns":5},{"damage":42,"enemies":"Collector","floor":33,"turns":5}],"event_choices":[{"event_name":"The Lab","player_choice":"Got Potions","floor":2,"damage_taken":0},{"event_name":"Upgrade Shrine","player_choice":"Upgraded","floor":3,"damage_taken":0},{"event_name":"Purifier","player_choice":"One Purge","floor":10,"damage_taken":0},{"event_name":"The Mausoleum","player_choice":"Yes","floor":19,"damage_taken":0},{"event_name":"Back to Basics","player_choice":"Simplicity","floor":21,"damage_taken":0},{"event_name":"The Library","player_choice":"Read","floor":28,"damage_taken":0}],"boss_relics":[{"not_picked":["Runic Dome","White Beast Statue"],"picked":"Runic Cube"}],"potions_floor_spawned":[1,5,7,14,18,20,31],"seed_played":"4147916681687777162","killed_by":"Collector","ascension_level":0,"is_trial":false}