{"path_per_floor":["M","?","?","M","?","R","$","R","T","$","R","E","M","$","R","B",null,"M","?","T","?","$","R","M","M","T","?","?","M","?","$","R"],"character_chosen":"IRONCLAD","items_purchased":["Anchor","Body Slam","Flame Barrier","Metallicize","Seeing Red"],"gold_per_floor":[119,369,369,384,384,384,108,108,186,15,15,55,79,41,41,169,169,188,103,103,103,53,53,67,92,116,116,116,132,132,8,8],"floor_reached":33,"campfire_rested":1,"playtime":1844,"current_hp_per_floor":[80,80,60,49,49,49,49,49,49,49,73,55,61,61,61,33,80,74,74,74,74,74,74,76,80,80,64,56,52,52,52,52],"items_purged":["Strike_R","Clash","Strike_R","Defend_R"],"gold":8,"play_id":"af3cdb8b-e3b1-4312-af09-e9987bd04028","is_prod":false,"is_daily":false,"is_ascension_mode":false,"campfire_upgraded":5,"path_taken":["M","?","?","M","?","R","$","R","T","$","R","E","M","?","R","BOSS","M","?","?","?","$","R","?","M","T","?","?","M","?","?","R","BOSS"],"build_version":"2018-01-25-PROD3","purchased_purges":5,"victory":false,"master_deck":["Defend_R+1","Defend_R+1","Defend_R+1","Bash","Flex+1","Body Slam+1","Flame Barrier+1","Bludgeon","Metallicize+1","Offering","Shrug It Off","Rupture","Metallicize","Necronomicurse","Bite_R","Bite_R","Bite_R","Bite_R","Bite_R","Rage","Seeing Red+1"],"max_hp_per_floor":[80,80,80,80,80,80,80,80,80,80,80,80,80,80,80,80,80,80,80,80,80,80,80,80,80,80,80,56,56,56,56,56],"relics":["Burning Blood","Golden Idol","Anchor","Bottled Flame","Dream Catcher","Question Card","Smiling Mask","Thread and Needle","Lantern","Necronomicon"],"card_choices":[{"not_picked":["Twin Strike","Hemokinesis"],"picked":"Clash"},{"not_picked":["Twin Strike","Thunderclap"],"picked":"Flex"},{"not_picked":["Shrug It Off","True Grit"],"picked":"Bludgeon"},{"not_picked":["Exhume","Dark Embrace"],"picked":"Offering"},{"not_picked":["Rampage","Pummel","Infernal Blade"],"picked":"Shrug It Off"},{"not_picked":["Bloodletting","Shockwave","True Grit"],"picked":"Rupture"},{"not_picked":["Flex","Havoc","Thunderclap"],"picked":"Metallicize"}],"player_experience":73396,"potions_floor_usage":[12,16,33],"damage_taken":[{"damage":6,"enemies":"Jaw Worm","floor":1,"turns":4},{"damage":17,"enemies":"Blue Slaver","floor":4,"turns":4},{"damage":24,"enemies":"Gremlin Nob","floor":12,"turns":4},{"damage":0,"enemies":"Small Slimes","floor":13,"turns":3},{"damage":34,"enemies":"The Guardian","floor":16,"turns":11},{"damage":12,"enemies":"Shell Parasite","floor":18,"turns":6},{"damage":4,"enemies":"Spheric Guardian","floor":24,"turns":4},{"damage":0,"enemies":"Snake Plant","floor":25,"turns":3},{"damage":22,"enemies":"3 Cultists","floor":29,"turns":7},{"damage":102,"enemies":"Champ","floor":33,"turns":14}],"event_choices":[{"event_name":"Golden Shrine","player_choice":"Desecrate","floor":2,"damage_taken":0},{"event_name":"Golden Idol","player_choice":"Take Damage","floor":3,"damage_taken":0},{"event_name":"Living Wall","player_choice":"Forget","floor":5,"damage_taken":0},{"event_name":"Addict","player_choice":"Obtained Relic","floor":19,"damage_taken":0},{"event_name":"Back to Basics","player_choice":"Simplicity","floor":21,"damage_taken":0},{"event_name":"Cursed Tome","player_choice":"Obtained Book","floor":27,"damage_taken":0},{"event_name":"Vampires","player_choice":"Became a vampire","floor":28,"damage_taken":0},{"event_name":"The Library","player_choice":"Read","floor":30,"damage_taken":0}],"boss_relics":[{"not_picked":["White Beast Statue","Cursed Key"],"picked":"Question Card"}],"potions_floor_spawned":[4,13,25],"seed_played":"-3118501395530444357","killed_by":"Champ","ascension_level":0,"is_trial":false}