{"path_per_floor":["M","?","M","M","$","R","M","E","T","R","M","M","M","?","R","B",null,"M","$","?","M"],"character_chosen":"IRONCLAD","items_purchased":["Metallicize"],"gold_per_floor":[119,69,81,97,22,22,37,70,151,151,166,181,193,163,163,262,262,275,100,100,119],"floor_reached":22,"campfire_rested":1,"playtime":1176,"current_hp_per_floor":[72,72,72,69,69,69,61,42,42,42,38,38,37,37,58,64,72,43,43,28,20],"items_purged":["Strike_R","Second Wind"],"gold":119,"play_id":"07d8f2c6-33d8-4125-b98d-7b18159e5514","is_prod":false,"is_daily":false,"is_ascension_mode":false,"campfire_upgraded":2,"path_taken":["M","?","?","M","?","R","?","E","T","R","?","M","?","?","R","BOSS","M","$","?","M","M"],"build_version":"2018-01-25-PROD3","purchased_purges":2,"victory":false,"master_deck":["Strike_R","Strike_R","Defend_R","Defend_R","Defend_R","Bash","Dropkick","Flame Barrier","Heavy Blade+1","Cleave","Demon Form+1","Dual Wield","Seeing Red","Metallicize"],"max_hp_per_floor":[72,72,72,72,72,72,72,72,72,72,72,72,72,72,72,72,72,72,72,77,77],"relics":["Burning Blood","Bottled Lightning","Blue Candle","Black Star"],"card_choices":[{"not_picked":["Armaments","Warcry"],"picked":"Heavy Blade"},{"not_picked":["Clothesline","Warcry"],"picked":"Cleave"},{"not_picked":["Intimidate","Flex"],"picked":"Demon Form"},{"not_picked":["Flame Barrier","Rupture"],"picked":"Second Wind"},{"not_picked":["Heavy Blade","Pommel Strike"],"picked":"Dual Wield"},{"not_picked":["Headbutt","Impervious"],"picked":"Seeing Red"}],"player_experience":86542,"potions_floor_usage":[8,12,16,16,21],"damage_taken":[{"damage":5,"enemies":"Small Slimes","floor":1,"turns":4},{"damage":6,"enemies":"2 Louse","floor":3,"turns":3},{"damage":9,"enemies":"Blue Slaver","floor":4,"turns":4},{"damage":14,"enemies":"Lots of Slimes","floor":7,"turns":3},{"damage":25,"enemies":"Lagavulin","floor":8,"turns":7},{"damage":10,"enemies":"Looter","floor":11,"turns":3},{"damage":6,"enemies":"Gremlin Gang","floor":12,"turns":4},{"damage":7,"enemies":"Large Slime","floor":13,"turns":6},{"damage":0,"enemies":"Slime Boss","floor":16,"turns":6},{"damage":35,"enemies":"2 Thieves","floor":18,"turns":4},{"damage":14,"enemies":"Chosen","floor":21,"turns":5},{"damage":21,"enemies":"Snake Plant","floor":22,"turns":5}],"event_choices":[{"event_name":"The Cleric","player_choice":"Card Removal","floor":2,"damage_taken":0},{"event_name":"The Woman in Blue","player_choice":"Bought 2 Potions","floor":14,"damage_taken":0},{"event_name":"Forgotten Altar","player_choice":"Shed Blood","floor":20,"damage_taken":0}],"boss_relics":[{"not_picked":["Velvet Choker","Ectoplasm"],"picked":"Black Star"}],"potions_floor_spawned":[3,7,13,16,18],"seed_played":"1425281107323077245","killed_by":"Snake Plant","ascension_level":0,"is_trial":false}