{"path_per_floor":["M","?","?","?","M","E","R","M","T","R","M","M","T","M","R","B",null,"M","M","M","?","?","R","M","R","T","M","$","R","M","?","R","B",null,"M","M","$","?","M","R","M","R","T","M","R","T","?","M","R"],"character_chosen":"IRONCLAD","items_purchased":["Peace Pipe"],"gold_per_floor":[112,187,187,187,204,235,235,249,249,249,264,281,306,317,317,412,412,423,441,457,457,457,457,476,476,476,489,106,106,116,116,116,213,213,227,242,142,0,20,20,36,36,66,76,76,156,156,169,169],"floor_reached":50,"campfire_rested":1,"playtime":2529,"current_hp_per_floor":[80,69,69,62,68,74,74,79,79,79,80,73,73,77,77,40,80,80,77,76,76,76,76,52,52,52,51,51,51,31,31,55,22,80,80,58,58,58,59,59,61,61,61,70,70,70,70,71,71],"items_purged":["Strike_R","Writhe"],"gold":169,"play_id":"5c656b1a-23c3-4603-9f17-f8b51745a5cf","is_prod":false,"is_daily":false,"is_ascension_mode":false,"campfire_upgraded":6,"path_taken":["M","?","?","?","M","E","R","M","T","R","M","M","?","M","R","BOSS","M","M","?","?","?","R","M","R","T","M","$","R","M","?","R","BOSS","M","M","$","?","M","R","M","R","T","M","R","?","?","M","R","BOSS"],"build_version":"2018-01-25-PROD3","purchased_purges":2,"victory":false,"master_deck":["Defend_R","Bash","Uppercut+1","Dropkick","Evolve+1","Headbutt","Anger","Wild Strike+1","Impervious","Shrug It Off","Seeing Red+1","Wild Strike+1","Immolate+1","Flex","Inflame+1","Offering+1","Flame Barrier+1","Reaper","Iron Wave+1","Fire Breathing+1"],"max_hp_per_floor":[80,80,80,80,80,80,80,80,80,80,80,80,80,80,80,80,80,80,80,80,80,80,80,80,80,80,80,80,80,80,80,80,80,80,80,80,80,80,80,80,80,80,80,80,80,80,80,80,80],"relics":["Burning Blood","NeowsBlessing","Gremlin Horn","Thread and Needle","Bronze Scales","Question Card","Bag of Marbles","Sundial","Peace Pipe","Sozu","Red Mask","Tiny Chest","Kunai"],"card_choices":[{"not_picked":["Sentinel","Clash"],"picked":"Uppercut"},{"not_picked":["Bloodletting","Warcry"],"picked":"Dropkick"},{"not_picked":["Sentinel","Shrug It Off"],"picked":"Evolve"},{"not_picked":["Clothesline","Body Slam"],"picked":"Headbutt"},{"not_picked":["Sword Boomerang","Uppercut"],"picked":"Anger"},{"not_picked":["Rupture","Flame Barrier"],"picked":"Wild Strike"},{"not_picked":["Berserk","Exhume"],"picked":"Impervious"},{"not_picked":["Second Wind","Warcry","Disarm"],"picked":"Shrug It Off"},{"not_picked":["Flex","Infernal Blade","Rage"],"picked":"Seeing Red"},{"not_picked":["Warcry","Clothesline","Havoc"],"picked":"Immolate"},{"not_picked":["Perfected Strike","Sever Soul","Anger"],"picked":"Flex"},{"not_picked":["Berserk","Clothesline","Twin Strike"],"picked":"Inflame"},{"not_picked":["Limit Break","Immolate","Impervious"],"picked":"Offering"},{"not_picked":["Wild Strike","Headbutt","Body Slam"],"picked":"Flame Barrier"},{"not_picked":["Feel No Pain","True Grit","Evolve"],"picked":"Reaper"},{"not_picked":["Headbutt","Sword Boomerang","Sentinel"],"picked":"Iron Wave"},{"not_picked":["Clothesline","Shrug It Off","Armaments"],"picked":"Fire Breathing"}],"player_experience":82406,"potions_floor_usage":[18,24,27,33],"damage_taken":[{"damage":0,"enemies":"2 Louse","floor":1,"turns":1},{"damage":0,"enemies":"Jaw Worm","floor":5,"turns":1},{"damage":0,"enemies":"3 Sentries","floor":6,"turns":2},{"damage":1,"enemies":"Cultist","floor":8,"turns":3},{"damage":0,"enemies":"Looter","floor":11,"turns":4},{"damage":13,"enemies":"Exordium Thugs","floor":12,"turns":6},{"damage":2,"enemies":"3 Louse","floor":14,"turns":3},{"damage":43,"enemies":"The Guardian","floor":16,"turns":7},{"damage":0,"enemies":"2 Thieves","floor":18,"turns":4},{"damage":9,"enemies":"Shell Parasite","floor":19,"turns":5},{"damage":7,"enemies":"Chosen and Byrds","floor":20,"turns":6},{"damage":30,"enemies":"Slaver and Parasite","floor":24,"turns":6},{"damage":7,"enemies":"Centurion and Healer","floor":27,"turns":3},{"damage":26,"enemies":"Snake Plant","floor":30,"turns":3},{"damage":54,"enemies":"Champ","floor":33,"turns":10},{"damage":4,"enemies":"3 Darklings","floor":35,"turns":2},{"damage":28,"enemies":"3 Shapes","floor":36,"turns":4},{"damage":5,"enemies":"Maw","floor":39,"turns":6},{"damage":24,"enemies":"Sphere and 2 Shapes","floor":41,"turns":5},{"damage":4,"enemies":"4 Shapes","floor":44,"turns":3},{"damage":15,"enemies":"3 Darklings","floor":48,"turns":4},{"damage":90,"enemies":"Donu and Deca","floor":50,"turns":7}],"event_choices":[{"event_name":"World of Goop","player_choice":"Gather Gold","floor":2,"damage_taken":0},{"event_name":"Purifier","player_choice":"One Purge","floor":3,"damage_taken":0},{"event_name":"Golden Wing","player_choice":"Card Removal","floor":4,"damage_taken":0},{"event_name":"The Mausoleum","player_choice":"Yes","floor":21,"damage_taken":0},{"event_name":"Duplicator","player_choice":"One dupe","floor":22,"damage_taken":0},{"event_name":"Back to Basics","player_choice":"Elegance","floor":31,"damage_taken":0},{"event_name":"Tomb of Lord Red Mask","player_choice":"Paid","floor":38,"damage_taken":0},{"event_name":"Mysterious Sphere","player_choice":"Ignore","floor":47,"damage_taken":0}],"boss_relics":[{"not_picked":["Eternal Feather","Velvet Choker"],"picked":"Question Card"},{"not_picked":["Astrolabe","Runic Cube"],"picked":"Sozu"}],"potions_floor_spawned":[1,5,11,14,16,19,20,24,30,36,39,48],"seed_played":"-2685344611229971839","killed_by":"Donu and Deca","ascension_level":0,"is_trial":false}