{"path_per_floor":["M","?","M","?","?","R","$","R","T","M","E","R","M","M","R","B",null,"M","M","$","M","$","R","M","?","T","M","T","M","R","E","R","B",null,"M","$","M","?","?","R","?","T","T","$","M","M","M","$","R"],"character_chosen":"IRONCLAD","items_purchased":["Apotheosis","Rupture","Mind Blast"],"gold_per_floor":[118,118,136,211,211,211,7,7,61,78,103,103,120,140,140,238,238,258,278,203,220,120,120,135,85,115,126,126,139,139,171,171,275,275,292,167,177,177,177,177,177,204,204,127,145,157,176,70,70],"floor_reached":50,"campfire_rested":2,"playtime":2378,"current_hp_per_floor":[80,77,80,69,53,53,53,53,53,59,39,39,45,51,75,60,80,80,80,80,80,80,80,80,80,80,75,75,68,74,76,80,34,80,70,70,54,74,74,80,80,80,80,80,45,49,45,45,77],"items_purged":["Strike_R","Bash","Defend_R"],"gold":70,"play_id":"2575a555-8111-4893-bbc9-b79425a0ce8f","is_prod":false,"is_daily":false,"is_ascension_mode":false,"campfire_upgraded":7,"path_taken":["M","?","M","?","?","R","$","R","T","M","E","R","M","?","R","BOSS","M","M","$","M","$","R","M","?","T","?","?","?","R","E","R","BOSS","M","$","M","?","?","R","?","?","T","$","M","?","M","$","R","BOSS"],"build_version":"2018-02-01-PROD3","purchased_purges":4,"victory":false,"master_deck":["Strike_R","Strike_R","Strike_R","Strike_R","Defend_R","Defend_R","Bludgeon+1","Cleave+1","Thunderclap+1","Apotheosis+1","Seeing Red+1","Offering+1","Shrug It Off","Warcry","Inflame+1","Intimidate+1","Immolate+1","Writhe","Rupture","Metallicize","Mind Blast"],"max_hp_per_floor":[80,80,80,80,80,80,80,80,80,80,80,80,80,80,80,80,80,80,80,80,80,80,80,80,80,80,80,80,80,80,80,80,80,80,80,80,80,80,80,80,80,80,80,80,80,80,80,80,80],"relics":["Burning Blood","Torii","Vajra","Bag of Preparation","Eternal Feather","Tiny Chest","Ice Cream","Orichalcum","Sozu","Blood Vial","Bottled Lightning"],"card_choices":[{"not_picked":["Searing Blow","Hemokinesis"],"picked":"Cleave"},{"not_picked":["Perfected Strike","Searing Blow"],"picked":"Thunderclap"},{"not_picked":["Rupture","Combust"],"picked":"Seeing Red"},{"not_picked":["Fiend Fire","Immolate"],"picked":"Offering"},{"not_picked":["Searing Blow","Armaments"],"picked":"Shrug It Off"},{"not_picked":["Anger","Cleave"],"picked":"Warcry"},{"not_picked":["True Grit","Iron Wave"],"picked":"Inflame"},{"not_picked":["Offering","True Grit"],"picked":"Intimidate"},{"not_picked":["Berserk","Fiend Fire"],"picked":"Immolate"},{"not_picked":["Clash","Intimidate"],"picked":"Metallicize"}],"player_experience":98411,"potions_floor_usage":[19,21,24,24,29],"damage_taken":[{"damage":6,"enemies":"Cultist","floor":1,"turns":3},{"damage":1,"enemies":"2 Louse","floor":3,"turns":3},{"damage":0,"enemies":"Small Slimes","floor":10,"turns":2},{"damage":26,"enemies":"Lagavulin","floor":11,"turns":5},{"damage":0,"enemies":"Looter","floor":13,"turns":1},{"damage":0,"enemies":"2 Fungi Beasts","floor":14,"turns":1},{"damage":21,"enemies":"Slime Boss","floor":16,"turns":6},{"damage":6,"enemies":"2 Thieves","floor":18,"turns":3},{"damage":4,"enemies":"Shell Parasite","floor":19,"turns":3},{"damage":4,"enemies":"Centurion and Healer","floor":21,"turns":7},{"damage":4,"enemies":"Chosen and Byrds","floor":24,"turns":2},{"damage":11,"enemies":"3 Cultists","floor":27,"turns":3},{"damage":13,"enemies":"Slaver and Parasite","floor":29,"turns":2},{"damage":4,"enemies":"Gremlin Leader","floor":31,"turns":3},{"damage":52,"enemies":"Collector","floor":33,"turns":9},{"damage":16,"enemies":"3 Darklings","floor":35,"turns":3},{"damage":22,"enemies":"3 Shapes","floor":37,"turns":3},{"damage":41,"enemies":"Maw","floor":45,"turns":7},{"damage":4,"enemies":"3 Darklings","floor":46,"turns":3},{"damage":12,"enemies":"4 Shapes","floor":47,"turns":2},{"damage":81,"enemies":"Donu and Deca","floor":50,"turns":6}],"event_choices":[{"event_name":"Scrap Ooze","player_choice":"success","floor":2,"damage_taken":3},{"event_name":"World of Goop","player_choice":"Gather Gold","floor":4,"damage_taken":0},{"event_name":"Shining Light","player_choice":"Entered Light","floor":5,"damage_taken":0},{"event_name":"The Joust","player_choice":"Bet on Murderer","floor":25,"damage_taken":0},{"event_name":"Winding Halls","player_choice":"Writhe","floor":38,"damage_taken":0},{"event_name":"Mysterious Sphere","player_choice":"Ignore","floor":41,"damage_taken":0}],"boss_relics":[{"not_picked":["Ectoplasm","Tiny House"],"picked":"Eternal Feather"},{"not_picked":["Lizard Tail","Calling Bell"],"picked":"Sozu"}],"potions_floor_spawned":[3,10,14,16,19,21,27,31,35,45,47],"seed_played":"-1909416823253768245","killed_by":"Donu and Deca","ascension_level":0,"is_trial":false}