{"path_per_floor":["M","?","M","?","M","?","R","$","T","M","M","R","M","$","R","B",null,"M","?","?","M","M","R","M","M","T","?","R","E","M","$","R","B",null,"M","M","?","?","M","R","?","R","T","$","M","?","M","M","R","B"],"character_chosen":"IRONCLAD","items_purchased":["Inflame","Battle Trance","Inflame","Bag of Marbles","Block Potion","Offering"],"gold_per_floor":[113,113,123,123,140,315,315,131,131,143,156,156,169,30,30,128,128,141,141,141,158,173,173,189,205,231,231,231,263,277,74,74,178,208,225,241,241,241,255,255,255,255,255,93,105,0,17,33,33,33],"floor_reached":51,"campfire_rested":6,"playtime":1581,"current_hp_per_floor":[80,64,70,70,76,76,76,76,76,65,59,59,35,35,59,35,80,74,59,59,52,22,47,45,21,21,21,46,44,29,29,54,46,90,90,80,80,80,13,40,63,63,63,63,33,33,26,26,53,16],"items_purged":["Doubt","Strike_R"],"gold":33,"score":536,"play_id":"ec5ef1a4-69fb-415d-923f-14a675f86801","is_prod":false,"is_daily":false,"is_ascension_mode":false,"campfire_upgraded":3,"path_taken":["M","?","M","?","?","?","R","$","T","M","M","R","M","$","R","BOSS","M","?","?","?","M","R","M","M","T","?","R","E","M","$","R","BOSS","M","M","?","?","M","R","?","R","T","$","?","?","?","M","R","BOSS"],"build_version":"2018-02-08-PROD1","purchased_purges":2,"victory":true,"master_deck":["Strike_R+1","Strike_R","Strike_R","Strike_R","Defend_R","Defend_R+1","Defend_R","Defend_R","Bash","Heavy Blade+1","Flex+1","Inflame+1","Battle Trance","Berserk","Inflame","Limit Break+1","Flex+1","Spot Weakness+1","Heavy Blade+1","Armaments","Offering","Rupture+1","Writhe","Offering","Limit Break","Thunderclap+1"],"max_hp_per_floor":[80,80,80,80,80,80,80,80,80,80,80,80,80,80,80,80,80,80,85,85,85,85,85,85,85,85,85,85,85,85,85,85,85,90,90,90,90,90,90,90,90,90,90,90,90,90,90,90,90,90],"relics":["Burning Blood","NeowsBlessing","Charon\u0027s Ashes","Runic Cube","Champion Belt","Lantern","Frozen Egg 2","Bag of Marbles","Tiny House","Gambling Chip","Red Mask"],"card_choices":[{"not_picked":["Fiend Fire","Twin Strike"],"picked":"Heavy Blade"},{"not_picked":["Seeing Red","Cleave"],"picked":"Flex"},{"not_picked":["Clash","Clothesline"],"picked":"Berserk"},{"not_picked":["Immolate","Impervious"],"picked":"Limit Break"},{"not_picked":["Shrug It Off","Pummel"],"picked":"Flex"},{"not_picked":["Blood for Blood","Havoc"],"picked":"Spot Weakness"},{"not_picked":["Fiend Fire","Shrug It Off"],"picked":"Heavy Blade"},{"not_picked":["Pommel Strike","Combust"],"picked":"Armaments"},{"not_picked":["Fiend Fire","Demon Form"],"picked":"Offering"},{"not_picked":["Sword Boomerang","Clash"],"picked":"Flex"},{"not_picked":["Body Slam","Dropkick"],"picked":"Rupture"},{"not_picked":["Seeing Red","Infernal Blade"],"picked":"Limit Break"},{"not_picked":["Clash","Iron Wave"],"picked":"Thunderclap"}],"player_experience":105968,"potions_floor_usage":[16,18,29,29,30,33,36,39,45,48],"damage_taken":[{"damage":0,"enemies":"2 Louse","floor":1,"turns":1},{"damage":0,"enemies":"Small Slimes","floor":3,"turns":1},{"damage":0,"enemies":"Jaw Worm","floor":5,"turns":1},{"damage":17,"enemies":"Exordium Thugs","floor":10,"turns":4},{"damage":12,"enemies":"2 Fungi Beasts","floor":11,"turns":2},{"damage":30,"enemies":"Gremlin Gang","floor":13,"turns":4},{"damage":45,"enemies":"The Guardian","floor":16,"turns":7},{"damage":12,"enemies":"3 Byrds","floor":18,"turns":4},{"damage":13,"enemies":"Chosen","floor":21,"turns":3},{"damage":36,"enemies":"Centurion and Healer","floor":22,"turns":6},{"damage":8,"enemies":"Snake Plant","floor":24,"turns":3},{"damage":30,"enemies":"Sentry and Sphere","floor":25,"turns":4},{"damage":17,"enemies":"Gremlin Leader","floor":29,"turns":4},{"damage":21,"enemies":"Centurion and Healer","floor":30,"turns":3},{"damage":14,"enemies":"Champ","floor":33,"turns":7},{"damage":5,"enemies":"Orb Walker","floor":35,"turns":2},{"damage":16,"enemies":"3 Darklings","floor":36,"turns":5},{"damage":79,"enemies":"Maw","floor":39,"turns":8},{"damage":36,"enemies":"4 Shapes","floor":45,"turns":4},{"damage":13,"enemies":"Sphere and 2 Shapes","floor":47,"turns":3},{"damage":6,"enemies":"3 Darklings","floor":48,"turns":3},{"damage":43,"enemies":"Awakened One","floor":50,"turns":4}],"event_choices":[{"event_name":"Shining Light","player_choice":"Entered Light","floor":2,"damage_taken":0},{"event_name":"Upgrade Shrine","player_choice":"Upgraded","floor":4,"damage_taken":0},{"event_name":"Liars Game","player_choice":"agreed","floor":6,"damage_taken":0},{"event_name":"Forgotten Altar","player_choice":"Shed Blood","floor":19,"damage_taken":0},{"event_name":"The Mausoleum","player_choice":"Yes","floor":20,"damage_taken":0},{"event_name":"Cursed Tome","player_choice":"Ignored","floor":27,"damage_taken":0},{"event_name":"Mysterious Sphere","player_choice":"Ignore","floor":37,"damage_taken":0},{"event_name":"Winding Halls","player_choice":"Writhe","floor":41,"damage_taken":0},{"event_name":"Tomb of Lord Red Mask","player_choice":"Paid","floor":46,"damage_taken":0}],"boss_relics":[{"not_picked":["Calling Bell","Mark of Pain"],"picked":"Runic Cube"},{"not_picked":["Runic Pyramid","Runic Dome"],"picked":"Tiny House"}],"potions_floor_spawned":[1,3,11,16,18,22,24,33,39,47],"seed_played":"7294052690897072038","ascension_level":0,"is_trial":false}