{"path_per_floor":["M","$","?","?","M","R","M","R","T","M","E","?","R","M","R","B",null,"M","M","M","M","?","R","?","R","T","M","M","$","M","?","R","B",null,"M","$","?","M","M","R","M","?","T","M","R","M","R","M","R","B"],"character_chosen":"IRONCLAD","items_purchased":["Panacea","Pen Nib"],"gold_per_floor":[213,138,138,138,152,152,170,170,196,206,240,240,240,252,252,357,357,376,391,409,428,428,428,343,343,343,359,375,180,196,196,196,296,296,313,35,35,47,66,66,86,86,86,102,102,121,121,135,135,135],"floor_reached":51,"campfire_rested":3,"playtime":1124,"current_hp_per_floor":[80,80,85,68,70,70,73,73,73,71,67,67,67,67,67,38,73,73,63,57,58,58,83,83,83,83,85,74,74,75,75,75,55,78,74,74,74,73,83,83,32,32,46,24,53,63,92,99,99,21],"items_purged":["Strike_R","Regret","Strike_R"],"gold":135,"score":741,"play_id":"2cfbc0f1-90d3-4f3b-9660-21467539e329","is_prod":false,"is_daily":false,"is_ascension_mode":true,"campfire_upgraded":8,"path_taken":["M","$","?","?","M","R","M","R","T","M","E","?","R","?","R","BOSS","M","M","M","M","?","R","?","R","T","M","M","$","?","?","R","BOSS","M","$","?","?","M","R","M","?","T","M","R","M","R","M","R","BOSS"],"build_version":"2018-02-15-PROD1","purchased_purges":3,"victory":true,"master_deck":["Strike_R","Strike_R","Defend_R+1","Defend_R","Defend_R","Defend_R","Bash+1","Whirlwind+1","Cleave+1","Thunderclap+1","Inflame+1","Limit Break+1","Flex+1","Battle Trance","Panacea+1","Flame Barrier","Double Tap+1","Headbutt+1","Fire Breathing+1","Decay"],"max_hp_per_floor":[80,80,85,85,85,85,85,85,85,85,85,85,85,85,85,85,85,85,85,85,85,85,85,85,85,85,85,85,85,85,85,85,85,85,85,85,85,85,85,85,85,85,99,99,99,99,99,99,99,99],"relics":["Black Blood","Orichalcum","Ice Cream","Cursed Key","Frozen Egg 2","Red Skull","Paper Frog","Pen Nib","Mango"],"card_choices":[{"not_picked":["True Grit","Armaments"],"picked":"Whirlwind"},{"not_picked":["Anger","True Grit"],"picked":"Cleave"},{"not_picked":["Demon Form","Fire Breathing"],"picked":"Thunderclap"},{"not_picked":["Shockwave","Carnage"],"picked":"Inflame"},{"not_picked":["Bludgeon","Juggernaut"],"picked":"Limit Break"},{"not_picked":["Perfected Strike","Second Wind"],"picked":"Flex"},{"not_picked":["Clash","Anger"],"picked":"Battle Trance"},{"not_picked":["Dropkick","Havoc"],"picked":"Flame Barrier"},{"not_picked":["Limit Break","Bludgeon"],"picked":"Double Tap"},{"not_picked":["Uppercut","Twin Strike"],"picked":"Headbutt"},{"not_picked":["Double Tap","Pommel Strike"],"picked":"Fire Breathing"}],"player_experience":151950,"potions_floor_usage":[16,38,44,50,50],"damage_taken":[{"damage":0,"enemies":"Small Slimes","floor":1,"turns":3},{"damage":4,"enemies":"Jaw Worm","floor":5,"turns":3},{"damage":3,"enemies":"2 Louse","floor":7,"turns":2},{"damage":8,"enemies":"Red Slaver","floor":10,"turns":2},{"damage":10,"enemies":"Gremlin Nob","floor":11,"turns":3},{"damage":6,"enemies":"Exordium Wildlife","floor":14,"turns":2},{"damage":50,"enemies":"Hexaghost","floor":16,"turns":8},{"damage":6,"enemies":"3 Byrds","floor":18,"turns":2},{"damage":16,"enemies":"2 Thieves","floor":19,"turns":2},{"damage":12,"enemies":"Snake Plant","floor":20,"turns":3},{"damage":5,"enemies":"Cultist and Chosen","floor":21,"turns":5},{"damage":0,"enemies":"3 Cultists","floor":27,"turns":3},{"damage":17,"enemies":"Centurion and Healer","floor":28,"turns":3},{"damage":5,"enemies":"Sentry and Sphere","floor":30,"turns":3},{"damage":26,"enemies":"Automaton","floor":33,"turns":5},{"damage":14,"enemies":"3 Shapes","floor":35,"turns":2},{"damage":11,"enemies":"3 Darklings","floor":38,"turns":3},{"damage":0,"enemies":"Maw","floor":39,"turns":3},{"damage":61,"enemies":"Sphere and 2 Shapes","floor":41,"turns":4},{"damage":32,"enemies":"4 Shapes","floor":44,"turns":2},{"damage":0,"enemies":"3 Darklings","floor":46,"turns":2},{"damage":0,"enemies":"Maw","floor":48,"turns":2},{"damage":88,"enemies":"Donu and Deca","floor":50,"turns":6}],"event_choices":[{"event_name":"Big Fish","player_choice":"Donut","floor":3,"damage_taken":0},{"event_name":"Shining Light","player_choice":"Entered Light","floor":4,"damage_taken":0},{"event_name":"Bonfire Elementals","player_choice":"BASIC","floor":12,"damage_taken":0},{"event_name":"Vampires","player_choice":"Ignored","floor":22,"damage_taken":0},{"event_name":"Addict","player_choice":"Obtained Relic","floor":24,"damage_taken":0},{"event_name":"The Mausoleum","player_choice":"Yes","floor":31,"damage_taken":0},{"event_name":"Mysterious Sphere","player_choice":"Ignore","floor":37,"damage_taken":0},{"event_name":"Fountain of Cleansing","player_choice":"Removed Curse","floor":42,"damage_taken":0}],"boss_relics":[{"not_picked":["Runic Pyramid","Runic Cube"],"picked":"Cursed Key"},{"not_picked":["Black Star","Runic Dome"],"picked":"Black Blood"}],"potions_floor_spawned":[1,16,19,20,21,38,41,48],"seed_played":"-2858893559969478973","ascension_level":5,"is_trial":false}