{"path_per_floor":["M","?","M","?","?","E","R","M","T","$","?","$","M","?","R","B",null,"M","$","?","?","?","R","E"],"character_chosen":"IRONCLAD","items_purchased":["Dual Wield"],"gold_per_floor":[119,119,135,135,135,176,176,192,238,123,123,23,44,2,2,121,121,141,16,16,16,16,16,52],"floor_reached":25,"campfire_rested":3,"playtime":846,"current_hp_per_floor":[80,74,74,56,41,23,49,55,55,55,55,55,50,50,76,34,88,61,61,61,61,61,87,7],"items_purged":["Bash","Strike_R","Berserk"],"gold":52,"score":226,"play_id":"a8e7e15a-3be9-43d7-9ebc-4bb422681b3b","is_prod":false,"is_daily":false,"is_ascension_mode":true,"campfire_upgraded":0,"path_taken":["M","?","M","?","?","E","R","?","T","$","?","$","M","?","R","BOSS","M","$","?","?","?","R","E","M"],"build_version":"2018-02-08-PROD1","purchased_purges":3,"victory":false,"master_deck":["Strike_R","Strike_R","Strike_R+1","Defend_R","Defend_R","Defend_R","Defend_R","Whirlwind","Shrug It Off","Thunderclap","Armaments","Dual Wield","Flex"],"max_hp_per_floor":[80,74,74,74,74,88,88,88,88,88,88,88,88,88,88,88,88,88,88,88,88,88,88,88],"relics":["Burning Blood","Golden Idol","Vajra","Mango","Art of War","Runic Pyramid","Torii","Happy Flower"],"card_choices":[{"not_picked":["Wild Strike","Iron Wave"],"picked":"Whirlwind"},{"not_picked":["Warcry","Clothesline"],"picked":"Shrug It Off"},{"not_picked":["Infernal Blade","Reckless Charge"],"picked":"Thunderclap"},{"not_picked":["Second Wind","Warcry"],"picked":"Armaments"},{"not_picked":["Perfected Strike","Infernal Blade"],"picked":"Flex"},{"not_picked":["Immolate","Barricade"],"picked":"Berserk"}],"player_experience":110363,"potions_floor_usage":[6,18,18],"damage_taken":[{"damage":4,"enemies":"Small Slimes","floor":1,"turns":4},{"damage":6,"enemies":"Cultist","floor":3,"turns":4},{"damage":38,"enemies":"Lagavulin","floor":6,"turns":8},{"damage":0,"enemies":"2 Louse","floor":8,"turns":1},{"damage":11,"enemies":"Exordium Wildlife","floor":13,"turns":6},{"damage":48,"enemies":"The Guardian","floor":16,"turns":12},{"damage":45,"enemies":"Shell Parasite","floor":18,"turns":8},{"damage":86,"enemies":"Slavers","floor":24,"turns":6},{"damage":10,"enemies":"Chosen","floor":25,"turns":3}],"event_choices":[{"event_name":"Golden Idol","player_choice":"Lose Max HP","floor":2,"damage_taken":0},{"event_name":"Scrap Ooze","player_choice":"success","floor":4,"damage_taken":18},{"event_name":"Shining Light","player_choice":"Entered Light","floor":5,"damage_taken":0},{"event_name":"Living Wall","player_choice":"Forget","floor":11,"damage_taken":0},{"event_name":"World of Goop","player_choice":"Left","floor":14,"damage_taken":0},{"event_name":"Addict","player_choice":"Ignored","floor":20,"damage_taken":0},{"event_name":"The Mausoleum","player_choice":"Yes","floor":21,"damage_taken":0},{"event_name":"Drug Dealer","player_choice":"Ignored","floor":22,"damage_taken":0}],"boss_relics":[{"not_picked":["Orrery","Philosopher\u0027s Stone"],"picked":"Runic Pyramid"}],"potions_floor_spawned":[3,6,13,16,24],"seed_played":"-4095015808444134793","killed_by":"Chosen","ascension_level":1,"is_trial":false}