{"path_per_floor":["M","?","$","?","M","E","?","E","T","M","R","$","R","M","R","B",null,"M","$","M","M","$","E","R","?","T","M","?","R","E","?","R"],"character_chosen":"IRONCLAD","items_purchased":["Pummel","Pen Nib","Shockwave"],"gold_per_floor":[115,115,40,40,60,116,116,146,146,161,161,81,81,94,94,195,195,211,62,79,89,14,40,40,40,112,130,130,130,165,165,165],"floor_reached":33,"campfire_rested":3,"playtime":1092,"current_hp_per_floor":[80,80,80,73,79,80,80,54,54,52,52,52,52,57,67,36,90,71,71,58,58,58,22,49,49,49,31,31,58,14,44,71],"items_purged":["Strike_R"],"gold":165,"score":379,"play_id":"491d2073-aa7b-4a77-b227-a854374301b2","is_prod":false,"is_daily":false,"is_ascension_mode":true,"campfire_upgraded":0,"path_taken":["M","?","$","?","M","E","?","E","T","M","R","$","R","?","R","BOSS","M","$","M","?","$","E","R","?","T","M","?","R","E","?","R","BOSS"],"build_version":"2018-02-15-PROD1","purchased_purges":1,"victory":false,"master_deck":["Strike_R","Strike_R","Defend_R","Defend_R","Defend_R","Cleave","Impervious","Sever Soul","Intimidate","Whirlwind","Pummel","Thunderclap","Dark Embrace","Corruption","Shockwave","Flame Barrier+1","Infernal Blade","Ghostly Armor"],"max_hp_per_floor":[80,80,80,80,80,80,80,80,80,80,80,80,80,80,90,90,90,90,90,90,90,90,90,90,90,90,90,90,90,90,90,90],"relics":["Burning Blood","NeowsBlessing","Tiny Chest","Vajra","Gambling Chip","Shovel","Torii","Lantern","Pear","Black Star","Pen Nib","Juzu Bracelet","Happy Flower","Dodecahedron","Unceasing Top","Peace Pipe"],"card_choices":[{"not_picked":["Armaments","Perfected Strike"],"picked":"Cleave"},{"not_picked":["Impervious","Corruption"],"picked":"Sever Soul"},{"not_picked":["Warcry","Clash"],"picked":"Intimidate"},{"not_picked":["Reckless Charge","Burning Pact"],"picked":"Whirlwind"},{"not_picked":["Flex","Dropkick"],"picked":"Thunderclap"},{"not_picked":["Fiend Fire","Offering"],"picked":"Dark Embrace"},{"not_picked":["Havoc","Infernal Blade"],"picked":"Corruption"},{"not_picked":["Iron Wave","Fire Breathing"],"picked":"Flame Barrier"},{"not_picked":["Heavy Blade","Uppercut"],"picked":"Ghostly Armor"}],"player_experience":148782,"potions_floor_usage":[16,18,20,23,33],"damage_taken":[{"damage":0,"enemies":"Cultist","floor":1,"turns":1},{"damage":0,"enemies":"Jaw Worm","floor":5,"turns":1},{"damage":0,"enemies":"3 Sentries","floor":6,"turns":1},{"damage":32,"enemies":"Gremlin Nob","floor":8,"turns":4},{"damage":8,"enemies":"Small Slimes","floor":10,"turns":3},{"damage":1,"enemies":"Blue Slaver","floor":14,"turns":2},{"damage":37,"enemies":"Slime Boss","floor":16,"turns":9},{"damage":25,"enemies":"Shell Parasite","floor":18,"turns":5},{"damage":19,"enemies":"2 Thieves","floor":20,"turns":3},{"damage":6,"enemies":"Chosen and Byrds","floor":21,"turns":6},{"damage":42,"enemies":"Slavers","floor":23,"turns":4},{"damage":24,"enemies":"Snake Plant","floor":27,"turns":5},{"damage":50,"enemies":"Book of Stabbing","floor":30,"turns":6},{"damage":122,"enemies":"Automaton","floor":33,"turns":6}],"event_choices":[{"event_name":"Living Wall","player_choice":"Change","floor":2,"damage_taken":0},{"event_name":"Golden Wing","player_choice":"Card Removal","floor":4,"damage_taken":0},{"event_name":"Dead Adventurer","player_choice":"Searched \u00271\u0027 times","floor":7,"damage_taken":0},{"event_name":"Transmorgrifier","player_choice":"Transform","floor":25,"damage_taken":0},{"event_name":"Back to Basics","player_choice":"Elegance","floor":28,"damage_taken":0},{"event_name":"The Library","player_choice":"Heal","floor":31,"damage_taken":0}],"boss_relics":[{"not_picked":["Mark of Pain","Runic Dome"],"picked":"Black Star"}],"potions_floor_spawned":[5,6,10,16,18,27,30],"seed_played":"6601853134336478352","killed_by":"Automaton","ascension_level":4,"is_trial":false}