{"path_per_floor":["M","?","$","?","M","R","E","?","T","R","M","M","?","M","R","B",null,"M","?","?","M","T","R","?","R","T","M","M","R","M","E","R"],"character_chosen":"IRONCLAD","items_purchased":["Inflame"],"gold_per_floor":[112,112,40,40,51,51,78,78,154,154,171,188,188,201,201,303,303,274,274,274,288,288,288,213,213,213,231,251,251,268,296,296],"floor_reached":33,"campfire_rested":3,"playtime":1141,"current_hp_per_floor":[80,80,80,73,76,76,44,44,44,68,74,77,70,76,76,7,80,76,61,59,37,37,37,37,55,55,64,67,67,68,41,62],"items_purged":[],"gold":296,"score":344,"play_id":"c503e166-c15c-4b54-8488-4e3929e26d74","is_prod":false,"is_daily":false,"is_ascension_mode":true,"campfire_upgraded":2,"path_taken":["M","?","$","?","M","R","E","?","T","R","?","M","?","M","R","BOSS","M","?","?","M","?","R","?","R","T","M","M","R","?","E","R","BOSS"],"build_version":"2018-02-12-PROD1","purchased_purges":0,"victory":false,"master_deck":["Defend_R","Defend_R","Defend_R","Bash","Cleave","Inflame+1","Armaments+1","Shrug It Off","Feed","Bite","Bite","Bite","Bite","Bite","Heavy Blade+1","Whirlwind"],"max_hp_per_floor":[80,80,80,80,80,80,80,80,80,80,80,80,80,80,80,80,80,80,85,59,63,63,63,63,63,63,67,67,67,70,70,70],"relics":["Burning Blood","Anchor","Thread and Needle","Pen Nib","The Courier","Mark of Pain","Girya","Red Skull","Torii"],"card_choices":[{"not_picked":["Corruption","Heavy Blade"],"picked":"Cleave"},{"not_picked":["Sword Boomerang","Blood for Blood"],"picked":"Armaments"},{"not_picked":["Pommel Strike","Blood for Blood"],"picked":"Shrug It Off"},{"not_picked":["Bludgeon","Exhume"],"picked":"Feed"},{"not_picked":["Burning Pact","Dropkick"],"picked":"Heavy Blade"},{"not_picked":["Pummel","Metallicize"],"picked":"Whirlwind"}],"player_experience":143801,"potions_floor_usage":[14,14,21,33],"damage_taken":[{"damage":6,"enemies":"Cultist","floor":1,"turns":3},{"damage":3,"enemies":"Blue Slaver","floor":5,"turns":3},{"damage":38,"enemies":"Lagavulin","floor":7,"turns":8},{"damage":0,"enemies":"Jaw Worm","floor":11,"turns":2},{"damage":3,"enemies":"Large Slime","floor":12,"turns":5},{"damage":0,"enemies":"Exordium Wildlife","floor":14,"turns":4},{"damage":75,"enemies":"Slime Boss","floor":16,"turns":12},{"damage":10,"enemies":"2 Thieves","floor":18,"turns":5},{"damage":64,"enemies":"3 Byrds","floor":21,"turns":7},{"damage":14,"enemies":"3 Cultists","floor":27,"turns":5},{"damage":19,"enemies":"Cultist and Chosen","floor":28,"turns":5},{"damage":8,"enemies":"Chosen and Byrds","floor":30,"turns":4},{"damage":37,"enemies":"Gremlin Leader","floor":31,"turns":7},{"damage":108,"enemies":"Collector","floor":33,"turns":7}],"event_choices":[{"event_name":"Purifier","player_choice":"One Purge","floor":2,"damage_taken":0},{"event_name":"Scrap Ooze","player_choice":"success","floor":4,"damage_taken":7},{"event_name":"Dead Adventurer","player_choice":"Searched \u00270\u0027 times","floor":8,"damage_taken":0},{"event_name":"Golden Wing","player_choice":"Card Removal","floor":13,"damage_taken":0},{"event_name":"Forgotten Altar","player_choice":"Shed Blood","floor":19,"damage_taken":0},{"event_name":"Vampires","player_choice":"Became a vampire","floor":20,"damage_taken":0},{"event_name":"Beggar","player_choice":"Gave Gold","floor":24,"damage_taken":0}],"boss_relics":[{"not_picked":["Runic Cube","Runic Pyramid"],"picked":"Mark of Pain"}],"potions_floor_spawned":[5,7,16,21],"seed_played":"337503977720101165","killed_by":"Collector","ascension_level":4,"is_trial":false}