{"path_per_floor":["M","?","?","M","?","R","M","M","T","M","?","$","R","M","R","B",null,"M","?","T","$","?"],"character_chosen":"IRONCLAD","items_purchased":["Double Tap","Anchor","Metallicize"],"gold_per_floor":[112,187,187,204,204,204,222,242,265,283,359,46,46,66,66,167,167,179,179,230,116,116],"floor_reached":23,"campfire_rested":0,"playtime":750,"current_hp_per_floor":[79,68,68,73,78,78,72,76,76,66,66,66,66,71,71,43,85,60,60,60,60,60],"items_purged":["Strike_R"],"gold":116,"score":197,"play_id":"be7820a2-eed3-4559-a111-e32e35d2dcd0","is_prod":false,"is_daily":false,"is_ascension_mode":true,"campfire_upgraded":3,"path_taken":["M","?","?","M","?","R","?","M","T","M","?","$","R","M","R","BOSS","M","?","?","$","?","E"],"build_version":"2018-02-12-PROD1","purchased_purges":1,"victory":false,"master_deck":["Strike_R","Strike_R","Strike_R","Defend_R","Defend_R","Defend_R","Defend_R","Bash","Reaper","Carnage+1","Infernal Blade","Evolve","Thunderclap","Juggernaut+1","Double Tap+1","Limit Break","Iron Wave+1","Heavy Blade","Metallicize"],"max_hp_per_floor":[80,80,80,80,85,85,85,85,85,85,85,85,85,85,85,85,85,85,85,85,85,85],"relics":["Burning Blood","Art of War","Anchor","White Beast Statue","Bag of Preparation"],"card_choices":[{"not_picked":["Anger","Wild Strike"],"picked":"Infernal Blade"},{"not_picked":["Anger","Havoc"],"picked":"Evolve"},{"not_picked":["Anger","Perfected Strike"],"picked":"Thunderclap"},{"not_picked":["Combust","Havoc"],"picked":"Juggernaut"},{"not_picked":["Reaper","Fiend Fire"],"picked":"Limit Break"},{"not_picked":["Metallicize","Wild Strike"],"picked":"Iron Wave"}],"player_experience":120774,"potions_floor_usage":[8,10,16,18,23],"damage_taken":[{"damage":7,"enemies":"2 Louse","floor":1,"turns":4},{"damage":5,"enemies":"Cultist","floor":4,"turns":4},{"damage":12,"enemies":"Jaw Worm","floor":7,"turns":2},{"damage":2,"enemies":"2 Fungi Beasts","floor":8,"turns":3},{"damage":24,"enemies":"Lots of Slimes","floor":10,"turns":3},{"damage":7,"enemies":"Exordium Wildlife","floor":14,"turns":4},{"damage":50,"enemies":"Slime Boss","floor":16,"turns":13},{"damage":31,"enemies":"2 Thieves","floor":18,"turns":4},{"damage":69,"enemies":"Book of Stabbing","floor":23,"turns":5}],"event_choices":[{"event_name":"World of Goop","player_choice":"Gather Gold","floor":2,"damage_taken":0},{"event_name":"Transmorgrifier","player_choice":"Transform","floor":3,"damage_taken":0},{"event_name":"Big Fish","player_choice":"Donut","floor":5,"damage_taken":0},{"event_name":"Golden Wing","player_choice":"Gained Gold","floor":11,"damage_taken":0},{"event_name":"The Library","player_choice":"Read","floor":19,"damage_taken":0},{"event_name":"Vampires","player_choice":"Ignored","floor":22,"damage_taken":0}],"boss_relics":[{"not_picked":["Philosopher\u0027s Stone","Orrery"],"picked":"White Beast Statue"}],"potions_floor_spawned":[1,7,10,14,18],"seed_played":"4961951432530191884","killed_by":"Book of Stabbing","ascension_level":2,"is_trial":false}