{"path_per_floor":["M","?","$","?","?","R","T","R","T","M","E","M","?","?","R","B",null,"M","M","?","?","?","R","M","R","T","M","$","M","M","?","R"],"character_chosen":"IRONCLAD","items_purchased":["Regal Pillow"],"gold_per_floor":[115,115,40,40,40,40,67,67,91,102,136,147,147,147,147,242,242,256,271,196,196,111,111,128,128,128,145,23,40,59,59,59],"floor_reached":33,"campfire_rested":2,"playtime":1119,"current_hp_per_floor":[80,80,80,80,77,77,77,77,77,75,61,63,56,56,56,25,80,71,72,72,72,72,72,40,64,64,23,23,27,31,31,70],"items_purged":["Strike_R"],"gold":59,"score":267,"play_id":"68e91326-ccd9-4676-a6dd-6b2c31f6ac01","is_prod":false,"is_daily":false,"is_ascension_mode":true,"campfire_upgraded":4,"path_taken":["M","?","$","?","?","R","?","R","T","M","E","M","?","?","R","BOSS","M","M","?","?","?","R","M","R","T","M","$","M","M","?","R","BOSS"],"build_version":"2018-02-08-PROD1","purchased_purges":1,"victory":false,"master_deck":["Strike_R+1","Strike_R+1","Defend_R+1","Defend_R+1","Headbutt+1","Thunderclap","Disarm","Seeing Red+1","Offering+1","Heavy Blade+1","Fire Breathing+1","Shrug It Off+1","Armaments","Impervious"],"max_hp_per_floor":[80,80,80,80,80,80,80,80,80,80,80,80,80,80,80,80,80,80,80,80,80,80,80,80,80,80,80,80,80,80,80,80],"relics":["Burning Blood","Bag of Preparation","Omamori","Juzu Bracelet","Centennial Puzzle","Astrolabe","Blood Vial","The Courier","Regal Pillow"],"card_choices":[{"not_picked":["Fire Breathing","Intimidate"],"picked":"Headbutt"},{"not_picked":["Perfected Strike","Sentinel"],"picked":"Thunderclap"},{"not_picked":["Wild Strike","Evolve"],"picked":"Disarm"},{"not_picked":["Pummel","Wild Strike"],"picked":"Seeing Red"},{"not_picked":["Reaper","Bludgeon"],"picked":"Offering"},{"not_picked":["Clothesline","Perfected Strike"],"picked":"Shrug It Off"},{"not_picked":["Bloodletting","Hemokinesis"],"picked":"Armaments"},{"not_picked":["Clothesline","Clash"],"picked":"Impervious"}],"player_experience":114998,"potions_floor_usage":[10,16,19,29,33],"damage_taken":[{"damage":5,"enemies":"Small Slimes","floor":1,"turns":5},{"damage":8,"enemies":"Blue Slaver","floor":10,"turns":2},{"damage":20,"enemies":"Gremlin Nob","floor":11,"turns":4},{"damage":4,"enemies":"Cultist","floor":12,"turns":3},{"damage":37,"enemies":"Slime Boss","floor":16,"turns":9},{"damage":15,"enemies":"Spheric Guardian","floor":18,"turns":3},{"damage":5,"enemies":"2 Thieves","floor":19,"turns":3},{"damage":40,"enemies":"Sentry and Sphere","floor":24,"turns":6},{"damage":49,"enemies":"Slaver and Parasite","floor":27,"turns":14},{"damage":4,"enemies":"Snecko","floor":29,"turns":2},{"damage":4,"enemies":"Chosen and Byrds","floor":30,"turns":5},{"damage":92,"enemies":"Collector","floor":33,"turns":10}],"event_choices":[{"event_name":"Transmorgrifier","player_choice":"Transform","floor":2,"damage_taken":0},{"event_name":"Purifier","player_choice":"One Purge","floor":4,"damage_taken":0},{"event_name":"Scrap Ooze","player_choice":"success","floor":5,"damage_taken":3},{"event_name":"Golden Wing","player_choice":"Card Removal","floor":13,"damage_taken":0},{"event_name":"The Lab","player_choice":"Got Potions","floor":14,"damage_taken":0},{"event_name":"Beggar","player_choice":"Gave Gold","floor":20,"damage_taken":0},{"event_name":"Back to Basics","player_choice":"Simplicity","floor":21,"damage_taken":0},{"event_name":"Addict","player_choice":"Obtained Relic","floor":22,"damage_taken":0},{"event_name":"Cursed Tome","player_choice":"Ignored","floor":31,"damage_taken":0}],"boss_relics":[{"not_picked":["Runic Cube","Eternal Feather"],"picked":"Astrolabe"}],"potions_floor_spawned":[1,12,18,27],"seed_played":"5576992184836839829","killed_by":"Collector","ascension_level":2,"is_trial":false}