{"path_per_floor":["M","?","M","$","?","E","M","E","T","E","M","R","M","?","R","B",null,"M","?","?","$","M","R","M"],"character_chosen":"IRONCLAD","items_purchased":["Shrug It Off"],"gold_per_floor":[112,112,130,10,10,44,55,87,112,147,160,160,172,172,172,293,293,316,316,241,141,164,164,177],"floor_reached":25,"campfire_rested":2,"playtime":748,"current_hp_per_floor":[80,80,80,80,80,80,80,73,73,54,51,51,52,52,74,51,74,58,58,58,58,42,70,45],"items_purged":["Defend_R","Defend_R"],"gold":177,"score":283,"play_id":"861315ef-8a4a-4b25-b657-89bf59224176","is_prod":false,"is_daily":false,"is_ascension_mode":true,"campfire_upgraded":1,"path_taken":["M","?","?","$","?","E","M","E","T","E","M","R","M","?","R","BOSS","M","?","?","$","?","R","M","E"],"build_version":"2018-02-12-PROD1","purchased_purges":2,"victory":false,"master_deck":["Strike_R","Strike_R+1","Defend_R","Defend_R","Bash","Iron Wave","Headbutt","Shrug It Off","Seeing Red","Cleave","Thunderclap+1","Limit Break+1","Inflame","Feed","Limit Break+1","Dual Wield","Twin Strike"],"max_hp_per_floor":[80,80,80,80,80,80,80,80,80,80,80,80,80,74,74,74,74,74,74,74,74,74,74,74],"relics":["Burning Blood","NeowsBlessing","Pen Nib","Unceasing Top","Whetstone","Mummified Hand","Golden Idol","Eternal Feather"],"card_choices":[{"not_picked":["Anger","Wild Strike"],"picked":"Iron Wave"},{"not_picked":["Body Slam","Metallicize"],"picked":"Headbutt"},{"not_picked":["Twin Strike","Intimidate"],"picked":"Seeing Red"},{"not_picked":["Headbutt","Havoc"],"picked":"Cleave"},{"not_picked":["Searing Blow","Bludgeon"],"picked":"Thunderclap"},{"not_picked":["Burning Pact","Body Slam"],"picked":"Limit Break"},{"not_picked":["Sword Boomerang","Clash"],"picked":"Inflame"},{"not_picked":["Bludgeon","Impervious"],"picked":"Feed"},{"not_picked":["Headbutt","Disarm"],"picked":"Dual Wield"},{"not_picked":["Sword Boomerang","Combust"],"picked":"Twin Strike"}],"player_experience":141075,"potions_floor_usage":[10,16,24,25],"damage_taken":[{"damage":0,"enemies":"Cultist","floor":1,"turns":1},{"damage":0,"enemies":"Blue Slaver","floor":3,"turns":1},{"damage":0,"enemies":"Lagavulin","floor":6,"turns":1},{"damage":6,"enemies":"Small Slimes","floor":7,"turns":4},{"damage":13,"enemies":"3 Sentries","floor":8,"turns":6},{"damage":25,"enemies":"Gremlin Nob","floor":10,"turns":4},{"damage":9,"enemies":"Red Slaver","floor":11,"turns":2},{"damage":5,"enemies":"3 Louse","floor":13,"turns":3},{"damage":29,"enemies":"The Guardian","floor":16,"turns":6},{"damage":22,"enemies":"Spheric Guardian","floor":18,"turns":4},{"damage":22,"enemies":"Shell Parasite","floor":22,"turns":5},{"damage":31,"enemies":"Snake Plant","floor":24,"turns":3},{"damage":48,"enemies":"Book of Stabbing","floor":25,"turns":4}],"event_choices":[{"event_name":"Bonfire Elementals","player_choice":"BASIC","floor":2,"damage_taken":0},{"event_name":"Purifier","player_choice":"One Purge","floor":5,"damage_taken":0},{"event_name":"Golden Idol","player_choice":"Lose Max HP","floor":14,"damage_taken":0},{"event_name":"Duplicator","player_choice":"One dupe","floor":19,"damage_taken":0},{"event_name":"Beggar","player_choice":"Gave Gold","floor":20,"damage_taken":0}],"boss_relics":[{"not_picked":["Snecko Eye","Ectoplasm"],"picked":"Eternal Feather"}],"potions_floor_spawned":[1,8,10,16,24],"seed_played":"4668958053093646408","killed_by":"Book of Stabbing","ascension_level":3,"is_trial":false}