{"path_per_floor":["M","$","?","?","M","R","$","?","T","?","$","M","R","M","R","B",null,"M","$","M","?","?"],"character_chosen":"IRONCLAD","items_purchased":["Flex","Heavy Blade"],"gold_per_floor":[119,44,44,44,61,61,16,16,16,16,16,29,29,49,49,148,148,137,13,23,23,23],"floor_reached":23,"campfire_rested":0,"playtime":634,"current_hp_per_floor":[78,78,75,67,65,65,65,70,70,70,70,69,69,72,72,12,67,69,69,69,69,69],"items_purged":["Strike_R","Defend_R"],"gold":23,"score":230,"play_id":"730cd155-72a0-4bfb-95bc-5d4ff6bb7716","is_prod":false,"is_daily":false,"is_ascension_mode":true,"campfire_upgraded":3,"path_taken":["M","$","?","?","M","R","?","?","T","?","$","M","R","?","R","BOSS","M","$","M","?","?","E"],"build_version":"2018-02-15-PROD1","purchased_purges":2,"victory":false,"master_deck":["Strike_R","Strike_R","Defend_R+1","Defend_R+1","Defend_R","Bash","Sword Boomerang+1","Cleave+1","Flex+1","Twin Strike","Burning Pact","Dark Embrace","Blood for Blood","Heavy Blade"],"max_hp_per_floor":[80,80,80,80,80,80,80,85,85,85,85,85,85,85,85,85,85,85,85,85,85,85],"relics":["Burning Blood","War Paint","Thread and Needle","Snecko Eye"],"card_choices":[{"not_picked":["Metallicize","Bloodletting"],"picked":"Sword Boomerang"},{"not_picked":["Iron Wave","Heavy Blade"],"picked":"Cleave"},{"not_picked":["Carnage","Body Slam"],"picked":"Burning Pact"},{"not_picked":["Barricade","Juggernaut"],"picked":"Dark Embrace"},{"not_picked":["Havoc","Rupture"],"picked":"Blood for Blood"}],"player_experience":154210,"potions_floor_usage":[14,16],"damage_taken":[{"damage":0,"enemies":"Small Slimes","floor":1,"turns":3},{"damage":8,"enemies":"2 Louse","floor":5,"turns":3},{"damage":7,"enemies":"Jaw Worm","floor":12,"turns":2},{"damage":3,"enemies":"Blue Slaver","floor":14,"turns":3},{"damage":66,"enemies":"The Guardian","floor":16,"turns":9},{"damage":4,"enemies":"2 Thieves","floor":18,"turns":4},{"damage":6,"enemies":"3 Byrds","floor":20,"turns":5},{"damage":78,"enemies":"Book of Stabbing","floor":23,"turns":5}],"event_choices":[{"event_name":"Scrap Ooze","player_choice":"success","floor":3,"damage_taken":3},{"event_name":"Wheel of Change","player_choice":"Damage","floor":4,"damage_taken":0},{"event_name":"Big Fish","player_choice":"Donut","floor":8,"damage_taken":0},{"event_name":"Living Wall","player_choice":"Change","floor":10,"damage_taken":0},{"event_name":"Purifier","player_choice":"One Purge","floor":21,"damage_taken":0},{"event_name":"The Lab","player_choice":"Got Potions","floor":22,"damage_taken":0}],"boss_relics":[{"not_picked":["Velvet Choker","Orrery"],"picked":"Snecko Eye"}],"potions_floor_spawned":[1,5,14,20],"seed_played":"4805198803770570782","killed_by":"Book of Stabbing","ascension_level":6,"is_trial":false}