{"path_per_floor":["M","?","M","M","?","E","R","M","T","R","E","M","M","M","R","B",null,"M","?","$","?","M","R","?","R","T","M","M","?","$","M","R"],"character_chosen":"IRONCLAD","items_purchased":["Flame Barrier","Pen Nib","Warcry"],"gold_per_floor":[117,117,135,135,135,169,169,185,209,209,244,259,270,288,288,386,386,396,396,127,127,140,140,65,65,91,109,123,123,75,88,88],"floor_reached":33,"campfire_rested":6,"playtime":1440,"current_hp_per_floor":[80,80,70,76,60,8,32,11,11,35,21,25,31,36,60,37,80,32,32,32,32,38,62,62,80,80,72,49,49,49,35,59],"items_purged":["Decay"],"gold":88,"score":298,"play_id":"f8a37847-06f0-47c7-bfd8-f2cfe0b7c701","is_prod":false,"is_daily":false,"is_ascension_mode":true,"campfire_upgraded":0,"path_taken":["M","?","?","M","?","E","R","M","T","R","E","?","M","M","R","BOSS","M","?","$","?","?","R","?","R","T","M","M","?","?","M","R","BOSS"],"build_version":"2018-02-12-PROD1","purchased_purges":1,"victory":false,"master_deck":["Strike_R+1","Strike_R+1","Strike_R+1","Strike_R+1","Strike_R+1","Defend_R+1","Defend_R+1","Defend_R+1","Defend_R+1","Burning Pact","Body Slam+1","Entrench","Shrug It Off","Armaments","Ghostly Armor","Thunderclap","Battle Trance","Double Tap","True Grit","Flame Barrier","Exhume","Metallicize","Warcry","Entrench+1"],"max_hp_per_floor":[80,80,80,80,80,80,80,80,80,80,80,80,80,80,80,80,80,80,80,80,80,80,80,80,80,80,80,80,80,80,80,80],"relics":["Burning Blood","Anchor","Bag of Preparation","Vajra","Bronze Scales","Black Star","Pen Nib","Prayer Wheel"],"card_choices":[{"not_picked":["True Grit","Disarm"],"picked":"Burning Pact"},{"not_picked":["Searing Blow","Twin Strike"],"picked":"Body Slam"},{"not_picked":["Brutality","Perfected Strike"],"picked":"Entrench"},{"not_picked":["Warcry","Uppercut"],"picked":"Shrug It Off"},{"not_picked":["Blood for Blood","Anger"],"picked":"Armaments"},{"not_picked":["Feel No Pain","Blood for Blood"],"picked":"Ghostly Armor"},{"not_picked":["True Grit","Clothesline"],"picked":"Thunderclap"},{"not_picked":["Rampage","Warcry"],"picked":"Battle Trance"},{"not_picked":["Limit Break","Brutality"],"picked":"Double Tap"},{"not_picked":["Headbutt","Heavy Blade"],"picked":"True Grit"},{"not_picked":["Heavy Blade","Armaments"],"picked":"Exhume"},{"not_picked":["True Grit","Intimidate"],"picked":"Metallicize"},{"not_picked":["Armaments","Body Slam"],"picked":"Entrench"}],"player_experience":130435,"potions_floor_usage":[4,16,18,28],"damage_taken":[{"damage":0,"enemies":"2 Louse","floor":1,"turns":3},{"damage":16,"enemies":"Blue Slaver","floor":3,"turns":4},{"damage":0,"enemies":"Jaw Worm","floor":4,"turns":2},{"damage":58,"enemies":"Lagavulin","floor":6,"turns":8},{"damage":27,"enemies":"Lots of Slimes","floor":8,"turns":8},{"damage":20,"enemies":"3 Sentries","floor":11,"turns":10},{"damage":2,"enemies":"2 Fungi Beasts","floor":12,"turns":3},{"damage":0,"enemies":"Exordium Wildlife","floor":13,"turns":5},{"damage":1,"enemies":"Looter","floor":14,"turns":3},{"damage":29,"enemies":"The Guardian","floor":16,"turns":11},{"damage":54,"enemies":"Chosen","floor":18,"turns":8},{"damage":0,"enemies":"3 Byrds","floor":22,"turns":2},{"damage":14,"enemies":"Centurion and Healer","floor":27,"turns":9},{"damage":29,"enemies":"3 Cultists","floor":28,"turns":6},{"damage":20,"enemies":"Sentry and Sphere","floor":31,"turns":9},{"damage":80,"enemies":"Automaton","floor":33,"turns":12}],"event_choices":[{"event_name":"The Woman in Blue","player_choice":"Bought 0 Potions","floor":2,"damage_taken":0},{"event_name":"Shining Light","player_choice":"Entered Light","floor":5,"damage_taken":0},{"event_name":"Forgotten Altar","player_choice":"Smashed Altar","floor":19,"damage_taken":0},{"event_name":"Back to Basics","player_choice":"Simplicity","floor":21,"damage_taken":0},{"event_name":"Beggar","player_choice":"Gave Gold","floor":24,"damage_taken":0},{"event_name":"Drug Dealer","player_choice":"Ignored","floor":29,"damage_taken":0}],"boss_relics":[{"not_picked":["Lizard Tail","Runic Dome"],"picked":"Black Star"}],"potions_floor_spawned":[3,4,8,12,27,31],"seed_played":"-8699166900848284193","killed_by":"Automaton","ascension_level":3,"is_trial":false}