{"path_per_floor":["M","$","?","$","?","E","R","?","T","M","E","R","M","M","R","B",null,"M","M","$","?","?","R","M","R","T","R","M","M","R","?","R"],"character_chosen":"IRONCLAD","items_purchased":["Flex","Bronze Scales"],"gold_per_floor":[110,63,63,63,63,98,98,98,177,197,232,232,244,261,261,358,358,377,393,172,172,222,222,233,233,533,533,549,561,561,561,561],"floor_reached":33,"campfire_rested":5,"playtime":781,"current_hp_per_floor":[71,71,71,71,55,22,46,46,46,49,42,66,70,62,62,33,68,38,30,30,30,30,60,25,55,55,80,77,65,73,73,80],"items_purged":["Strike_R"],"gold":561,"score":329,"play_id":"43fa3788-bdd0-4c29-bc12-2485d68413ff","is_prod":false,"is_daily":false,"is_ascension_mode":true,"campfire_upgraded":3,"path_taken":["M","$","?","?","?","E","R","?","T","M","E","R","?","?","R","BOSS","M","M","$","?","?","R","M","R","T","R","M","M","R","?","R","BOSS"],"build_version":"2018-02-15-PROD1","purchased_purges":1,"victory":false,"master_deck":["Strike_R","Strike_R+1","Strike_R+1","Defend_R","Defend_R","Defend_R","Defend_R","Flex+1","Disarm+1","Inflame","Cleave","Heavy Blade+1","Flame Barrier+1","Immolate+1","Twin Strike+1","Thunderclap","Writhe","Pummel","Battle Trance","Searing Blow"],"max_hp_per_floor":[80,80,80,80,80,80,80,80,80,80,80,80,80,80,80,80,80,80,80,80,80,80,80,80,80,80,80,80,80,80,80,80],"relics":["Burning Blood","Whetstone","Mercury Hourglass","Art of War","Eternal Feather","Bronze Scales","Blue Candle","Old Coin"],"card_choices":[{"not_picked":["Perfected Strike","Havoc"],"picked":"Iron Wave"},{"not_picked":["Double Tap","Sentinel"],"picked":"Inflame"},{"not_picked":["Perfected Strike","Warcry"],"picked":"Cleave"},{"not_picked":["Flex","Second Wind"],"picked":"Heavy Blade"},{"not_picked":["Berserk","Warcry"],"picked":"Flame Barrier"},{"not_picked":["Dark Embrace","Berserk"],"picked":"Immolate"},{"not_picked":["Pommel Strike","Wild Strike"],"picked":"Twin Strike"},{"not_picked":["Anger","Rampage"],"picked":"Thunderclap"},{"not_picked":["Burning Pact","Iron Wave"],"picked":"Pummel"},{"not_picked":["Power Through","Pommel Strike"],"picked":"Battle Trance"}],"player_experience":158993,"potions_floor_usage":[16,16,29,33],"damage_taken":[{"damage":7,"enemies":"Small Slimes","floor":1,"turns":4},{"damage":39,"enemies":"Gremlin Nob","floor":6,"turns":5},{"damage":3,"enemies":"Cultist","floor":10,"turns":3},{"damage":13,"enemies":"3 Sentries","floor":11,"turns":5},{"damage":2,"enemies":"Jaw Worm","floor":13,"turns":2},{"damage":14,"enemies":"Large Slime","floor":14,"turns":5},{"damage":35,"enemies":"Hexaghost","floor":16,"turns":8},{"damage":36,"enemies":"2 Thieves","floor":18,"turns":4},{"damage":14,"enemies":"Spheric Guardian","floor":19,"turns":4},{"damage":41,"enemies":"Centurion and Healer","floor":24,"turns":5},{"damage":9,"enemies":"3 Cultists","floor":28,"turns":3},{"damage":18,"enemies":"Snake Plant","floor":29,"turns":2},{"damage":83,"enemies":"Collector","floor":33,"turns":6}],"event_choices":[{"event_name":"Transmorgrifier","player_choice":"Transform","floor":3,"damage_taken":0},{"event_name":"Shining Light","player_choice":"Entered Light","floor":5,"damage_taken":0},{"event_name":"Bonfire Elementals","player_choice":"BASIC","floor":8,"damage_taken":0},{"event_name":"The Mausoleum","player_choice":"Yes","floor":21,"damage_taken":0},{"event_name":"The Joust","player_choice":"Bet on Murderer","floor":22,"damage_taken":0},{"event_name":"Transmorgrifier","player_choice":"Transform","floor":31,"damage_taken":0}],"boss_relics":[{"not_picked":["White Beast Statue","Mark of Pain"],"picked":"Eternal Feather"}],"potions_floor_spawned":[13,14,24,28,29],"seed_played":"-4203970130192037702","killed_by":"Collector","ascension_level":6,"is_trial":false}