{"path_per_floor":["M","$","?","M","?","R","?","E","T","E","R","M","M","M","R","B",null],"character_chosen":"IRONCLAD","items_purchased":["Dual Wield"],"gold_per_floor":[111,39,214,232,232,232,307,338,638,699,699,719,744,759,759,882,882],"floor_reached":18,"campfire_rested":2,"playtime":927,"current_hp_per_floor":[72,72,72,72,67,67,56,37,37,11,31,30,36,42,62,12,67],"items_purged":[],"gold":882,"score":187,"play_id":"f08648f3-290c-4550-9b25-5c7454513a2f","is_prod":false,"is_daily":false,"is_ascension_mode":true,"campfire_upgraded":1,"path_taken":["M","$","?","M","?","R","?","E","T","E","R","M","M","M","R","BOSS","M"],"build_version":"2018-02-08-PROD1","purchased_purges":0,"victory":false,"master_deck":["Strike_R","Strike_R","Strike_R","Strike_R","Strike_R","Defend_R","Defend_R","Defend_R","Defend_R","Bash","Headbutt","Dual Wield+1","Doubt","Intimidate","Shockwave","Thunderclap","Barricade","Armaments","Shrug It Off","Limit Break"],"max_hp_per_floor":[72,72,72,72,67,67,67,67,67,67,67,67,67,67,67,67,67],"relics":["Burning Blood","Thread and Needle","Golden Idol","Ginger","Old Coin","Tiny Chest","Lizard Tail"],"card_choices":[{"not_picked":["True Grit","Uppercut"],"picked":"Headbutt"},{"not_picked":["Twin Strike","Clash"],"picked":"Intimidate"},{"not_picked":["Clash","Armaments"],"picked":"Shockwave"},{"not_picked":["Entrench","Dual Wield"],"picked":"Thunderclap"},{"not_picked":["Bloodletting","Warcry"],"picked":"Barricade"},{"not_picked":["True Grit","Hemokinesis"],"picked":"Armaments"},{"not_picked":["True Grit","Thunderclap"],"picked":"Shrug It Off"},{"not_picked":["Exhume","Berserk"],"picked":"Limit Break"}],"player_experience":119847,"potions_floor_usage":[16,16,16],"damage_taken":[{"damage":1,"enemies":"Cultist","floor":1,"turns":3},{"damage":5,"enemies":"Small Slimes","floor":4,"turns":5},{"damage":25,"enemies":"Gremlin Nob","floor":8,"turns":5},{"damage":32,"enemies":"3 Sentries","floor":10,"turns":10},{"damage":7,"enemies":"Jaw Worm","floor":12,"turns":4},{"damage":0,"enemies":"Large Slime","floor":13,"turns":11},{"damage":0,"enemies":"3 Louse","floor":14,"turns":4},{"damage":62,"enemies":"The Guardian","floor":16,"turns":19},{"damage":111,"enemies":"3 Byrds","floor":18,"turns":11}],"event_choices":[{"event_name":"Liars Game","player_choice":"agreed","floor":3,"damage_taken":0},{"event_name":"Golden Idol","player_choice":"Lose Max HP","floor":5,"damage_taken":0},{"event_name":"World of Goop","player_choice":"Gather Gold","floor":7,"damage_taken":0}],"boss_relics":[{"not_picked":["Velvet Choker","Calling Bell"],"picked":"Lizard Tail"}],"potions_floor_spawned":[10,12,13,14,16],"seed_played":"-6458723431836277086","killed_by":"3 Byrds","ascension_level":2,"is_trial":false}