{"path_per_floor":["M","?","$","M","M","R","M","E","T","$","M","R","E","M","R","B",null,"M","?","?","M","?","E","R"],"character_chosen":"IRONCLAD","items_purchased":["Metallicize","Vajra","Membership Card","Flex"],"gold_per_floor":[117,367,100,118,129,129,147,174,224,5,25,25,58,76,76,178,178,193,283,183,203,203,229,229],"floor_reached":25,"campfire_rested":2,"playtime":1037,"current_hp_per_floor":[88,88,88,74,77,77,64,55,55,55,59,85,71,65,65,66,88,78,62,62,63,63,14,40],"items_purged":["Regret"],"gold":229,"score":254,"play_id":"37bb8973-127e-4dfe-ac4b-b386a42a5562","is_prod":false,"is_daily":false,"is_ascension_mode":true,"campfire_upgraded":2,"path_taken":["M","?","$","?","M","R","M","E","T","$","M","R","E","M","R","BOSS","M","?","?","?","?","E","R","M"],"build_version":"2018-02-12-PROD1","purchased_purges":1,"victory":false,"master_deck":["Strike_R+1","Strike_R+1","Strike_R+1","Strike_R+1","Strike_R+1","Defend_R+1","Defend_R+1","Defend_R+1","Defend_R+1","Bash","Heavy Blade+1","Metallicize+1","Seeing Red","Battle Trance","Shrug It Off","Flex","Inflame","Headbutt","Limit Break","Ghostly Armor","J.A.X.","Berserk"],"max_hp_per_floor":[88,88,88,88,88,88,88,88,88,88,88,88,88,88,88,88,88,88,88,88,88,88,88,88],"relics":["Burning Blood","Vajra","Centennial Puzzle","Oddly Smooth Stone","Membership Card","Peace Pipe","Cursed Key","Molten Egg 2"],"card_choices":[{"not_picked":["Sword Boomerang","Twin Strike"],"picked":"Heavy Blade"},{"not_picked":["True Grit","Clothesline"],"picked":"Seeing Red"},{"not_picked":["Wild Strike","Sentinel"],"picked":"Battle Trance"},{"not_picked":["Clash","Fire Breathing"],"picked":"Shrug It Off"},{"not_picked":["Flex","Searing Blow"],"picked":"Inflame"},{"not_picked":["Inflame","Searing Blow"],"picked":"Headbutt"},{"not_picked":["Bludgeon","Offering"],"picked":"Limit Break"},{"not_picked":["Havoc","Twin Strike"],"picked":"Ghostly Armor"},{"not_picked":["Second Wind","Hemokinesis"],"picked":"Berserk"}],"player_experience":122774,"potions_floor_usage":[16,18,25],"damage_taken":[{"damage":0,"enemies":"Small Slimes","floor":1,"turns":3},{"damage":20,"enemies":"Blue Slaver","floor":4,"turns":5},{"damage":3,"enemies":"Cultist","floor":5,"turns":3},{"damage":19,"enemies":"Lots of Slimes","floor":7,"turns":5},{"damage":15,"enemies":"3 Sentries","floor":8,"turns":9},{"damage":2,"enemies":"Exordium Wildlife","floor":11,"turns":3},{"damage":20,"enemies":"Gremlin Nob","floor":13,"turns":5},{"damage":12,"enemies":"Exordium Thugs","floor":14,"turns":5},{"damage":5,"enemies":"Slime Boss","floor":16,"turns":7},{"damage":16,"enemies":"2 Thieves","floor":18,"turns":2},{"damage":5,"enemies":"Shell Parasite","floor":21,"turns":2},{"damage":55,"enemies":"Gremlin Leader","floor":23,"turns":6},{"damage":58,"enemies":"Chosen and Byrds","floor":25,"turns":5}],"event_choices":[{"event_name":"Golden Shrine","player_choice":"Desecrate","floor":2,"damage_taken":0},{"event_name":"Knowing Skull","player_choice":"GOLD ","floor":19,"damage_taken":0},{"event_name":"Drug Dealer","player_choice":"Got JAXXED","floor":20,"damage_taken":0},{"event_name":"Back to Basics","player_choice":"Simplicity","floor":22,"damage_taken":0}],"boss_relics":[{"not_picked":["Mark of Pain","Astrolabe"],"picked":"Cursed Key"}],"potions_floor_spawned":[5,14,16],"seed_played":"4313669861166902840","killed_by":"Chosen and Byrds","ascension_level":2,"is_trial":false}