{"path_per_floor":["M","M","M","?","?","R","E","R","T","E","M","?","?","M","R","B",null,"M"],"character_chosen":"IRONCLAD","items_purchased":[],"gold_per_floor":[116,134,145,145,145,145,174,174,226,258,278,278,228,251,251,381,381,404],"floor_reached":19,"campfire_rested":1,"playtime":865,"current_hp_per_floor":[76,69,66,66,66,66,53,80,80,48,49,49,49,51,51,26,74,54],"items_purged":[],"gold":404,"score":195,"play_id":"fd04df94-30f1-43e1-a9d9-26cabd131132","is_prod":false,"is_daily":false,"is_ascension_mode":true,"campfire_upgraded":1,"path_taken":["M","M","M","?","?","R","E","R","T","E","M","?","?","M","R","BOSS","M","M"],"build_version":"2018-02-12-PROD1","purchased_purges":0,"victory":false,"master_deck":["Strike_R","Strike_R","Strike_R","Defend_R","Defend_R","Defend_R","Defend_R","Bash","Shrug It Off","Seeing Red+1","Battle Trance","Twin Strike","Thunderclap","Reaper","Flex"],"max_hp_per_floor":[80,80,80,80,80,80,80,80,80,80,80,74,74,74,74,74,74,74],"relics":["Burning Blood","Regal Pillow","Shovel","Juzu Bracelet","Dream Catcher","Golden Idol","Bag of Marbles","Black Star"],"card_choices":[{"not_picked":["True Grit","Infernal Blade"],"picked":"Shrug It Off"},{"not_picked":["Headbutt","Pommel Strike"],"picked":"Seeing Red"},{"not_picked":["Cleave","Metallicize"],"picked":"Battle Trance"},{"not_picked":["Warcry","Fire Breathing"],"picked":"Twin Strike"},{"not_picked":["Infernal Blade","Burning Pact"],"picked":"Thunderclap"},{"not_picked":["Barricade","Fiend Fire"],"picked":"Reaper"},{"not_picked":["Dual Wield","Searing Blow"],"picked":"Flex"}],"player_experience":127112,"potions_floor_usage":[7,16,16,18],"damage_taken":[{"damage":10,"enemies":"Jaw Worm","floor":1,"turns":5},{"damage":13,"enemies":"Blue Slaver","floor":2,"turns":3},{"damage":9,"enemies":"2 Louse","floor":3,"turns":3},{"damage":28,"enemies":"Gremlin Nob","floor":7,"turns":4},{"damage":38,"enemies":"3 Sentries","floor":10,"turns":9},{"damage":5,"enemies":"2 Fungi Beasts","floor":11,"turns":3},{"damage":4,"enemies":"Large Slime","floor":14,"turns":4},{"damage":31,"enemies":"Slime Boss","floor":16,"turns":9},{"damage":31,"enemies":"3 Byrds","floor":18,"turns":6},{"damage":84,"enemies":"Chosen","floor":19,"turns":7}],"event_choices":[{"event_name":"Purifier","player_choice":"One Purge","floor":4,"damage_taken":0},{"event_name":"Shining Light","player_choice":"Ignored","floor":5,"damage_taken":0},{"event_name":"Golden Idol","player_choice":"Lose Max HP","floor":12,"damage_taken":0},{"event_name":"The Cleric","player_choice":"Card Removal","floor":13,"damage_taken":0}],"boss_relics":[{"not_picked":["Astrolabe","Orrery"],"picked":"Black Star"}],"potions_floor_spawned":[2,11,14,16,18],"seed_played":"-3849624686183944116","killed_by":"Chosen","ascension_level":2,"is_trial":false}