{"path_per_floor":["M","M","?","$","M","R","E","R","T","R","M","M","$","M","R","B",null,"M","?","?","M","M","E","R","M","T","E","R","M","$","?","R"],"character_chosen":"IRONCLAD","items_purchased":["Shrug It Off","Apotheosis"],"gold_per_floor":[117,129,129,9,27,27,54,54,77,77,94,105,5,20,20,123,123,140,65,65,79,93,120,120,134,134,166,166,184,3,3,3],"floor_reached":33,"campfire_rested":3,"playtime":1076,"current_hp_per_floor":[74,77,77,77,74,74,66,66,66,66,72,68,68,74,74,22,80,62,62,47,37,48,30,55,52,52,47,72,61,61,61,85],"items_purged":["Clothesline","Strike_R"],"gold":3,"score":344,"play_id":"356b2b74-2ce0-41b9-ba20-ca68ab185318","is_prod":false,"is_daily":false,"is_ascension_mode":true,"campfire_upgraded":4,"path_taken":["M","M","?","$","?","R","E","R","T","R","?","?","?","M","R","BOSS","M","?","?","?","M","E","R","M","T","E","R","M","?","?","R","BOSS"],"build_version":"2018-02-12-PROD1","purchased_purges":2,"victory":false,"master_deck":["Strike_R","Strike_R","Strike_R","Defend_R","Defend_R","Defend_R","Defend_R","Bash","Uppercut+1","Shrug It Off+1","Whirlwind+1","Pommel Strike+1","Infernal Blade+1","Offering","Shrug It Off+1","Sword Boomerang+1","Inflame","Apotheosis"],"max_hp_per_floor":[80,80,80,80,80,80,80,80,80,80,80,80,80,80,80,80,80,80,80,85,85,85,85,85,85,85,85,85,85,85,85,85],"relics":["Burning Blood","Kunai","Lantern","Lizard Tail","Letter Opener","Champion Belt","Oddly Smooth Stone"],"card_choices":[{"not_picked":["Carnage","Evolve"],"picked":"Uppercut"},{"not_picked":["Wild Strike","Clash"],"picked":"Clothesline"},{"not_picked":["Disarm","Uppercut"],"picked":"Whirlwind"},{"not_picked":["Burning Pact","Clash"],"picked":"Pommel Strike"},{"not_picked":["Combust","Sentinel"],"picked":"Infernal Blade"},{"not_picked":["Impervious","Feed"],"picked":"Offering"},{"not_picked":["Clash","Carnage"],"picked":"Shrug It Off"},{"not_picked":["Twin Strike","Shrug It Off"],"picked":"Sword Boomerang"},{"not_picked":["Spot Weakness","Body Slam"],"picked":"Inflame"}],"player_experience":145591,"potions_floor_usage":[7,12,33,33],"damage_taken":[{"damage":12,"enemies":"Jaw Worm","floor":1,"turns":3},{"damage":3,"enemies":"Small Slimes","floor":2,"turns":3},{"damage":9,"enemies":"Blue Slaver","floor":5,"turns":4},{"damage":14,"enemies":"Gremlin Nob","floor":7,"turns":4},{"damage":0,"enemies":"Lots of Slimes","floor":11,"turns":1},{"damage":10,"enemies":"Gremlin Gang","floor":12,"turns":2},{"damage":0,"enemies":"Exordium Thugs","floor":14,"turns":3},{"damage":58,"enemies":"Slime Boss","floor":16,"turns":10},{"damage":24,"enemies":"Spheric Guardian","floor":18,"turns":4},{"damage":16,"enemies":"Chosen","floor":21,"turns":4},{"damage":37,"enemies":"Sentry and Sphere","floor":22,"turns":4},{"damage":24,"enemies":"Book of Stabbing","floor":23,"turns":5},{"damage":9,"enemies":"Cultist and Chosen","floor":25,"turns":5},{"damage":11,"enemies":"Slavers","floor":27,"turns":2},{"damage":17,"enemies":"Slaver and Parasite","floor":29,"turns":8},{"damage":106,"enemies":"Collector","floor":33,"turns":10}],"event_choices":[{"event_name":"Living Wall","player_choice":"Grow","floor":3,"damage_taken":0},{"event_name":"Beggar","player_choice":"Gave Gold","floor":19,"damage_taken":0},{"event_name":"Forgotten Altar","player_choice":"Shed Blood","floor":20,"damage_taken":0},{"event_name":"Drug Dealer","player_choice":"Ignored","floor":31,"damage_taken":0}],"boss_relics":[{"not_picked":["White Beast Statue","Runic Pyramid"],"picked":"Lizard Tail"}],"potions_floor_spawned":[1,2,7,14,18,23,29],"seed_played":"2662148271300341993","killed_by":"Collector","ascension_level":4,"is_trial":false}