{"path_per_floor":["M","M","?","M","?","R","M","M","T","M","?","$","R","$","R","B",null,"M"],"character_chosen":"IRONCLAD","items_purchased":["True Grit","Pen Nib"],"gold_per_floor":[116,129,304,316,316,316,327,346,369,387,357,82,82,82,82,180,180,192],"floor_reached":19,"campfire_rested":0,"playtime":608,"current_hp_per_floor":[64,56,56,62,80,80,75,68,68,74,74,74,74,74,74,20,65,36],"items_purged":["Strike_R"],"gold":192,"score":207,"play_id":"bd392b27-e751-4d8f-9a55-43b45740850b","is_prod":false,"is_daily":false,"is_ascension_mode":true,"campfire_upgraded":3,"path_taken":["M","M","?","M","?","R","M","M","T","?","?","$","R","$","R","BOSS","M","M"],"build_version":"2018-02-15-PROD1","purchased_purges":1,"victory":false,"master_deck":["Strike_R","Strike_R","Strike_R","Strike_R","Defend_R","Defend_R","Defend_R","Defend_R","Bash","Thunderclap","Pommel Strike","Doubt","Flex+1","Uppercut+1","Armaments+1","Shrug It Off","True Grit","Bludgeon","Reaper"],"max_hp_per_floor":[80,80,80,80,80,80,80,80,80,80,80,80,80,80,80,80,80,80],"relics":["Burning Blood","Vajra","Pen Nib","Question Card"],"card_choices":[{"not_picked":["Shrug It Off","Anger"],"picked":"Thunderclap"},{"not_picked":["Combust","Ghostly Armor"],"picked":"Pommel Strike"},{"not_picked":["Dual Wield","Intimidate"],"picked":"Flex"},{"not_picked":["Hemokinesis","Pummel"],"picked":"Uppercut"},{"not_picked":["Headbutt","Pummel"],"picked":"Armaments"},{"not_picked":["Searing Blow","Thunderclap"],"picked":"Shrug It Off"},{"not_picked":["Juggernaut","Dark Embrace"],"picked":"Bludgeon"},{"not_picked":["Flex","Cleave","Perfected Strike"],"picked":"Reaper"}],"player_experience":154844,"potions_floor_usage":[7,16,16,19],"damage_taken":[{"damage":14,"enemies":"Jaw Worm","floor":1,"turns":4},{"damage":14,"enemies":"2 Louse","floor":2,"turns":2},{"damage":0,"enemies":"Small Slimes","floor":4,"turns":3},{"damage":11,"enemies":"Looter","floor":7,"turns":2},{"damage":13,"enemies":"Gremlin Gang","floor":8,"turns":4},{"damage":0,"enemies":"Large Slime","floor":10,"turns":4},{"damage":60,"enemies":"Slime Boss","floor":16,"turns":12},{"damage":35,"enemies":"Spheric Guardian","floor":18,"turns":6},{"damage":42,"enemies":"3 Byrds","floor":19,"turns":5}],"event_choices":[{"event_name":"Liars Game","player_choice":"agreed","floor":3,"damage_taken":0},{"event_name":"Big Fish","player_choice":"Banana","floor":5,"damage_taken":0},{"event_name":"The Woman in Blue","player_choice":"Bought 2 Potions","floor":11,"damage_taken":0}],"boss_relics":[{"not_picked":["Lizard Tail","Runic Dome"],"picked":"Question Card"}],"potions_floor_spawned":[1,2,16],"seed_played":"8292338348482096953","killed_by":"3 Byrds","ascension_level":6,"is_trial":false}