{"path_per_floor":["M","?","?","M","M","R","?","R","T","T","M","M","R","?","R","B",null,"M","?","M","?","T","R","M"],"character_chosen":"IRONCLAD","items_purchased":[],"gold_per_floor":[210,160,140,156,166,166,166,166,192,215,231,251,251,251,251,346,346,358,358,369,369,369,369,384],"floor_reached":25,"campfire_rested":1,"playtime":886,"current_hp_per_floor":[79,79,79,80,76,76,76,76,76,76,65,60,60,60,60,12,80,34,34,22,22,22,52,39],"items_purged":[],"gold":384,"score":220,"play_id":"2f41aeaf-92a3-4c22-92a2-288e09dcd4c9","is_prod":false,"is_daily":false,"is_ascension_mode":true,"campfire_upgraded":4,"path_taken":["M","?","?","?","M","R","?","R","T","?","M","M","R","?","R","BOSS","M","?","M","?","?","R","M","M"],"build_version":"2018-02-12-PROD1","purchased_purges":0,"victory":false,"master_deck":["Strike_R","Strike_R","Strike_R","Strike_R","Defend_R","Defend_R","Defend_R","Defend_R","Bash","Clothesline+1","Thunderclap+1","Heavy Blade+1","Shrug It Off+1","Impervious+1","Barricade","Body Slam+1","Flame Barrier","Decay","Rage"],"max_hp_per_floor":[80,80,80,80,80,80,80,80,80,80,80,80,80,80,80,80,80,80,80,80,80,80,80,80],"relics":["Burning Blood","Art of War","Oddly Smooth Stone","Eternal Feather","Meat on the Bone"],"card_choices":[{"not_picked":["Dark Embrace","Hemokinesis"],"picked":"Clothesline"},{"not_picked":["Cleave","True Grit"],"picked":"Thunderclap"},{"not_picked":["Warcry","Corruption"],"picked":"Heavy Blade"},{"not_picked":["Clothesline","Corruption"],"picked":"Shrug It Off"},{"not_picked":["Clothesline","Heavy Blade"],"picked":"Impervious"},{"not_picked":["Offering","Bludgeon"],"picked":"Barricade"},{"not_picked":["Pommel Strike","Clash"],"picked":"Body Slam"},{"not_picked":["Perfected Strike","Headbutt"],"picked":"Flame Barrier"},{"not_picked":["Combust","Body Slam"],"picked":"Rage"}],"player_experience":138109,"potions_floor_usage":[4,12,16,16,25],"damage_taken":[{"damage":7,"enemies":"Jaw Worm","floor":1,"turns":3},{"damage":4,"enemies":"Cultist","floor":4,"turns":4},{"damage":10,"enemies":"Blue Slaver","floor":5,"turns":4},{"damage":17,"enemies":"Large Slime","floor":11,"turns":5},{"damage":11,"enemies":"Exordium Thugs","floor":12,"turns":7},{"damage":54,"enemies":"The Guardian","floor":16,"turns":14},{"damage":52,"enemies":"Spheric Guardian","floor":18,"turns":10},{"damage":18,"enemies":"2 Thieves","floor":20,"turns":5},{"damage":31,"enemies":"Snake Plant","floor":24,"turns":7},{"damage":60,"enemies":"Centurion and Healer","floor":25,"turns":13}],"event_choices":[{"event_name":"The Cleric","player_choice":"Card Removal","floor":2,"damage_taken":0},{"event_name":"The Woman in Blue","player_choice":"Bought 1 Potion","floor":3,"damage_taken":0},{"event_name":"Upgrade Shrine","player_choice":"Upgraded","floor":7,"damage_taken":0},{"event_name":"The Lab","player_choice":"Got Potions","floor":14,"damage_taken":0},{"event_name":"Drug Dealer","player_choice":"Ignored","floor":19,"damage_taken":0},{"event_name":"Forgotten Altar","player_choice":"Smashed Altar","floor":21,"damage_taken":0}],"boss_relics":[{"not_picked":["Question Card","Philosopher\u0027s Stone"],"picked":"Eternal Feather"}],"potions_floor_spawned":[1,4,11,18],"seed_played":"-5772690612279230396","killed_by":"Centurion and Healer","ascension_level":3,"is_trial":false}