{"path_per_floor":["M","?","$","M","?","E","R","$","T","?","?","?","T","M","R","B",null,"M","$","?","?","?","R","?","?","T","?","$","?","M","M","R","B",null,"M","M","$","M","?","R","M","R","T","?","T","M","T","M","R","B"],"character_chosen":"IRONCLAD","items_purchased":["Armaments","Flex","Pummel","Vajra","Seeing Red","Bag of Preparation"],"gold_per_floor":[111,111,41,54,54,80,80,5,32,32,32,32,32,49,49,151,151,166,91,91,91,121,121,121,221,221,221,71,71,85,101,101,205,205,225,245,28,43,0,0,16,16,65,65,65,83,110,124,124,124],"floor_reached":51,"campfire_rested":4,"playtime":1397,"current_hp_per_floor":[80,80,80,80,80,46,70,70,70,70,70,52,52,56,56,13,80,61,61,46,46,46,46,85,85,85,85,85,85,85,77,77,79,89,87,81,81,30,30,57,57,84,84,84,84,61,61,49,93,68],"items_purged":["Strike_R"],"gold":124,"score":627,"play_id":"7f580e37-9076-4786-b3ab-4aab7f7b00bd","is_prod":false,"is_daily":false,"is_ascension_mode":true,"campfire_upgraded":3,"path_taken":["M","?","$","?","?","E","R","?","T","?","?","?","?","M","R","BOSS","M","$","?","?","?","R","?","?","T","?","?","?","M","M","R","BOSS","M","M","$","M","?","R","M","R","T","?","?","M","?","M","R","BOSS"],"build_version":"2018-02-15-PROD1","purchased_purges":1,"victory":true,"master_deck":["Strike_R+1","Strike_R+1","Defend_R+1","Defend_R+1","Bash","Clothesline","Armaments","Flex+1","Heavy Blade","Panacea+1","Limit Break+1","Iron Wave","Impervious","Feed+1","Offering+1","Pummel","Pummel+1","Flex+1","Seeing Red","Thunderclap+1"],"max_hp_per_floor":[80,80,80,80,80,80,80,80,80,80,80,80,80,80,80,80,80,80,80,85,85,85,85,85,85,85,85,85,85,85,85,85,89,89,89,93,93,93,93,93,93,93,93,93,93,93,93,97,97,97],"relics":["Burning Blood","Bottled Lightning","Juzu Bracelet","Paper Frog","Art of War","Astrolabe","Tiny Chest","Happy Flower","Vajra","Question Card","Bag of Preparation","Red Mask","Regal Pillow","Toxic Egg 2","Anchor"],"card_choices":[{"not_picked":["Shockwave","Reckless Charge"],"picked":"Clothesline"},{"not_picked":["Metallicize","Pommel Strike"],"picked":"Heavy Blade"},{"not_picked":["Warcry","Sentinel"],"picked":"Iron Wave"},{"not_picked":["Fiend Fire","Barricade"],"picked":"Impervious"},{"not_picked":["Iron Wave","Armaments"],"picked":"Pummel"},{"not_picked":["Cleave","Burning Pact","Headbutt"],"picked":"Flex"},{"not_picked":["Clash","Battle Trance","Rage"],"picked":"Thunderclap"}],"player_experience":149874,"potions_floor_usage":[6,16,16,36,50,50],"damage_taken":[{"damage":5,"enemies":"2 Louse","floor":1,"turns":3},{"damage":2,"enemies":"Cultist","floor":4,"turns":5},{"damage":40,"enemies":"Lagavulin","floor":6,"turns":6},{"damage":2,"enemies":"Small Slimes","floor":14,"turns":3},{"damage":49,"enemies":"The Guardian","floor":16,"turns":9},{"damage":25,"enemies":"Shell Parasite","floor":18,"turns":5},{"damage":5,"enemies":"Spheric Guardian","floor":30,"turns":3},{"damage":14,"enemies":"Snake Plant","floor":31,"turns":2},{"damage":8,"enemies":"Collector","floor":33,"turns":3},{"damage":8,"enemies":"Orb Walker","floor":35,"turns":2},{"damage":16,"enemies":"3 Shapes","floor":36,"turns":3},{"damage":57,"enemies":"Sphere and 2 Shapes","floor":38,"turns":5},{"damage":6,"enemies":"3 Darklings","floor":41,"turns":2},{"damage":29,"enemies":"Maw","floor":46,"turns":6},{"damage":22,"enemies":"4 Shapes","floor":48,"turns":3},{"damage":34,"enemies":"Time Eater","floor":50,"turns":3}],"event_choices":[{"event_name":"Purifier","player_choice":"One Purge","floor":2,"damage_taken":0},{"event_name":"Wheel of Change","player_choice":"Full Heal","floor":5,"damage_taken":0},{"event_name":"Match and Keep!","player_choice":"2 cards matched","floor":10,"damage_taken":0},{"event_name":"The Cleric","player_choice":"Leave","floor":11,"damage_taken":0},{"event_name":"Scrap Ooze","player_choice":"success","floor":12,"damage_taken":18},{"event_name":"Forgotten Altar","player_choice":"Shed Blood","floor":20,"damage_taken":0},{"event_name":"Vampires","player_choice":"Ignored","floor":21,"damage_taken":0},{"event_name":"The Mausoleum","player_choice":"Yes","floor":22,"damage_taken":0},{"event_name":"Bonfire Elementals","player_choice":"UNCOMMON","floor":24,"damage_taken":0},{"event_name":"Golden Shrine","player_choice":"Pray","floor":25,"damage_taken":0},{"event_name":"Match and Keep!","player_choice":"0 cards matched","floor":27,"damage_taken":0},{"event_name":"Back to Basics","player_choice":"Simplicity","floor":29,"damage_taken":0},{"event_name":"Tomb of Lord Red Mask","player_choice":"Paid","floor":39,"damage_taken":0},{"event_name":"Mysterious Sphere","player_choice":"Ignore","floor":44,"damage_taken":0}],"boss_relics":[{"not_picked":["Velvet Choker","Mark of Pain"],"picked":"Astrolabe"},{"not_picked":["Runic Cube","Runic Dome"],"picked":"Question Card"}],"potions_floor_spawned":[1,14,30,33,38,46,48],"seed_played":"-1392766164577494806","ascension_level":4,"is_trial":false}