{"path_per_floor":["M","?","?","M","M","R","M","R","T","M","R","M","$","M","R","B",null,"M","$","?","T","M","R"],"character_chosen":"IRONCLAD","items_purchased":["Lantern","Body Slam"],"gold_per_floor":[116,171,171,189,199,199,218,218,242,254,254,266,45,30,30,133,133,147,97,97,97,111,111],"floor_reached":24,"campfire_rested":1,"playtime":780,"current_hp_per_floor":[74,74,74,67,72,72,62,62,62,68,68,66,66,52,52,35,75,64,64,64,64,43,75],"items_purged":["Strike_R"],"gold":111,"score":263,"play_id":"c0a718f5-9619-4260-936b-84b9cd2fe7c6","is_prod":false,"is_daily":false,"is_ascension_mode":true,"campfire_upgraded":4,"path_taken":["M","?","?","M","M","R","M","R","T","?","R","?","$","M","R","BOSS","M","$","?","?","M","R","E"],"build_version":"2018-02-22-PROD2","purchased_purges":1,"victory":false,"master_deck":["Strike_R","Strike_R","Strike_R","Defend_R","Defend_R","Defend_R","Defend_R","Bash","Uppercut+1","Iron Wave+1","Twin Strike","Demon Form+1","Shrug It Off","Heavy Blade+1","Offering","Flame Barrier","Body Slam","Decay"],"max_hp_per_floor":[88,88,88,88,88,88,88,88,88,88,88,88,88,88,88,88,88,88,88,88,88,88,88],"relics":["Burning Blood","Happy Flower","Lantern","Eternal Feather","Unceasing Top"],"card_choices":[{"not_picked":["Power Through","Blood for Blood"],"picked":"Uppercut"},{"not_picked":["Dual Wield","Pummel"],"picked":"Iron Wave"},{"not_picked":["Iron Wave","Corruption"],"picked":"Twin Strike"},{"not_picked":["Uppercut","Flex"],"picked":"Demon Form"},{"not_picked":["Blood for Blood","Havoc"],"picked":"Shrug It Off"},{"not_picked":["Bloodletting","Infernal Blade"],"picked":"Heavy Blade"},{"not_picked":["Juggernaut","Feed"],"picked":"Offering"},{"not_picked":["Power Through","Ghostly Armor"],"picked":"Flame Barrier"}],"player_experience":210068,"potions_floor_usage":[7,7,10],"damage_taken":[{"damage":12,"enemies":"Jaw Worm","floor":1,"turns":2},{"damage":13,"enemies":"Small Slimes","floor":4,"turns":4},{"damage":1,"enemies":"Cultist","floor":5,"turns":3},{"damage":16,"enemies":"Gremlin Gang","floor":7,"turns":6},{"damage":0,"enemies":"2 Fungi Beasts","floor":10,"turns":3},{"damage":8,"enemies":"Blue Slaver","floor":12,"turns":3},{"damage":20,"enemies":"Exordium Thugs","floor":14,"turns":5},{"damage":23,"enemies":"Slime Boss","floor":16,"turns":7},{"damage":17,"enemies":"Chosen","floor":18,"turns":4},{"damage":27,"enemies":"2 Thieves","floor":22,"turns":5},{"damage":78,"enemies":"Slavers","floor":24,"turns":5}],"event_choices":[{"event_name":"Golden Wing","player_choice":"Gained Gold","floor":2,"damage_taken":0},{"event_name":"Living Wall","player_choice":"Forget","floor":3,"damage_taken":0},{"event_name":"Forgotten Altar","player_choice":"Smashed Altar","floor":20,"damage_taken":0}],"boss_relics":[{"not_picked":["Lizard Tail","Pandora\u0027s Box"],"picked":"Eternal Feather"}],"potions_floor_spawned":[1,4,5,7],"seed_played":"-1432812636249263189","killed_by":"Slavers","ascension_level":8,"is_trial":false}