{"path_per_floor":["M","M","$","?","$","R","M","M","T","E","?","M","E","M","R","B",null,"M","?","$","?","M","$","T","R","T","?","R","$","M","M","R","B",null,"M","$","M","?","$","R","M","R","T","?","?","M","$","M","R"],"character_chosen":"IRONCLAD","items_purchased":["True Grit","Flame Barrier","Dexterity Potion","Shrug It Off","War Paint","Body Slam","Pen Nib","Happy Flower"],"gold_per_floor":[117,136,36,36,36,36,55,68,68,97,97,118,156,177,177,303,303,316,316,216,216,235,77,101,101,148,63,63,63,79,100,100,226,226,245,1,17,350,150,150,164,164,188,188,188,204,58,69,69],"floor_reached":50,"campfire_rested":5,"playtime":1640,"current_hp_per_floor":[67,68,68,50,50,80,79,79,79,43,43,43,20,22,59,12,59,74,74,74,74,53,53,53,53,53,53,53,53,49,51,74,10,58,21,21,19,19,19,64,45,74,74,65,65,73,73,74,74],"items_purged":["Strike_R","Strike_R","Defend_R"],"gold":69,"score":585,"play_id":"6ca7be25-71ae-4382-9003-b0cff668db65","is_prod":false,"is_daily":false,"is_ascension_mode":true,"campfire_upgraded":3,"path_taken":["M","?","$","?","$","R","M","M","T","E","?","M","E","M","R","BOSS","M","?","$","?","M","?","?","R","T","?","R","?","?","M","R","BOSS","M","$","?","?","$","R","M","R","T","?","?","M","$","M","R","BOSS"],"build_version":"2018-02-22-PROD2","purchased_purges":3,"victory":false,"master_deck":["Strike_R","Strike_R","Defend_R","Defend_R+1","Defend_R","Bash+1","Seeing Red","Iron Wave","True Grit","Whirlwind+1","Inflame","Offering+1","Thunderclap","Armaments","Shrug It Off+1","Reaper+1","Spot Weakness","Inflame","Flame Barrier","Sword Boomerang+1","Demon Form+1","Shrug It Off","Body Slam+1","Shrug It Off+1","Madness","Bloodletting+1","Uppercut+1"],"max_hp_per_floor":[80,80,80,80,80,80,80,80,80,80,74,74,74,74,74,74,74,74,74,74,74,74,74,74,74,74,74,74,74,74,74,74,74,74,74,74,74,74,74,74,74,74,74,74,74,74,74,74,74],"relics":["Burning Blood","Regal Pillow","Ginger","Omamori","Vajra","Mark of Pain","Art of War","Whetstone","Molten Egg 2","Eternal Feather","War Paint","Pen Nib","Orichalcum","Happy Flower"],"card_choices":[{"not_picked":["Clash","Carnage"],"picked":"Iron Wave"},{"not_picked":["Clash","Flex"],"picked":"Whirlwind"},{"not_picked":["Iron Wave","Clash"],"picked":"Inflame"},{"not_picked":["Havoc","Evolve"],"picked":"Offering"},{"not_picked":["Shrug It Off","Body Slam"],"picked":"Thunderclap"},{"not_picked":["Bludgeon","Cleave"],"picked":"Armaments"},{"not_picked":["Second Wind","Hemokinesis"],"picked":"Shrug It Off"},{"not_picked":["Feed","Barricade"],"picked":"Reaper"},{"not_picked":["True Grit","Bloodletting"],"picked":"Inflame"},{"not_picked":["Spot Weakness","Fiend Fire"],"picked":"Sword Boomerang"},{"not_picked":["Feed","Offering"],"picked":"Demon Form"},{"not_picked":["Blood for Blood","Clothesline"],"picked":"Shrug It Off"},{"not_picked":["Pommel Strike","Twin Strike"],"picked":"Bloodletting"},{"not_picked":["Clothesline","Barricade"],"picked":"Uppercut"}],"player_experience":212650,"potions_floor_usage":[50,50,50],"damage_taken":[{"damage":11.0,"enemies":"Cultist","floor":1.0,"turns":4.0},{"damage":5.0,"enemies":"2 Louse","floor":2.0,"turns":4.0},{"damage":7.0,"enemies":"Jaw Worm","floor":7.0,"turns":3.0},{"damage":6.0,"enemies":"3 Louse","floor":8.0,"turns":3.0},{"damage":42.0,"enemies":"Lagavulin","floor":10.0,"turns":9.0},{"damage":6.0,"enemies":"2 Fungi Beasts","floor":12.0,"turns":2.0},{"damage":29.0,"enemies":"3 Sentries","floor":13.0,"turns":6.0},{"damage":4.0,"enemies":"Large Slime","floor":14.0,"turns":5.0},{"damage":68.0,"enemies":"Hexaghost","floor":16.0,"turns":9.0},{"damage":0.0,"enemies":"Chosen","floor":18.0,"turns":4.0},{"damage":27.0,"enemies":"3 Byrds","floor":22.0,"turns":5.0},{"damage":23.0,"enemies":"Snake Plant","floor":30.0,"turns":3.0},{"damage":4.0,"enemies":"Cultist and Chosen","floor":31.0,"turns":2.0},{"damage":85.0,"enemies":"Automaton","floor":33.0,"turns":9.0},{"damage":43.0,"enemies":"3 Shapes","floor":35.0,"turns":6.0},{"damage":8.0,"enemies":"Orb Walker","floor":37.0,"turns":2.0},{"damage":31.0,"enemies":"Maw","floor":41.0,"turns":7.0},{"damage":43.0,"enemies":"4 Shapes","floor":46.0,"turns":3.0},{"damage":4.0,"enemies":"3 Darklings","floor":48.0,"turns":2.0},{"damage":75,"enemies":"Donu and Deca","floor":50,"turns":4}],"event_choices":[{"event_name":"Scrap Ooze","player_choice":"success","floor":4.0,"damage_taken":18.0},{"event_name":"Golden Idol","player_choice":"Lose Max HP","floor":11.0,"damage_taken":0.0},{"event_name":"The Library","player_choice":"Read","floor":19.0,"damage_taken":0.0},{"event_name":"Drug Dealer","player_choice":"Ignored","floor":21.0,"damage_taken":0.0},{"event_name":"Addict","player_choice":"Obtained Relic","floor":27.0,"damage_taken":0.0},{"event_name":"The Moai Head","player_choice":"Gave Idol","floor":38.0,"damage_taken":0.0},{"event_name":"Winding Halls","player_choice":"Embrace Madness","floor":44.0,"damage_taken":0.0}],"boss_relics":[],"potions_floor_spawned":[8,10,12,13,22,31,33,37,41,48],"seed_played":"-3575642435368666116","killed_by":"Donu and Deca","ascension_level":8,"is_trial":false}