{"path_per_floor":["M","?","?","?","M","R","M","$","T","E","R","M","R","M","R","B",null,"M","?","$","M","?","R","E","R","T","E","M","?","R","M","R","B",null,"M","?","$","?","?","E","?","R","T","R","M","$"],"character_chosen":"IRONCLAD","items_purchased":["Flex","Anchor"],"gold_per_floor":[113,113,113,113,133,133,153,78,105,132,132,145,145,164,164,267,267,285,210,110,129,129,129,162,162,186,217,236,236,236,252,252,351,351,367,367,39,0,0,30,30,30,30,30,46,46],"floor_reached":47,"campfire_rested":7,"playtime":1112,"current_hp_per_floor":[64,64,64,57,59,59,64,64,64,55,55,57,80,70,70,53,73,63,63,63,65,49,73,34,58,58,42,44,44,68,55,79,33,68,63,63,63,63,80,20,20,44,44,68,68,68],"items_purged":["Strike_R","Strike_R","Cleave"],"gold":46,"score":612,"play_id":"84d35590-021b-491c-8da6-2414fdbcf7b1","is_prod":false,"is_daily":false,"is_ascension_mode":true,"campfire_upgraded":3,"path_taken":["M","?","?","?","M","R","?","$","T","E","R","M","R","M","R","BOSS","M","?","$","M","?","R","E","R","T","E","M","?","R","M","R","BOSS","M","?","$","?","?","E","?","R","T","R","M","$","E"],"build_version":"2018-02-22-PROD2","purchased_purges":3,"victory":false,"master_deck":["Defend_R","Defend_R","Defend_R+1","Defend_R","Uppercut+1","Thunderclap","Offering+1","Whirlwind+1","Double Tap","Sentinel+1","Shrug It Off+1","Limit Break","Heavy Blade","Flex","Writhe","Body Slam+1","True Grit"],"max_hp_per_floor":[80,80,80,80,80,80,80,80,80,80,80,80,80,80,80,80,80,80,80,80,80,80,80,80,80,80,80,80,80,80,80,80,80,80,80,80,80,80,80,80,80,80,80,80,80,80],"relics":["Black Blood","Juzu Bracelet","Shuriken","Mark of Pain","Nilry\u0027s Codex","Red Skull","War Paint","Bag of Preparation","Anchor","Red Mask","Peace Pipe","Torii"],"card_choices":[{"not_picked":["Perfected Strike","Flame Barrier"],"picked":"Uppercut"},{"not_picked":["Fiend Fire","Heavy Blade"],"picked":"Thunderclap"},{"not_picked":["Dual Wield","Pommel Strike"],"picked":"Offering"},{"not_picked":["Dual Wield","Rupture"],"picked":"Cleave"},{"not_picked":["Disarm","Corruption"],"picked":"Whirlwind"},{"not_picked":["Reaper","Berserk"],"picked":"Double Tap"},{"not_picked":["Evolve","Power Through"],"picked":"Sentinel"},{"not_picked":["Rage","Twin Strike"],"picked":"Shrug It Off"},{"not_picked":["Flex","Infernal Blade"],"picked":"Metallicize"},{"not_picked":["Brutality","Exhume"],"picked":"Limit Break"},{"not_picked":["Reckless Charge","Headbutt"],"picked":"Heavy Blade"},{"not_picked":["Clash","True Grit"],"picked":"Body Slam"},{"not_picked":["Iron Wave","Berserk"],"picked":"True Grit"}],"player_experience":211538,"potions_floor_usage":[10,16,24,31,31,33,40,47],"damage_taken":[{"damage":14,"enemies":"Jaw Worm","floor":1,"turns":3},{"damage":4,"enemies":"Cultist","floor":5,"turns":3},{"damage":1,"enemies":"Small Slimes","floor":7,"turns":4},{"damage":15,"enemies":"Gremlin Nob","floor":10,"turns":5},{"damage":4,"enemies":"Blue Slaver","floor":12,"turns":3},{"damage":16,"enemies":"Exordium Wildlife","floor":14,"turns":2},{"damage":23,"enemies":"Slime Boss","floor":16,"turns":6},{"damage":16,"enemies":"Chosen","floor":18,"turns":3},{"damage":4,"enemies":"3 Byrds","floor":21,"turns":3},{"damage":45,"enemies":"Book of Stabbing","floor":24,"turns":5},{"damage":22,"enemies":"Gremlin Leader","floor":27,"turns":3},{"damage":4,"enemies":"3 Cultists","floor":28,"turns":3},{"damage":19,"enemies":"Cultist and Chosen","floor":31,"turns":3},{"damage":52,"enemies":"Collector","floor":33,"turns":10},{"damage":15,"enemies":"Orb Walker","floor":35,"turns":3},{"damage":70,"enemies":"Giant Head","floor":40,"turns":8},{"damage":10,"enemies":"3 Shapes","floor":45,"turns":1},{"damage":103,"enemies":"Nemesis","floor":47,"turns":5}],"event_choices":[{"event_name":"The Lab","player_choice":"Got Potions","floor":2,"damage_taken":0},{"event_name":"Living Wall","player_choice":"Forget","floor":3,"damage_taken":0},{"event_name":"Golden Wing","player_choice":"Card Removal","floor":4,"damage_taken":0},{"event_name":"Beggar","player_choice":"Gave Gold","floor":19,"damage_taken":0},{"event_name":"Cursed Tome","player_choice":"Obtained Book","floor":22,"damage_taken":0},{"event_name":"Back to Basics","player_choice":"Elegance","floor":29,"damage_taken":0},{"event_name":"Mysterious Sphere","player_choice":"Ignore","floor":36,"damage_taken":0},{"event_name":"Tomb of Lord Red Mask","player_choice":"Paid","floor":38,"damage_taken":0},{"event_name":"Winding Halls","player_choice":"Writhe","floor":39,"damage_taken":0}],"boss_relics":[{"not_picked":["Question Card","Cursed Key"],"picked":"Mark of Pain"},{"not_picked":["Pandora\u0027s Box","Snecko Eye"],"picked":"Black Blood"}],"potions_floor_spawned":[1,14,16,18,27,28,33,35,45],"seed_played":"-1246875722500465717","killed_by":"Nemesis","ascension_level":8,"is_trial":false}