{"path_per_floor":["M","$","M","?","?","E","?","R","T","M","R","M","?","M","R","B",null,"M","$","?","?","M","R","M","R","T","M","M","E","?","E","R","B",null,"M","?","$","M","M","R"],"character_chosen":"IRONCLAD","items_purchased":[],"gold_per_floor":[117,42,56,56,56,90,190,190,215,236,236,254,254,273,273,401,401,326,226,226,141,141,141,141,141,141,141,141,141,141,141,141,141,141,141,0,0,0,0,0],"floor_reached":41,"campfire_rested":3,"playtime":1974,"current_hp_per_floor":[72,72,75,74,59,50,50,50,50,52,52,52,52,56,74,17,60,60,60,60,60,66,66,66,66,66,72,69,64,64,55,76,11,60,28,28,28,28,29,53],"items_purged":["Strike_R","Strike_R"],"gold":0,"score":495,"play_id":"4209d22f-f099-42fb-85de-b5dafa7896b1","is_prod":false,"is_daily":false,"is_ascension_mode":true,"campfire_upgraded":4,"path_taken":["M","$","?","?","?","E","?","R","T","M","R","M","?","M","R","BOSS","M","$","?","?","M","R","M","R","T","M","M","E","?","E","R","BOSS","M","?","$","?","M","R","E"],"build_version":"2018-02-15-PROD1","purchased_purges":2,"victory":false,"master_deck":["Strike_R+1","Defend_R","Defend_R+1","Defend_R","Defend_R+1","Bash","Flame Barrier+1","Juggernaut+1","Shrug It Off+1","Shrug It Off+1","Double Tap+1","Metallicize+1","Berserk","Shrug It Off+1"],"max_hp_per_floor":[80,80,80,74,74,74,74,74,74,74,74,74,74,74,74,74,74,74,74,74,74,74,74,74,74,74,74,74,74,74,76,76,76,76,78,78,78,78,80,80],"relics":["Burning Blood","Golden Idol","Toxic Egg 2","Happy Flower","Ectoplasm","Torii","Du-Vu Doll","Charon\u0027s Ashes","Singing Bowl","White Beast Statue","Red Mask"],"card_choices":[{"not_picked":["Shrug It Off","Warcry"],"picked":"Flame Barrier"},{"not_picked":["Dual Wield","Armaments"],"picked":"Juggernaut"},{"not_picked":["Sword Boomerang","Seeing Red"],"picked":"Shrug It Off"},{"not_picked":["Pommel Strike","Iron Wave"],"picked":"Shrug It Off"},{"not_picked":["Shrug It Off","Spot Weakness"],"picked":"Double Tap"},{"not_picked":["Reckless Charge","Sever Soul"],"picked":"Metallicize"},{"not_picked":["Fiend Fire","Demon Form"],"picked":"Berserk"},{"not_picked":["Flex","Rage"],"picked":"Shrug It Off"}],"player_experience":165627,"potions_floor_usage":[6,16,29,31,31,33,38,41,41],"damage_taken":[{"damage":6,"enemies":"Cultist","floor":1,"turns":3},{"damage":3,"enemies":"Small Slimes","floor":3,"turns":5},{"damage":15,"enemies":"Lagavulin","floor":6,"turns":9},{"damage":4,"enemies":"Jaw Worm","floor":10,"turns":4},{"damage":6,"enemies":"2 Fungi Beasts","floor":12,"turns":4},{"damage":2,"enemies":"Large Slime","floor":14,"turns":6},{"damage":63,"enemies":"Hexaghost","floor":16,"turns":15},{"damage":6,"enemies":"2 Thieves","floor":18,"turns":5},{"damage":0,"enemies":"Spheric Guardian","floor":22,"turns":5},{"damage":6,"enemies":"Snecko","floor":24,"turns":5},{"damage":0,"enemies":"Centurion and Healer","floor":27,"turns":8},{"damage":9,"enemies":"Snake Plant","floor":28,"turns":4},{"damage":11,"enemies":"Slavers","floor":29,"turns":7},{"damage":17,"enemies":"Gremlin Leader","floor":31,"turns":7},{"damage":71,"enemies":"Collector","floor":33,"turns":17},{"damage":40,"enemies":"Orb Walker","floor":35,"turns":7},{"damage":6,"enemies":"3 Shapes","floor":38,"turns":6},{"damage":7,"enemies":"Sphere and 2 Shapes","floor":39,"turns":8},{"damage":69,"enemies":"Giant Head","floor":41,"turns":10}],"event_choices":[{"event_name":"Golden Idol","player_choice":"Lose Max HP","floor":4,"damage_taken":0},{"event_name":"Shining Light","player_choice":"Entered Light","floor":5,"damage_taken":0},{"event_name":"Golden Shrine","player_choice":"Pray","floor":7,"damage_taken":0},{"event_name":"The Lab","player_choice":"Got Potions","floor":13,"damage_taken":0},{"event_name":"Wheel of Change","player_choice":"Card Removal","floor":20,"damage_taken":0},{"event_name":"Addict","player_choice":"Obtained Relic","floor":21,"damage_taken":0},{"event_name":"Vampires","player_choice":"Ignored","floor":30,"damage_taken":0},{"event_name":"Tomb of Lord Red Mask","player_choice":"Paid","floor":36,"damage_taken":0}],"boss_relics":[{"not_picked":["Runic Pyramid","Runic Cube"],"picked":"Ectoplasm"},{"not_picked":["Astrolabe","Question Card"],"picked":"White Beast Statue"}],"potions_floor_spawned":[1,12,16,18,22,28,29,35,38,39],"seed_played":"-2213193097518579531","killed_by":"Giant Head","ascension_level":6,"is_trial":false}