{"path_per_floor":["M","?","M","?","$","E","?","R","T","R","M","R","M","$","R","B",null,"M","?","$","M","M","R","E","R","T","M","$","?"],"character_chosen":"IRONCLAD","items_purchased":["Uppercut","Headbutt"],"gold_per_floor":[114,114,128,128,49,88,88,88,88,88,107,107,128,53,53,173,173,191,191,91,114,135,135,171,171,197,212,63,63],"floor_reached":30,"campfire_rested":2,"playtime":760,"current_hp_per_floor":[63,63,61,61,61,47,47,47,47,47,49,49,55,55,55,36,65,50,50,50,45,36,58,30,52,52,56,56,56],"items_purged":["Strike_R","Bash","Strike_R"],"gold":63,"score":344,"play_id":"675e3ff0-e589-4861-a27d-0bb93b9c99fd","is_prod":false,"is_daily":false,"is_ascension_mode":true,"campfire_upgraded":4,"path_taken":["M","?","M","?","?","E","?","R","T","R","M","R","M","$","R","BOSS","M","?","$","?","M","R","E","R","T","M","$","?","E"],"build_version":"2018-02-15-PROD1","purchased_purges":3,"victory":false,"master_deck":["Strike_R","Defend_R","Defend_R","Defend_R","Defend_R","Rampage+1","Uppercut+1","Battle Trance+1","Shrug It Off+1","Fiend Fire","Shrug It Off+1","Headbutt"],"max_hp_per_floor":[80,74,74,74,74,74,74,74,74,74,74,74,74,74,74,74,74,74,74,74,74,74,74,74,74,74,74,74,74],"relics":["Burning Blood","Golden Idol","Art of War","Omamori","Sozu","Self Forming Clay","Ancient Tea Set"],"card_choices":[{"not_picked":["Body Slam","Cleave"],"picked":"Rampage"},{"not_picked":["Havoc","Body Slam"],"picked":"Battle Trance"},{"not_picked":["Ghostly Armor","Spot Weakness"],"picked":"Shrug It Off"},{"not_picked":["Barricade","Impervious"],"picked":"Fiend Fire"},{"not_picked":["Twin Strike","Body Slam"],"picked":"Shrug It Off"}],"player_experience":180130,"potions_floor_usage":[16],"damage_taken":[{"damage":15,"enemies":"Small Slimes","floor":1,"turns":4},{"damage":8,"enemies":"2 Louse","floor":3,"turns":3},{"damage":20,"enemies":"Gremlin Nob","floor":6,"turns":4},{"damage":4,"enemies":"Jaw Worm","floor":11,"turns":2},{"damage":0,"enemies":"Large Slime","floor":13,"turns":4},{"damage":25,"enemies":"Slime Boss","floor":16,"turns":9},{"damage":21,"enemies":"3 Byrds","floor":18,"turns":5},{"damage":11,"enemies":"Spheric Guardian","floor":21,"turns":3},{"damage":15,"enemies":"Snake Plant","floor":22,"turns":3},{"damage":34,"enemies":"Book of Stabbing","floor":24,"turns":6},{"damage":2,"enemies":"Snecko","floor":27,"turns":3},{"damage":57,"enemies":"Gremlin Leader","floor":30,"turns":4}],"event_choices":[{"event_name":"Golden Idol","player_choice":"Lose Max HP","floor":2,"damage_taken":0},{"event_name":"Living Wall","player_choice":"Forget","floor":4,"damage_taken":0},{"event_name":"Purifier","player_choice":"One Purge","floor":7,"damage_taken":0},{"event_name":"The Woman in Blue","player_choice":"Bought 0 Potions","floor":19,"damage_taken":0},{"event_name":"Cursed Tome","player_choice":"Ignored","floor":29,"damage_taken":0}],"boss_relics":[{"not_picked":["Astrolabe","Calling Bell"],"picked":"Sozu"}],"potions_floor_spawned":[6,11,13,16,21,22,24],"seed_played":"-8754975556140122276","killed_by":"Gremlin Leader","ascension_level":8,"is_trial":false}