{"path_per_floor":["M","?","?","T","M","E","R","E","T","M","R","M","R","E","R","B",null,"M","?","?","M","$","E","R"],"character_chosen":"IRONCLAD","items_purchased":["Whirlwind"],"gold_per_floor":[119,69,69,95,108,134,134,167,248,268,268,282,282,311,311,409,409,427,427,342,360,234,264,264],"floor_reached":25,"campfire_rested":2,"playtime":960,"current_hp_per_floor":[77,77,77,77,79,38,62,31,31,30,54,61,61,56,56,33,68,65,80,80,79,79,79,79],"items_purged":["Strike_R"],"gold":264,"score":332,"play_id":"3618566b-4d9d-42e9-b605-f57caab11dac","is_prod":false,"is_daily":false,"is_ascension_mode":true,"campfire_upgraded":3,"path_taken":["M","?","?","?","?","E","R","E","T","M","R","M","R","E","R","BOSS","M","?","?","?","$","E","R","E"],"build_version":"2018-02-15-PROD1","purchased_purges":1,"victory":false,"master_deck":["Strike_R","Strike_R","Strike_R","Defend_R","Defend_R","Defend_R","Defend_R","Bash","Shrug It Off+1","Reaper","Headbutt","Demon Form+1","Inflame","Pummel","Limit Break+1","Battle Trance","True Grit+1","Whirlwind"],"max_hp_per_floor":[80,80,80,80,80,80,80,80,80,80,80,80,80,80,80,80,80,80,80,80,80,80,80,80],"relics":["Burning Blood","Ancient Tea Set","Dodecahedron","Bottled Flame","Smiling Mask","Ornamental Fan","Mark of Pain","Bronze Scales","Du-Vu Doll"],"card_choices":[{"not_picked":["Ghostly Armor","Headbutt"],"picked":"Shrug It Off"},{"not_picked":["Twin Strike","Iron Wave"],"picked":"Reaper"},{"not_picked":["Armaments","Perfected Strike"],"picked":"Headbutt"},{"not_picked":["Twin Strike","Intimidate"],"picked":"Demon Form"},{"not_picked":["Blood for Blood","Feel No Pain"],"picked":"Inflame"},{"not_picked":["Perfected Strike","Disarm"],"picked":"Pummel"},{"not_picked":["Double Tap","Immolate"],"picked":"Limit Break"},{"not_picked":["Wild Strike","Dual Wield"],"picked":"Battle Trance"},{"not_picked":["Headbutt","Searing Blow"],"picked":"True Grit"}],"player_experience":178687,"potions_floor_usage":[14,16,23,25],"damage_taken":[{"damage":1,"enemies":"2 Louse","floor":1,"turns":3},{"damage":4,"enemies":"Jaw Worm","floor":5,"turns":3},{"damage":47,"enemies":"Gremlin Nob","floor":6,"turns":5},{"damage":49,"enemies":"3 Sentries","floor":8,"turns":12},{"damage":11,"enemies":"Cultist","floor":10,"turns":4},{"damage":11,"enemies":"Looter","floor":12,"turns":3},{"damage":35,"enemies":"Lagavulin","floor":14,"turns":5},{"damage":29,"enemies":"Hexaghost","floor":16,"turns":7},{"damage":20,"enemies":"Chosen","floor":18,"turns":7},{"damage":7,"enemies":"3 Byrds","floor":21,"turns":3},{"damage":23,"enemies":"Book of Stabbing","floor":23,"turns":6},{"damage":100,"enemies":"Gremlin Leader","floor":25,"turns":7}],"event_choices":[{"event_name":"The Cleric","player_choice":"Card Removal","floor":2,"damage_taken":0},{"event_name":"Liars Game","player_choice":"disagreed","floor":3,"damage_taken":0},{"event_name":"The Library","player_choice":"Heal","floor":19,"damage_taken":0},{"event_name":"Addict","player_choice":"Obtained Relic","floor":20,"damage_taken":0}],"boss_relics":[{"not_picked":["Astrolabe","Velvet Choker"],"picked":"Mark of Pain"}],"potions_floor_spawned":[1,6,14,16,18,23],"seed_played":"-6550073104130514209","killed_by":"Gremlin Leader","ascension_level":8,"is_trial":false}