{"path_per_floor":["M","?","M","?","M","R","?","M","T","R","M","$","?","?","R","B",null,"M","$","M","?","M","R"],"character_chosen":"IRONCLAD","items_purchased":["Whirlwind","Metallicize"],"gold_per_floor":[116,116,129,129,139,139,89,105,105,105,119,39,39,17,17,114,144,156,1,12,12,30,30],"floor_reached":24,"campfire_rested":2,"playtime":655,"current_hp_per_floor":[76,69,63,63,65,65,65,55,55,55,52,52,40,40,64,11,68,60,60,46,46,50,75],"items_purged":["Strike_R"],"gold":30,"score":260,"play_id":"828961de-4076-49cf-8257-6b9d294e00c2","is_prod":false,"is_daily":false,"is_ascension_mode":true,"campfire_upgraded":2,"path_taken":["M","?","?","?","M","R","?","?","T","R","M","$","?","?","R","BOSS","M","$","M","?","?","R","E"],"build_version":"2018-02-15-PROD1","purchased_purges":1,"victory":false,"master_deck":["Strike_R+1","Strike_R+1","Defend_R","Defend_R","Defend_R","Defend_R","Bash","Inflame+1","Uppercut+1","Iron Wave","Thunderclap+1","Whirlwind","Headbutt","Offering","Rupture+1","Metallicize"],"max_hp_per_floor":[80,80,80,80,80,80,80,80,80,80,80,80,80,80,80,80,85,85,85,85,85,85,85],"relics":["Burning Blood","Bird Faced Urn","Whetstone","Dream Catcher","Tiny House"],"card_choices":[{"not_picked":["Burning Pact","Perfected Strike"],"picked":"Inflame"},{"not_picked":["Rupture","Shockwave"],"picked":"Uppercut"},{"not_picked":["Havoc","Rampage"],"picked":"Iron Wave"},{"not_picked":["Iron Wave","Intimidate"],"picked":"Thunderclap"},{"not_picked":["Shrug It Off","Thunderclap"],"picked":"Headbutt"},{"not_picked":["Immolate","Reaper"],"picked":"Offering"},{"not_picked":["Wild Strike","Impervious"],"picked":"Rupture"}],"player_experience":183362,"potions_floor_usage":[16,16,22,24,24],"damage_taken":[{"damage":2,"enemies":"Small Slimes","floor":1,"turns":3},{"damage":12,"enemies":"2 Louse","floor":3,"turns":3},{"damage":6,"enemies":"Cultist","floor":5,"turns":3},{"damage":16,"enemies":"Exordium Wildlife","floor":8,"turns":4},{"damage":11,"enemies":"3 Louse","floor":11,"turns":4},{"damage":76,"enemies":"Hexaghost","floor":16,"turns":11},{"damage":16,"enemies":"Chosen","floor":18,"turns":3},{"damage":26,"enemies":"Shell Parasite","floor":20,"turns":4},{"damage":6,"enemies":"Snecko","floor":22,"turns":4},{"damage":84,"enemies":"Gremlin Leader","floor":24,"turns":5}],"event_choices":[{"event_name":"Golden Wing","player_choice":"Card Removal","floor":2,"damage_taken":0},{"event_name":"Living Wall","player_choice":"Forget","floor":4,"damage_taken":0},{"event_name":"The Cleric","player_choice":"Card Removal","floor":7,"damage_taken":0},{"event_name":"Scrap Ooze","player_choice":"success","floor":13,"damage_taken":12},{"event_name":"World of Goop","player_choice":"Left","floor":14,"damage_taken":0},{"event_name":"Vampires","player_choice":"Ignored","floor":21,"damage_taken":0}],"boss_relics":[{"not_picked":["Velvet Choker","Pandora\u0027s Box"],"picked":"Tiny House"}],"potions_floor_spawned":[1,8,11,18,22],"seed_played":"-5619307947717335867","killed_by":"Gremlin Leader","ascension_level":8,"is_trial":false}