{"path_per_floor":["M","?","?","?","$","R","$","R","T","M","M","M","$","M","R","B",null,"M","T","?","$","$","R","M","?","T","M","$","M","E","M","R"],"character_chosen":"IRONCLAD","items_purchased":["Battle Trance","Flame Barrier","Armaments"],"gold_per_floor":[113,113,113,113,44,44,44,44,44,58,74,85,10,28,28,132,132,150,198,198,29,29,29,41,41,115,125,100,117,150,170,170],"floor_reached":33,"campfire_rested":1,"playtime":1058,"current_hp_per_floor":[79,79,84,77,77,77,77,77,77,75,75,65,65,41,41,23,76,71,71,71,71,71,71,77,77,77,83,83,82,37,41,68],"items_purged":["Strike_R","Injury"],"gold":170,"score":357,"play_id":"a6499fdf-7352-484a-b7b7-107286574fe2","is_prod":false,"is_daily":false,"is_ascension_mode":true,"campfire_upgraded":4,"path_taken":["M","?","?","?","$","R","?","R","T","M","?","M","$","M","R","BOSS","M","?","?","?","$","R","M","?","T","?","?","M","E","M","R","BOSS"],"build_version":"2018-02-22-PROD2","purchased_purges":2,"victory":false,"master_deck":["Strike_R","Strike_R","Strike_R","Defend_R+1","Defend_R+1","Defend_R","Defend_R","Bash+1","Pommel Strike+1","Battle Trance+1","Double Tap","Ghostly Armor+1","Flame Barrier+1","Cleave+1","Writhe","Armaments","Shrug It Off"],"max_hp_per_floor":[88,88,93,93,93,93,93,93,93,93,93,93,93,93,93,93,93,93,93,93,93,93,93,93,93,93,93,93,93,93,93,93],"relics":["Burning Blood","Torii","Cursed Key","Art of War","Toolbox","War Paint"],"card_choices":[{"not_picked":["Sword Boomerang","Armaments"],"picked":"Pommel Strike"},{"not_picked":["Feed","Berserk"],"picked":"Double Tap"},{"not_picked":["Evolve","Flex"],"picked":"Ghostly Armor"},{"not_picked":["True Grit","Anger"],"picked":"Cleave"},{"not_picked":["Battle Trance","Power Through"],"picked":"Shrug It Off"}],"player_experience":207327,"potions_floor_usage":[16,16,18,30],"damage_taken":[{"damage":7.0,"enemies":"Small Slimes","floor":1.0,"turns":4.0},{"damage":8.0,"enemies":"Jaw Worm","floor":10.0,"turns":3.0},{"damage":6.0,"enemies":"Cultist","floor":11.0,"turns":3.0},{"damage":16.0,"enemies":"Looter","floor":12.0,"turns":4.0},{"damage":30.0,"enemies":"Large Slime","floor":14.0,"turns":4.0},{"damage":24,"enemies":"The Guardian","floor":16,"turns":16},{"damage":11,"enemies":"Spheric Guardian","floor":18,"turns":4},{"damage":0,"enemies":"3 Byrds","floor":24,"turns":6},{"damage":0,"enemies":"Cultist and Chosen","floor":27,"turns":7},{"damage":11,"enemies":"Centurion and Healer","floor":29,"turns":8},{"damage":51,"enemies":"Gremlin Leader","floor":30,"turns":7},{"damage":2,"enemies":"3 Cultists","floor":31,"turns":5},{"damage":83,"enemies":"Collector","floor":33,"turns":7}],"event_choices":[{"event_name":"Liars Game","player_choice":"disagreed","floor":2.0,"damage_taken":0.0},{"event_name":"Big Fish","player_choice":"Donut","floor":3.0,"damage_taken":0.0},{"event_name":"Golden Wing","player_choice":"Card Removal","floor":4.0,"damage_taken":0.0},{"event_name":"Drug Dealer","player_choice":"Ignored","floor":20,"damage_taken":0},{"event_name":"Accursed Blacksmith","player_choice":"Ignore","floor":25,"damage_taken":0}],"boss_relics":[{"not_picked":["Orrery","Black Star"],"picked":"Cursed Key"}],"potions_floor_spawned":[12,14,16,24,29],"seed_played":"-4244466823111744005","killed_by":"Collector","ascension_level":8,"is_trial":false}