{"path_per_floor":["M","?","T","$","?","R","E","?","T","R","$","?","R","M","R","B",null,"M","$","?"],"character_chosen":"IRONCLAD","items_purchased":["True Grit","Shrug It Off"],"gold_per_floor":[114,114,138,16,16,16,49,21,69,69,69,91,91,103,103,200,200,213,62,62],"floor_reached":21,"campfire_rested":3,"playtime":621,"current_hp_per_floor":[70,52,52,52,52,52,23,23,23,62,62,17,56,56,80,37,69,45,45,45],"items_purged":["Strike_R","Strike_R"],"gold":62,"score":239,"play_id":"d4adce11-f29b-4ed8-8501-3ca1d9dffc54","is_prod":false,"is_daily":false,"is_ascension_mode":true,"campfire_upgraded":1,"path_taken":["M","?","?","$","?","R","E","?","T","R","?","?","R","M","R","BOSS","M","$","?","M"],"build_version":"2018-02-22-PROD2","purchased_purges":2,"victory":false,"master_deck":["Strike_R","Strike_R","Strike_R","Defend_R","Defend_R","Defend_R","Defend_R","Bash","Clothesline+1","True Grit","Inflame","Battle Trance","Reaper","Shrug It Off","Reaper"],"max_hp_per_floor":[80,80,80,80,80,80,80,80,80,80,80,80,80,80,80,80,80,80,80,80],"relics":["Burning Blood","Regal Pillow","Juzu Bracelet","Bag of Marbles","Lantern","Odd Mushroom","White Beast Statue"],"card_choices":[{"not_picked":["Anger","Dual Wield"],"picked":"Clothesline"},{"not_picked":["Dropkick","Bloodletting"],"picked":"Inflame"},{"not_picked":["Inflame","Intimidate"],"picked":"Battle Trance"},{"not_picked":["Immolate","Brutality"],"picked":"Reaper"}],"player_experience":205430,"potions_floor_usage":[12,18,21],"damage_taken":[{"damage":8,"enemies":"Jaw Worm","floor":1,"turns":4},{"damage":35,"enemies":"3 Sentries","floor":7,"turns":12},{"damage":51,"enemies":"The Mushroom Lair","floor":12,"turns":6},{"damage":6,"enemies":"Small Slimes","floor":14,"turns":2},{"damage":49,"enemies":"The Guardian","floor":16,"turns":14},{"damage":34,"enemies":"Chosen","floor":18,"turns":6},{"damage":61,"enemies":"3 Byrds","floor":21,"turns":7}],"event_choices":[{"event_name":"Scrap Ooze","player_choice":"success","floor":2,"damage_taken":18},{"event_name":"The Cleric","player_choice":"Leave","floor":5,"damage_taken":0},{"event_name":"World of Goop","player_choice":"Left","floor":8,"damage_taken":0},{"event_name":"Mushrooms","player_choice":"Fought Mushrooms","floor":12,"damage_taken":0},{"event_name":"Duplicator","player_choice":"One dupe","floor":20,"damage_taken":0}],"boss_relics":[{"not_picked":["Calling Bell","Runic Pyramid"],"picked":"White Beast Statue"}],"potions_floor_spawned":[7,12,16,18],"seed_played":"1490672047059275279","killed_by":"3 Byrds","ascension_level":8,"is_trial":false}