{"path_per_floor":["M","?","$","M","?","R","E","M","T","R","M","?","$","M","R","B",null,"M","?","$","M","?","E","R","M","T","R","$","M","M","M","R","B",null,"M","?","?","M","M","R","M","M","T","R","$","R","E","$","R"],"character_chosen":"IRONCLAD","items_purchased":["Thunderclap","Inflame","Inflame","Oddly Smooth Stone","Strength Potion"],"gold_per_floor":[113,188,86,103,103,103,132,146,146,146,156,156,56,74,74,177,177,193,193,116,128,128,159,159,176,176,176,100,110,127,141,141,240,240,259,259,259,271,285,285,299,316,339,339,59,59,90,41,41],"floor_reached":50,"campfire_rested":3,"playtime":1863,"current_hp_per_floor":[73,62,62,66,59,59,65,80,80,80,80,68,68,80,80,22,66,65,80,80,76,76,64,64,80,80,80,80,72,60,80,80,35,69,76,76,76,80,54,78,62,38,38,62,62,62,55,55,79],"items_purged":["Strike_R","Strike_R","Regret"],"gold":41,"score":654,"play_id":"f70b5d76-718b-490f-9adf-568c1bf4fe66","is_prod":false,"is_daily":false,"is_ascension_mode":true,"campfire_upgraded":7,"path_taken":["M","?","$","M","?","R","E","M","T","R","?","?","$","?","R","BOSS","M","?","$","M","?","E","R","M","T","R","$","M","?","M","R","BOSS","M","?","?","M","M","R","M","M","T","R","?","R","E","$","R","BOSS"],"build_version":"2018-02-15-PROD1","purchased_purges":3,"victory":false,"master_deck":["Strike_R","Strike_R","Defend_R","Defend_R+1","Defend_R+1","Defend_R","Bash","Thunderclap","Flame Barrier+1","Reaper","Armaments+1","Flex+1","Impervious","Inflame+1","Fire Breathing+1","Heavy Blade+1","Inflame+1","Metallicize","Demon Form+1","True Grit+1","Writhe"],"max_hp_per_floor":[80,80,80,80,80,80,80,80,80,80,80,80,80,80,80,80,80,80,80,80,80,80,80,80,80,80,80,80,80,80,80,80,80,80,80,80,80,80,80,80,80,80,80,80,80,80,80,80,80],"relics":["Burning Blood","Magic Flower","Anchor","Bronze Scales","Matryoshka","Cursed Key","Thread and Needle","Mercury Hourglass","Frozen Eye","Sozu","Ancient Tea Set","War Paint","Oddly Smooth Stone","Girya"],"card_choices":[{"not_picked":["Wild Strike","Burning Pact"],"picked":"Flame Barrier"},{"not_picked":["Sever Soul","Headbutt"],"picked":"Reaper"},{"not_picked":["Perfected Strike","Intimidate"],"picked":"Armaments"},{"not_picked":["Whirlwind","Armaments"],"picked":"Flex"},{"not_picked":["Brutality","Immolate"],"picked":"Impervious"},{"not_picked":["Armaments","Wild Strike"],"picked":"Fire Breathing"},{"not_picked":["Fiend Fire","Warcry"],"picked":"Heavy Blade"},{"not_picked":["Ghostly Armor","Feed"],"picked":"Metallicize"},{"not_picked":["Juggernaut","Barricade"],"picked":"Demon Form"},{"not_picked":["Intimidate","Heavy Blade"],"picked":"True Grit"}],"player_experience":189434,"potions_floor_usage":[7,16,23,31,33,33],"damage_taken":[{"damage":8,"enemies":"2 Louse","floor":1,"turns":3},{"damage":5,"enemies":"Small Slimes","floor":4,"turns":3},{"damage":28,"enemies":"3 Sentries","floor":7,"turns":10},{"damage":2,"enemies":"Jaw Worm","floor":8,"turns":4},{"damage":16,"enemies":"Large Slime","floor":11,"turns":8},{"damage":0,"enemies":"Looter","floor":14,"turns":3},{"damage":90,"enemies":"Slime Boss","floor":16,"turns":17},{"damage":19,"enemies":"Spheric Guardian","floor":18,"turns":6},{"damage":16,"enemies":"Shell Parasite","floor":21,"turns":6},{"damage":47,"enemies":"Gremlin Leader","floor":23,"turns":7},{"damage":0,"enemies":"Chosen and Byrds","floor":25,"turns":6},{"damage":17,"enemies":"Snecko","floor":29,"turns":5},{"damage":21,"enemies":"Snake Plant","floor":30,"turns":5},{"damage":9,"enemies":"Centurion and Healer","floor":31,"turns":5},{"damage":78,"enemies":"Automaton","floor":33,"turns":12},{"damage":8,"enemies":"Orb Walker","floor":35,"turns":4},{"damage":19,"enemies":"3 Darklings","floor":38,"turns":6},{"damage":35,"enemies":"Sphere and 2 Shapes","floor":39,"turns":6},{"damage":31,"enemies":"4 Shapes","floor":41,"turns":6},{"damage":54,"enemies":"3 Darklings","floor":42,"turns":6},{"damage":16,"enemies":"Nemesis","floor":47,"turns":7},{"damage":85,"enemies":"Awakened One","floor":50,"turns":6}],"event_choices":[{"event_name":"World of Goop","player_choice":"Gather Gold","floor":2,"damage_taken":0},{"event_name":"Golden Wing","player_choice":"Card Removal","floor":5,"damage_taken":0},{"event_name":"Scrap Ooze","player_choice":"success","floor":12,"damage_taken":12},{"event_name":"The Library","player_choice":"Heal","floor":19,"damage_taken":0},{"event_name":"Vampires","player_choice":"Ignored","floor":22,"damage_taken":0},{"event_name":"Mysterious Sphere","player_choice":"Ignore","floor":37,"damage_taken":0}],"boss_relics":[{"not_picked":["Ectoplasm","Orrery"],"picked":"Cursed Key"},{"not_picked":["Pandora\u0027s Box","Question Card"],"picked":"Sozu"}],"potions_floor_spawned":[1,4,11,21,29,30,33,35,41,47],"seed_played":"6928217513356576774","killed_by":"Awakened One","ascension_level":8,"is_trial":false}