{"path_per_floor":["M","?","M","$","T","R","?","R","T","T","M","$","R","M","R","B",null,"M","$","?","?","M","R","M","E","T","M","R","M","M","M","R","B",null,"M","M","$","T","$"],"character_chosen":"IRONCLAD","items_purchased":["Metallicize","Shrug It Off","Bandage Up"],"gold_per_floor":[118,148,162,53,80,80,80,80,80,133,151,51,51,63,63,160,160,175,27,27,27,0,0,18,49,49,63,63,80,91,110,110,209,209,222,240,115,115,115],"floor_reached":40,"campfire_rested":2,"playtime":2181,"current_hp_per_floor":[66,54,49,49,49,49,42,42,42,42,50,50,50,50,50,34,69,52,52,52,52,53,53,61,32,39,37,63,59,71,32,58,69,83,67,29,29,29,29],"items_purged":["Strike_R","Strike_R","Defend_R"],"gold":115,"score":482,"play_id":"3e53a128-ddee-470e-88c9-54bc25278fc3","is_prod":false,"is_daily":false,"is_ascension_mode":true,"campfire_upgraded":5,"path_taken":["M","?","?","$","?","R","?","R","T","?","?","?","R","M","R","BOSS","M","$","?","?","M","R","M","E","T","M","R","M","M","M","R","BOSS","M","?","$","?","$","E"],"build_version":"2018-02-15-PROD1","purchased_purges":3,"victory":false,"master_deck":["Strike_R","Defend_R","Defend_R","Defend_R","Bash+1","Armaments+1","Metallicize+1","Juggernaut+1","Whirlwind","Offering","True Grit","Entrench","Barricade+1","Shrug It Off","Bandage Up"],"max_hp_per_floor":[80,80,80,80,80,80,80,80,80,80,80,80,80,80,80,80,80,80,80,80,80,80,80,80,80,87,87,87,87,87,87,87,87,87,87,87,87,87,87],"relics":["Burning Blood","Tiny Chest","Omamori","Bird Faced Urn","Anchor","Orrery","Ancient Tea Set","Strawberry","Black Star","Dead Branch"],"card_choices":[{"not_picked":["Shockwave","Corruption"],"picked":"Armaments"},{"not_picked":["Armaments","Thunderclap"],"picked":"Juggernaut"},{"not_picked":["True Grit","Cleave"],"picked":"Whirlwind"},{"not_picked":["Fiend Fire","Brutality"],"picked":"Offering"},{"not_picked":["Metallicize","Perfected Strike"],"picked":"True Grit"},{"not_picked":["Uppercut","Iron Wave"],"picked":"Entrench"},{"not_picked":["Twin Strike","Body Slam"],"picked":"Barricade"}],"player_experience":184017,"potions_floor_usage":[],"damage_taken":[{"damage":12.0,"enemies":"Small Slimes","floor":1.0,"turns":3.0},{"damage":11.0,"enemies":"2 Louse","floor":3.0,"turns":3.0},{"damage":0.0,"enemies":"Cultist","floor":11.0,"turns":4.0},{"damage":8.0,"enemies":"Red Slaver","floor":14.0,"turns":5.0},{"damage":26.0,"enemies":"The Guardian","floor":16.0,"turns":14.0},{"damage":27.0,"enemies":"Chosen","floor":18.0,"turns":7.0},{"damage":15.0,"enemies":"2 Thieves","floor":22.0,"turns":5.0},{"damage":8.0,"enemies":"Centurion and Healer","floor":24.0,"turns":13.0},{"damage":47.0,"enemies":"Gremlin Leader","floor":25.0,"turns":17.0},{"damage":18.0,"enemies":"Snake Plant","floor":27.0,"turns":7.0},{"damage":20.0,"enemies":"Chosen and Byrds","floor":29.0,"turns":9.0},{"damage":4.0,"enemies":"Centurion and Healer","floor":30.0,"turns":14.0},{"damage":55.0,"enemies":"Cultist and Chosen","floor":31.0,"turns":11.0},{"damage":5.0,"enemies":"Champ","floor":33.0,"turns":27.0},{"damage":28.0,"enemies":"Orb Walker","floor":35.0,"turns":6.0},{"damage":56.0,"enemies":"3 Darklings","floor":36.0,"turns":14.0},{"damage":37,"enemies":"Nemesis","floor":40,"turns":3}],"event_choices":[{"event_name":"Scrap Ooze","player_choice":"success","floor":2.0,"damage_taken":12.0},{"event_name":"Golden Wing","player_choice":"Card Removal","floor":7.0,"damage_taken":0.0},{"event_name":"Back to Basics","player_choice":"Elegance","floor":20.0,"damage_taken":0.0},{"event_name":"Forgotten Altar","player_choice":"Smashed Altar","floor":21.0,"damage_taken":0.0}],"boss_relics":[],"potions_floor_spawned":[1,11,14,18,24,25,36],"seed_played":"-5570151015604447177","killed_by":"Nemesis","ascension_level":8,"is_trial":false}