{"path_per_floor":["M","$","M","M","M","E","?","R","T","R","M","M","?","M","R","B",null,"M","?","M","$","M","M","M","?","T"],"character_chosen":"IRONCLAD","items_purchased":["Flex","Armaments","Double Tap"],"gold_per_floor":[109,7,21,31,50,78,78,78,152,152,163,182,182,195,195,300,300,316,241,259,49,66,81,95,95,95],"floor_reached":27,"campfire_rested":1,"playtime":983,"current_hp_per_floor":[72,72,75,80,80,38,64,64,64,64,40,32,32,26,50,46,72,69,69,74,74,65,45,19,19,19],"items_purged":["Strike_R"],"gold":95,"score":285,"play_id":"b37ec15d-b208-4a69-a7b6-e83dc3bafd5c","is_prod":false,"is_daily":false,"is_ascension_mode":true,"campfire_upgraded":2,"path_taken":["M","$","M","M","?","E","?","R","T","R","M","?","?","M","R","BOSS","M","?","M","$","M","M","?","?","T","M"],"build_version":"2018-02-15-PROD1","purchased_purges":1,"victory":false,"master_deck":["Strike_R","Strike_R","Strike_R","Strike_R","Defend_R","Defend_R","Defend_R","Defend_R","Seeing Red","Pommel Strike","Flex","Armaments","Battle Trance","Twin Strike","Demon Form+1","Heavy Blade","Thunderclap","Headbutt","Limit Break","Pummel","Double Tap","True Grit","Decay"],"max_hp_per_floor":[80,80,80,80,80,80,80,80,80,80,80,80,80,80,80,80,80,80,80,80,80,80,80,80,80,80],"relics":["Burning Blood","Pen Nib","Bottled Tornado","Mark of Pain","Unceasing Top"],"card_choices":[{"not_picked":["Anger","Havoc"],"picked":"Pommel Strike"},{"not_picked":["Rage","Clothesline"],"picked":"Rampage"},{"not_picked":["Clothesline","Carnage"],"picked":"Battle Trance"},{"not_picked":["Reckless Charge","Second Wind"],"picked":"Twin Strike"},{"not_picked":["Dropkick","Heavy Blade"],"picked":"Demon Form"},{"not_picked":["Anger","Clash"],"picked":"Heavy Blade"},{"not_picked":["Sword Boomerang","Rupture"],"picked":"Thunderclap"},{"not_picked":["Flame Barrier","Wild Strike"],"picked":"Headbutt"},{"not_picked":["Demon Form","Juggernaut"],"picked":"Limit Break"},{"not_picked":["Warcry","Havoc"],"picked":"Pummel"},{"not_picked":["Heavy Blade","Havoc"],"picked":"True Grit"}],"player_experience":163593,"potions_floor_usage":[12,18,23,24,24],"damage_taken":[{"damage":6,"enemies":"Cultist","floor":1,"turns":4},{"damage":3,"enemies":"2 Louse","floor":3,"turns":3},{"damage":0,"enemies":"Small Slimes","floor":4,"turns":4},{"damage":6,"enemies":"Blue Slaver","floor":5,"turns":4},{"damage":48,"enemies":"Lagavulin","floor":6,"turns":8},{"damage":30,"enemies":"Gremlin Gang","floor":11,"turns":4},{"damage":14,"enemies":"Exordium Wildlife","floor":12,"turns":3},{"damage":12,"enemies":"Looter","floor":14,"turns":3},{"damage":10,"enemies":"Slime Boss","floor":16,"turns":5},{"damage":9,"enemies":"Chosen","floor":18,"turns":4},{"damage":1,"enemies":"Spheric Guardian","floor":20,"turns":3},{"damage":15,"enemies":"3 Cultists","floor":22,"turns":4},{"damage":26,"enemies":"Snecko","floor":23,"turns":4},{"damage":32,"enemies":"Centurion and Healer","floor":24,"turns":4},{"damage":19,"enemies":"Snake Plant","floor":27,"turns":1}],"event_choices":[{"event_name":"Big Fish","player_choice":"Banana","floor":7,"damage_taken":0},{"event_name":"Shining Light","player_choice":"Ignored","floor":13,"damage_taken":0},{"event_name":"Beggar","player_choice":"Gave Gold","floor":19,"damage_taken":0},{"event_name":"Forgotten Altar","player_choice":"Smashed Altar","floor":25,"damage_taken":0}],"boss_relics":[{"not_picked":["Snecko Eye","Cursed Key"],"picked":"Mark of Pain"}],"potions_floor_spawned":[3,11,14,16,22,23],"seed_played":"3432115392706593812","killed_by":"Snake Plant","ascension_level":6,"is_trial":false}