{"path_per_floor":["M","M","?","$","M","R","E","R","T","M","E","T","$","E","R","B",null,"M","?","$","?","M","R","E","M","T","?","E","R","T","M","R","B",null,"M","?","$","M","?","E","M","M","T","R","E","R","?","M","R"],"character_chosen":"IRONCLAD","items_purchased":["Inflame","Bandage Up","Metallicize","Dexterity Potion","Fire Breathing"],"gold_per_floor":[114,133,133,58,74,74,100,100,149,160,187,187,23,54,54,151,151,163,88,17,17,28,28,55,65,65,65,95,95,95,105,105,202,202,217,217,31,51,51,76,94,107,107,107,141,141,0,10,10],"floor_reached":50,"campfire_rested":4,"playtime":1939,"current_hp_per_floor":[68,68,68,68,62,62,33,57,57,50,21,35,35,29,57,31,78,90,90,90,90,92,92,82,94,94,94,51,51,51,72,72,39,78,87,87,87,70,70,63,71,77,87,87,59,89,89,78,101],"items_purged":["Decay","Second Wind"],"gold":10,"score":733,"play_id":"48056093-f915-481a-a171-b35992b277bd","is_prod":false,"is_daily":false,"is_ascension_mode":true,"campfire_upgraded":2,"path_taken":["M","M","?","$","M","R","E","R","T","?","E","?","$","E","R","BOSS","M","?","$","?","?","R","E","M","T","?","E","R","?","M","R","BOSS","M","?","$","M","?","E","?","?","T","R","E","R","?","M","R","BOSS"],"build_version":"2018-02-22-PROD2","purchased_purges":2,"victory":false,"master_deck":["Strike_R","Strike_R","Strike_R","Strike_R","Defend_R","Defend_R","Defend_R","Defend_R","Cleave","Twin Strike+1","Inflame+1","Bandage Up","Reaper","Thunderclap+1","Metallicize+1","Fire Breathing+1","Flame Barrier+1","Battle Trance","Uppercut+1","Juggernaut+1","Bandage Up","Fire Breathing+1","Armaments+1"],"max_hp_per_floor":[80,80,80,80,80,80,80,80,80,80,80,94,94,94,94,94,94,94,94,94,94,94,94,94,94,94,94,94,91,91,91,91,91,91,91,91,91,91,91,91,91,91,101,101,101,101,101,101,101],"relics":["Black Blood","Mummified Hand","Happy Flower","Frozen Egg 2","Mango","Magic Flower","Cursed Key","Peace Pipe","Du-Vu Doll","Letter Opener","Unceasing Top","Dead Branch","Pear","Sundial","Red Mask"],"card_choices":[{"not_picked":["Body Slam","Flex"],"picked":"Cleave"},{"not_picked":["Perfected Strike","Intimidate"],"picked":"Twin Strike"},{"not_picked":["Iron Wave","Hemokinesis"],"picked":"Barricade"},{"not_picked":["Fiend Fire","Dark Embrace"],"picked":"Reaper"},{"not_picked":["Iron Wave","Cleave"],"picked":"Thunderclap"},{"not_picked":["True Grit","Second Wind"],"picked":"Flame Barrier"},{"not_picked":["Dropkick","Berserk"],"picked":"Battle Trance"},{"not_picked":["Disarm","Iron Wave"],"picked":"Uppercut"},{"not_picked":["Impervious","Dark Embrace"],"picked":"Juggernaut"},{"not_picked":["Clash","Infernal Blade"],"picked":"Armaments"}],"player_experience":194845,"potions_floor_usage":[50],"damage_taken":[{"damage":10.0,"enemies":"Small Slimes","floor":1.0,"turns":5.0},{"damage":6.0,"enemies":"Cultist","floor":2.0,"turns":3.0},{"damage":12.0,"enemies":"Jaw Worm","floor":5.0,"turns":3.0},{"damage":35.0,"enemies":"3 Sentries","floor":7.0,"turns":7.0},{"damage":13.0,"enemies":"Blue Slaver","floor":10.0,"turns":2.0},{"damage":35.0,"enemies":"Lagavulin","floor":11.0,"turns":6.0},{"damage":16.0,"enemies":"Gremlin Nob","floor":14.0,"turns":3.0},{"damage":66.0,"enemies":"The Guardian","floor":16.0,"turns":13.0},{"damage":14.0,"enemies":"2 Thieves","floor":18.0,"turns":3.0},{"damage":17.0,"enemies":"3 Byrds","floor":22.0,"turns":4.0},{"damage":44.0,"enemies":"Gremlin Leader","floor":24.0,"turns":6.0},{"damage":20.0,"enemies":"Centurion and Healer","floor":25.0,"turns":7.0},{"damage":60.0,"enemies":"Book of Stabbing","floor":28.0,"turns":6.0},{"damage":12.0,"enemies":"Snecko","floor":31.0,"turns":5.0},{"damage":78.0,"enemies":"Automaton","floor":33.0,"turns":9.0},{"damage":12.0,"enemies":"Orb Walker","floor":35.0,"turns":3.0},{"damage":42.0,"enemies":"3 Shapes","floor":38.0,"turns":6.0},{"damage":34.0,"enemies":"2 Orb Walkers","floor":40.0,"turns":4.0},{"damage":45.0,"enemies":"Maw","floor":41.0,"turns":8.0},{"damage":21.0,"enemies":"3 Darklings","floor":42.0,"turns":4.0},{"damage":72.0,"enemies":"Giant Head","floor":45.0,"turns":9.0},{"damage":55.0,"enemies":"Sphere and 2 Shapes","floor":48.0,"turns":4.0},{"damage":132,"enemies":"Time Eater","floor":50,"turns":10}],"event_choices":[{"event_name":"Wheel of Change","player_choice":"Curse","floor":3.0,"damage_taken":0.0},{"event_name":"Beggar","player_choice":"Gave Gold","floor":19.0,"damage_taken":0.0},{"event_name":"The Library","player_choice":"Read","floor":21.0,"damage_taken":0.0},{"event_name":"Wheel of Change","player_choice":"Full Heal","floor":27.0,"damage_taken":0.0},{"event_name":"Duplicator","player_choice":"One dupe","floor":36.0,"damage_taken":0.0},{"event_name":"Tomb of Lord Red Mask","player_choice":"Paid","floor":47.0,"damage_taken":0.0}],"boss_relics":[],"potions_floor_spawned":[2,11,14,16,18,22,28,31,38,42,48],"seed_played":"-191281966693555810","killed_by":"Time Eater","ascension_level":8,"is_trial":false}