{"path_per_floor":["M","?","?","$","M","R","M","R","T","R","E","?","R","$","R","B",null,"M","?","?","?","M","R","?","R","T","$","T","$","M","M","R"],"character_chosen":"IRONCLAD","items_purchased":["Armaments"],"gold_per_floor":[114,114,114,39,54,54,73,73,126,126,152,182,182,82,82,181,211,222,222,147,147,158,158,208,208,208,30,30,30,47,57,57],"floor_reached":33,"campfire_rested":3,"playtime":641,"current_hp_per_floor":[77,77,77,77,67,67,68,68,68,68,66,66,66,66,66,23,71,32,32,32,32,7,32,32,57,57,57,57,57,44,28,53],"items_purged":["Normality","Strike_R","Strike_R"],"gold":57,"score":347,"play_id":"b971fa99-a719-49e9-8c9b-cf4602e015b2","local_time":"20180309222935","is_prod":false,"is_daily":false,"is_ascension_mode":true,"campfire_upgraded":5,"timestamp":1520630975,"path_taken":["M","?","?","$","M","R","M","R","T","R","E","?","R","$","R","BOSS","M","?","?","?","?","R","?","R","T","?","?","$","M","M","R","BOSS"],"build_version":"2018-03-01-PROD1","purchased_purges":3,"victory":false,"master_deck":["Strike_R","Strike_R","Defend_R","Defend_R+1","Defend_R","Defend_R","Bash","Searing Blow+6","Iron Wave","Double Tap","Headbutt","Thunderclap","Armaments","Armaments+1"],"max_hp_per_floor":[80,80,80,80,80,80,80,80,80,80,80,80,80,80,80,80,85,85,85,85,85,85,85,85,85,85,85,85,85,85,85,85],"relics":["Burning Blood","Paper Frog","Orichalcum","Frozen Egg 2","Tiny House","Girya","Happy Flower"],"card_choices":[{"not_picked":["Flex","Reckless Charge"],"picked":"Searing Blow"},{"not_picked":["Perfected Strike","Wild Strike"],"picked":"Iron Wave"},{"not_picked":["Impervious","Fiend Fire"],"picked":"Double Tap"},{"not_picked":["True Grit","Pommel Strike"],"picked":"Headbutt"},{"not_picked":["Intimidate","Clash"],"picked":"Thunderclap"},{"not_picked":["Sword Boomerang","True Grit"],"picked":"Armaments"}],"player_experience":228223,"potions_floor_usage":[11,18],"damage_taken":[{"damage":1,"enemies":"Small Slimes","floor":1,"turns":4},{"damage":16,"enemies":"Cultist","floor":5,"turns":4},{"damage":5,"enemies":"2 Louse","floor":7,"turns":3},{"damage":8,"enemies":"3 Sentries","floor":11,"turns":5},{"damage":49,"enemies":"Slime Boss","floor":16,"turns":10},{"damage":45,"enemies":"3 Byrds","floor":18,"turns":5},{"damage":31,"enemies":"Shell Parasite","floor":22,"turns":5},{"damage":19,"enemies":"Snake Plant","floor":30,"turns":2},{"damage":22,"enemies":"Chosen and Byrds","floor":31,"turns":6},{"damage":56,"enemies":"Automaton","floor":33,"turns":4}],"event_choices":[{"event_name":"Accursed Blacksmith","player_choice":"Rummage","floor":2,"damage_taken":0},{"event_name":"Shining Light","player_choice":"Ignored","floor":3,"damage_taken":0},{"event_name":"Dead Adventurer","player_choice":"Searched \u00271\u0027 times","floor":12,"damage_taken":0},{"event_name":"Upgrade Shrine","player_choice":"Upgraded","floor":19,"damage_taken":0},{"event_name":"Beggar","player_choice":"Gave Gold","floor":20,"damage_taken":0},{"event_name":"Vampires","player_choice":"Ignored","floor":21,"damage_taken":0},{"event_name":"The Joust","player_choice":"Bet on Murderer","floor":24,"damage_taken":0}],"boss_relics":[{"not_picked":["Lizard Tail","Runic Dome"],"picked":"Tiny House"}],"potions_floor_spawned":[5,16,31],"seed_played":"-5451357603699259133","killed_by":"Automaton","ascension_level":9,"is_trial":false}