{"path_per_floor":["M","?","M","$","M","E","$","M","T","M","?","E","R","M","R","B",null,"M","M","?","M","?","R","$","E","T","R","?","?","M","M","R","B",null,"M","M","?","?","M","R","M","M","T","M","$","M","R","$","R","B"],"character_chosen":"IRONCLAD","items_purchased":["Double Tap","Bandage Up","Shrug It Off","Armaments","Strength Potion","Dexterity Potion"],"gold_per_floor":[414,364,383,61,75,103,79,92,92,108,108,141,141,155,155,252,252,265,280,280,300,300,300,151,185,185,185,185,185,195,207,207,311,311,330,341,341,341,355,355,369,388,388,404,228,242,242,41,41,41],"floor_reached":51,"campfire_rested":5,"playtime":1663,"current_hp_per_floor":[66,66,60,60,59,41,41,27,27,12,31,32,55,55,55,24,64,57,52,52,29,29,52,52,58,58,58,58,58,45,20,42,44,67,74,74,74,65,46,68,46,48,48,54,54,56,56,56,74,22],"items_purged":["Parasite","Parasite","Armaments","True Grit"],"gold":41,"score":1034,"play_id":"f75f7041-f308-43eb-a669-95c3f70c46a3","local_time":"20180313214232","is_prod":false,"is_daily":false,"is_ascension_mode":true,"campfire_upgraded":3,"timestamp":1520973752,"path_taken":["M","?","M","$","M","E","?","M","T","M","?","E","R","?","R","BOSS","M","M","?","M","?","R","$","E","T","R","?","?","?","M","R","BOSS","M","M","?","?","M","R","M","?","T","M","$","M","R","$","R","BOSS"],"build_version":"2018-03-09","purchased_purges":4,"victory":true,"master_deck":["Strike_R+1","Strike_R+1","Strike_R+1","Strike_R+1","Defend_R+1","Defend_R+1","Defend_R+1","Defend_R+1","Bash","Double Tap","Bandage Up+1","Whirlwind+1","Demon Form+1","Shrug It Off","Power Through","Impervious","Shrug It Off","Headbutt+1","Battle Trance","Offering","Madness","Madness","Thunderclap","Armaments+1"],"max_hp_per_floor":[80,80,80,77,77,77,77,77,77,77,77,77,77,77,77,77,77,77,77,77,77,77,77,74,74,74,74,74,74,74,74,74,74,74,74,74,74,74,74,74,74,74,74,74,74,74,74,74,74,74],"relics":["Burning Blood","Old Coin","Shuriken","Bottled Flame","Gremlin Horn","Philosopher\u0027s Stone","Oddly Smooth Stone","Thread and Needle","Mark of Pain","Anchor"],"card_choices":[{"not_picked":["Flex","Seeing Red"],"picked":"Whirlwind"},{"not_picked":["Blood for Blood","True Grit"],"picked":"Demon Form"},{"not_picked":["Cleave","Seeing Red"],"picked":"Power Through"},{"not_picked":["Clash","Feel No Pain"],"picked":"True Grit"},{"not_picked":["Bloodletting","Warcry"],"picked":"Impervious"},{"not_picked":["Cleave","Warcry"],"picked":"Shrug It Off"},{"not_picked":["Sever Soul","Armaments"],"picked":"Headbutt"},{"not_picked":["Cleave","True Grit"],"picked":"Battle Trance"},{"not_picked":["Limit Break","Feed"],"picked":"Offering"},{"not_picked":["Double Tap","Perfected Strike"],"picked":"Thunderclap"},{"not_picked":["Corruption","Power Through"],"picked":"Armaments"}],"player_experience":237945,"potions_floor_usage":[50,50,50],"damage_taken":[{"damage":12.0,"enemies":"2 Louse","floor":1.0,"turns":3.0},{"damage":12.0,"enemies":"Jaw Worm","floor":3.0,"turns":3.0},{"damage":11.0,"enemies":"Cultist","floor":5.0,"turns":4.0},{"damage":28.0,"enemies":"Gremlin Nob","floor":6.0,"turns":4.0},{"damage":24.0,"enemies":"Exordium Thugs","floor":8.0,"turns":5.0},{"damage":25.0,"enemies":"Large Slime","floor":10.0,"turns":5.0},{"damage":9.0,"enemies":"Lagavulin","floor":12.0,"turns":8.0},{"damage":10.0,"enemies":"2 Fungi Beasts","floor":14.0,"turns":3.0},{"damage":41.0,"enemies":"The Guardian","floor":16.0,"turns":9.0},{"damage":17.0,"enemies":"Chosen","floor":18.0,"turns":5.0},{"damage":15.0,"enemies":"Spheric Guardian","floor":19.0,"turns":6.0},{"damage":33.0,"enemies":"3 Cultists","floor":21.0,"turns":5.0},{"damage":0.0,"enemies":"Slavers","floor":25.0,"turns":1.0},{"damage":25.0,"enemies":"Centurion and Healer","floor":30.0,"turns":4.0},{"damage":37.0,"enemies":"Slaver and Parasite","floor":31.0,"turns":7.0},{"damage":10.0,"enemies":"Automaton","floor":33.0,"turns":9.0},{"damage":4.0,"enemies":"Orb Walker","floor":35.0,"turns":4.0},{"damage":4.0,"enemies":"3 Darklings","floor":36.0,"turns":2.0},{"damage":31.0,"enemies":"Sphere and 2 Shapes","floor":39.0,"turns":5.0},{"damage":34.0,"enemies":"4 Shapes","floor":41.0,"turns":9.0},{"damage":10.0,"enemies":"Maw","floor":42.0,"turns":8.0},{"damage":0.0,"enemies":"3 Darklings","floor":44.0,"turns":1.0},{"damage":4.0,"enemies":"Sphere and 2 Shapes","floor":46.0,"turns":1.0},{"damage":62,"enemies":"Donu and Deca","floor":50,"turns":8}],"event_choices":[{"event_name":"The Cleric","player_choice":"Card Removal","floor":2.0,"damage_taken":0.0},{"event_name":"Mushrooms","player_choice":"Healed and dodged fight","floor":11.0,"damage_taken":0.0},{"event_name":"Accursed Blacksmith","player_choice":"Ignore","floor":20.0,"damage_taken":0.0},{"event_name":"The Mausoleum","player_choice":"No","floor":22.0,"damage_taken":0.0},{"event_name":"Drug Dealer","player_choice":"Ignored","floor":28.0,"damage_taken":0.0},{"event_name":"Back to Basics","player_choice":"Simplicity","floor":29.0,"damage_taken":0.0},{"event_name":"Winding Halls","player_choice":"Embrace Madness","floor":38.0,"damage_taken":0.0}],"boss_relics":[],"potions_floor_spawned":[5,6,10,14,16,19,25,33,36,41,46],"seed_played":"-8496126564162200045","ascension_level":10,"is_trial":false}