{"path_per_floor":["M","$","?","$","?","R","M","?","T","M","R","M","M","M","R","B",null,"M","?","M","?","M","R","?","R","T","M","$","R","M","M","R"],"character_chosen":"IRONCLAD","items_purchased":[],"gold_per_floor":[12,12,12,12,12,12,27,27,53,68,68,82,94,113,113,214,214,154,69,69,69,69,69,69,69,69,69,69,69,69,69,69],"floor_reached":33,"campfire_rested":0,"playtime":928,"current_hp_per_floor":[78,78,83,83,82,82,82,82,82,81,81,82,76,82,82,65,78,67,67,65,57,48,48,48,48,48,51,51,51,57,57,57],"items_purged":[],"gold":69,"score":385,"play_id":"bfb52afa-2e08-4876-b275-b5dfe44a6fa7","local_time":"20180312194631","is_prod":false,"is_daily":false,"is_ascension_mode":true,"campfire_upgraded":7,"timestamp":1520880391,"path_taken":["M","$","?","$","?","R","M","?","T","M","R","?","M","M","R","BOSS","M","?","M","?","M","R","?","R","T","?","$","R","M","M","R","BOSS"],"build_version":"2018-03-09","purchased_purges":0,"victory":false,"master_deck":["Defend_R","Defend_R","Defend_R+1","Defend_R","Bash","Fiend Fire+1","Armaments+1","Shockwave+1","Anger","Flex+1","Spot Weakness","True Grit+1","Limit Break+1","Bite+1","Bite","Bite","Bite","Bite","Dropkick+1","Flame Barrier+1","Entrench+1","Shrug It Off+1"],"max_hp_per_floor":[80,80,85,85,82,82,82,82,82,82,82,82,82,82,82,82,82,82,82,82,57,57,57,57,57,57,57,57,57,57,57,57],"relics":["Burning Blood","Happy Flower","Ectoplasm","War Paint","Mercury Hourglass"],"card_choices":[{"not_picked":["Immolate","Exhume"],"picked":"Fiend Fire"},{"not_picked":["Dual Wield","Warcry"],"picked":"Armaments"},{"not_picked":["Iron Wave","Havoc"],"picked":"Shockwave"},{"not_picked":["True Grit","Infernal Blade"],"picked":"Flex"},{"not_picked":["Heavy Blade","Shockwave"],"picked":"Spot Weakness"},{"not_picked":["Clothesline","Fire Breathing"],"picked":"True Grit"},{"not_picked":["Exhume","Berserk"],"picked":"Limit Break"},{"not_picked":["Intimidate","True Grit"],"picked":"Dropkick"},{"not_picked":["Armaments","Rupture"],"picked":"Flame Barrier"},{"not_picked":["Burning Pact","Heavy Blade"],"picked":"Entrench"},{"not_picked":["Inflame","Armaments"],"picked":"Shrug It Off"}],"player_experience":237017,"potions_floor_usage":[13,16,18,31,33,33],"damage_taken":[{"damage":0,"enemies":"Small Slimes","floor":1,"turns":3},{"damage":1,"enemies":"2 Louse","floor":7,"turns":2},{"damage":7,"enemies":"Jaw Worm","floor":10,"turns":2},{"damage":1,"enemies":"Looter","floor":12,"turns":4},{"damage":12,"enemies":"Lots of Slimes","floor":13,"turns":4},{"damage":0,"enemies":"2 Fungi Beasts","floor":14,"turns":3},{"damage":23,"enemies":"The Guardian","floor":16,"turns":12},{"damage":17,"enemies":"2 Thieves","floor":18,"turns":3},{"damage":8,"enemies":"Shell Parasite","floor":20,"turns":5},{"damage":19,"enemies":"Snake Plant","floor":22,"turns":4},{"damage":18,"enemies":"Snecko","floor":27,"turns":4},{"damage":7,"enemies":"Centurion and Healer","floor":30,"turns":5},{"damage":7,"enemies":"Snake Plant","floor":31,"turns":4},{"damage":87,"enemies":"Automaton","floor":33,"turns":10}],"event_choices":[{"event_name":"Big Fish","player_choice":"Donut","floor":3,"damage_taken":0},{"event_name":"Purifier","player_choice":"One Purge","floor":5,"damage_taken":0},{"event_name":"Transmorgrifier","player_choice":"Transform","floor":8,"damage_taken":0},{"event_name":"Addict","player_choice":"Obtained Relic","floor":19,"damage_taken":0},{"event_name":"Vampires","player_choice":"Became a vampire","floor":21,"damage_taken":0},{"event_name":"Drug Dealer","player_choice":"Ignored","floor":24,"damage_taken":0}],"boss_relics":[{"not_picked":["Calling Bell","White Beast Statue"],"picked":"Ectoplasm"}],"potions_floor_spawned":[1,10,12,13,20,30],"seed_played":"-3428217151722414532","killed_by":"Automaton","ascension_level":10,"is_trial":false}