{"path_per_floor":["M","M","M","M","?","R","E","R","T","E","R","M","T","$","R","B",null,"M","?","?","M","?","E","M","M","T","R","?","M","R","M","R","B",null,"M","?","?","M","?","R","?","?","T","R","M","E","$","M","R","B"],"character_chosen":"IRONCLAD","items_purchased":["Bag of Marbles","Strawberry","Strength Potion"],"gold_per_floor":[213,233,247,260,260,260,289,289,289,315,315,335,361,136,136,231,231,246,246,246,262,177,203,217,228,251,251,251,263,263,275,275,380,380,394,394,394,407,407,407,407,407,458,458,476,503,203,222,222,222],"floor_reached":51,"campfire_rested":1,"playtime":1438,"current_hp_per_floor":[72,71,75,76,80,80,71,71,71,53,53,59,59,59,59,40,70,74,74,74,75,75,49,55,61,61,61,61,67,67,73,73,79,80,80,80,70,76,76,76,76,76,76,76,43,24,31,37,63,7],"items_purged":["Strike_R","Regret"],"gold":222,"score":827,"play_id":"6a5e7720-3509-4bd3-8c45-e449ca777af5","local_time":"20180306220335","is_prod":false,"is_daily":false,"is_ascension_mode":true,"campfire_upgraded":9,"timestamp":1520370215,"path_taken":["M","M","M","M","?","R","E","R","T","E","R","?","?","?","R","BOSS","M","?","?","M","?","E","M","M","T","R","?","M","R","M","R","BOSS","M","?","?","M","?","R","?","?","T","R","M","E","?","M","R","BOSS"],"build_version":"2018-03-01-PROD1","purchased_purges":2,"victory":true,"master_deck":["Strike_R+1","Strike_R+1","Strike_R","Strike_R","Defend_R+1","Defend_R+1","Defend_R+1","Defend_R+1","Bash","Flame Barrier+1","Whirlwind+1","Impervious+1","Battle Trance","Inflame+1","Double Tap+1","Body Slam+1","Shrug It Off+1","Entrench+1","Madness+1","Madness+1"],"max_hp_per_floor":[80,80,80,80,80,80,80,80,80,80,80,80,80,80,80,80,80,80,80,80,80,80,80,80,80,80,80,80,80,80,80,80,80,80,80,80,80,80,80,80,80,80,80,80,80,80,87,87,87,87],"relics":["Burning Blood","Whetstone","Gambling Chip","Toolbox","War Paint","Bag of Marbles","Philosopher\u0027s Stone","Orichalcum","Gremlin Horn","Anchor","Lantern","Cursed Key","Oddly Smooth Stone","Toxic Egg 2","Strawberry"],"card_choices":[{"not_picked":["Clothesline","Infernal Blade"],"picked":"Flame Barrier"},{"not_picked":["Intimidate","Sword Boomerang"],"picked":"Cleave"},{"not_picked":["Body Slam","Perfected Strike"],"picked":"Whirlwind"},{"not_picked":["Armaments","Sentinel"],"picked":"Impervious"},{"not_picked":["Dark Embrace","Warcry"],"picked":"Battle Trance"},{"not_picked":["Flex","Heavy Blade"],"picked":"Inflame"},{"not_picked":["Immolate","Juggernaut"],"picked":"Double Tap"},{"not_picked":["Combust","Clash"],"picked":"Body Slam"},{"not_picked":["True Grit","Berserk"],"picked":"Shrug It Off"},{"not_picked":["Anger","Corruption"],"picked":"Entrench"},{"not_picked":["Heavy Blade","Whirlwind"],"picked":"Uppercut"}],"player_experience":220665,"potions_floor_usage":[7,16,16,33,46,50,50,50],"damage_taken":[{"damage":6,"enemies":"Cultist","floor":1,"turns":3},{"damage":7,"enemies":"2 Louse","floor":2,"turns":4},{"damage":2,"enemies":"Jaw Worm","floor":3,"turns":6},{"damage":5,"enemies":"2 Fungi Beasts","floor":4,"turns":3},{"damage":15,"enemies":"3 Sentries","floor":7,"turns":6},{"damage":24,"enemies":"Gremlin Nob","floor":10,"turns":4},{"damage":0,"enemies":"Gremlin Gang","floor":12,"turns":1},{"damage":25,"enemies":"Slime Boss","floor":16,"turns":8},{"damage":2,"enemies":"3 Byrds","floor":18,"turns":2},{"damage":5,"enemies":"2 Thieves","floor":21,"turns":2},{"damage":32,"enemies":"Book of Stabbing","floor":23,"turns":5},{"damage":0,"enemies":"Centurion and Healer","floor":24,"turns":3},{"damage":0,"enemies":"Sentry and Sphere","floor":25,"turns":1},{"damage":0,"enemies":"Snecko","floor":29,"turns":1},{"damage":0,"enemies":"Slaver and Parasite","floor":31,"turns":2},{"damage":0,"enemies":"Collector","floor":33,"turns":5},{"damage":3,"enemies":"Orb Walker","floor":35,"turns":2},{"damage":0,"enemies":"3 Shapes","floor":38,"turns":1},{"damage":39,"enemies":"Maw","floor":45,"turns":7},{"damage":25,"enemies":"2 Orb Walkers","floor":46,"turns":5},{"damage":0,"enemies":"Sphere and 2 Shapes","floor":48,"turns":1},{"damage":62,"enemies":"Donu and Deca","floor":50,"turns":6}],"event_choices":[{"event_name":"Bonfire Elementals","player_choice":"COMMON","floor":5,"damage_taken":0},{"event_name":"Vampires","player_choice":"Ignored","floor":19,"damage_taken":0},{"event_name":"The Mausoleum","player_choice":"Yes","floor":20,"damage_taken":0},{"event_name":"Addict","player_choice":"Obtained Relic","floor":22,"damage_taken":0},{"event_name":"Cursed Tome","player_choice":"Ignored","floor":28,"damage_taken":0},{"event_name":"The Woman in Blue","player_choice":"Bought 0 Potions","floor":36,"damage_taken":0},{"event_name":"Winding Halls","player_choice":"Embrace Madness","floor":37,"damage_taken":0},{"event_name":"Match and Keep!","player_choice":"0 cards matched","floor":39,"damage_taken":0},{"event_name":"Tomb of Lord Red Mask","player_choice":"Ignored","floor":42,"damage_taken":0}],"boss_relics":[{"not_picked":["Runic Pyramid","Orrery"],"picked":"Philosopher\u0027s Stone"},{"not_picked":["Question Card","White Beast Statue"],"picked":"Cursed Key"}],"potions_floor_spawned":[3,4,10,12,24,25,35,45],"seed_played":"7983855985998571165","ascension_level":8,"is_trial":false}