{"path_per_floor":["M","?","?","M","$","E","R","M","T","M","M","?","T","?","R","B",null,"M","?","$","?","?"],"character_chosen":"IRONCLAD","items_purchased":[],"gold_per_floor":[117,117,117,131,56,89,89,108,187,207,222,222,222,322,322,427,427,444,444,344,344,259],"floor_reached":23,"campfire_rested":0,"playtime":569,"current_hp_per_floor":[78,83,80,83,83,42,42,47,47,36,49,49,49,49,49,16,68,77,77,77,77,77],"items_purged":["Strike_R","Bash"],"gold":259,"score":271,"play_id":"88ef74c7-6d0d-4623-8d4d-cfafab3aac2b","local_time":"20180309161945","is_prod":false,"is_daily":false,"is_ascension_mode":true,"campfire_upgraded":2,"timestamp":1520608785,"path_taken":["M","?","?","M","$","E","R","M","T","?","M","?","?","?","R","BOSS","M","?","$","?","?","E"],"build_version":"2018-03-01-PROD1","purchased_purges":2,"victory":false,"master_deck":["Strike_R","Strike_R","Strike_R","Strike_R+1","Defend_R","Defend_R","Defend_R","Reaper+1","Ghostly Armor","Cleave","Flex","Uppercut+1","Offering","Shrug It Off","Writhe"],"max_hp_per_floor":[80,85,85,85,85,85,85,85,85,85,85,85,85,85,85,85,85,85,85,85,85,85],"relics":["Burning Blood","Shuriken","Champion Belt","Ornamental Fan","Whetstone","Sozu","Oddly Smooth Stone","Molten Egg 2"],"card_choices":[{"not_picked":["Armaments","Body Slam"],"picked":"Ghostly Armor"},{"not_picked":["Wild Strike","Body Slam"],"picked":"Cleave"},{"not_picked":["Wild Strike","Corruption"],"picked":"Flex"},{"not_picked":["Body Slam","Burning Pact"],"picked":"Uppercut"},{"not_picked":["Reaper","Impervious"],"picked":"Offering"}],"player_experience":226521,"potions_floor_usage":[16,16],"damage_taken":[{"damage":4.0,"enemies":"Small Slimes","floor":1.0,"turns":4.0},{"damage":8.0,"enemies":"2 Louse","floor":4.0,"turns":3.0},{"damage":49.0,"enemies":"Gremlin Nob","floor":6.0,"turns":6.0},{"damage":6.0,"enemies":"Cultist","floor":8.0,"turns":4.0},{"damage":22.0,"enemies":"Blue Slaver","floor":10.0,"turns":4.0},{"damage":7.0,"enemies":"Large Slime","floor":11.0,"turns":6.0},{"damage":54,"enemies":"Slime Boss","floor":16,"turns":11},{"damage":4,"enemies":"Chosen","floor":18,"turns":4},{"damage":91,"enemies":"Gremlin Leader","floor":23,"turns":7}],"event_choices":[{"event_name":"Big Fish","player_choice":"Donut","floor":2.0,"damage_taken":0.0},{"event_name":"Scrap Ooze","player_choice":"success","floor":3.0,"damage_taken":3.0},{"event_name":"Wheel of Change","player_choice":"Card Removal","floor":12.0,"damage_taken":0.0},{"event_name":"Golden Shrine","player_choice":"Pray","floor":14.0,"damage_taken":0.0},{"event_name":"The Library","player_choice":"Read","floor":19,"damage_taken":0},{"event_name":"The Mausoleum","player_choice":"Yes","floor":21,"damage_taken":0},{"event_name":"Addict","player_choice":"Obtained Relic","floor":22,"damage_taken":0}],"boss_relics":[{"not_picked":["Velvet Choker","Black Blood"],"picked":"Sozu"}],"potions_floor_spawned":[4,8,10,11],"seed_played":"-1460980550770803135","killed_by":"Gremlin Leader","ascension_level":9,"is_trial":false}