{"path_per_floor":["M","?","?","$","M","R","E","R","T","R","T","M","E","$","R","B",null,"M","M","?","?","M","R","?","R","T","M","$","R","M","T","R","B",null,"M","M","$","M","$","R","M","?","T","R","$","?","R","E","R"],"character_chosen":"IRONCLAD","items_purchased":["Uppercut","Thunderclap","Bottled Flame","Paper Frog","Apotheosis"],"gold_per_floor":[114,114,93,15,40,40,81,81,105,105,105,129,469,92,92,218,218,234,250,250,250,269,269,269,269,269,294,40,40,61,61,61,184,184,200,223,40,65,65,65,90,90,138,138,38,0,0,31,31],"floor_reached":50,"campfire_rested":5,"playtime":1382,"current_hp_per_floor":[54,54,54,54,51,51,27,49,49,49,49,54,47,47,47,46,67,59,32,32,32,21,43,43,65,65,43,43,65,67,67,67,9,58,27,28,28,60,60,60,48,67,67,67,67,67,290,78,78],"items_purged":["Strike_R","Writhe"],"gold":31,"score":687,"play_id":"133f3141-87a7-4d6a-ac7c-b7372ba138dd","local_time":"20180310160747","is_prod":false,"is_daily":false,"is_ascension_mode":true,"campfire_upgraded":7,"timestamp":1520694467,"path_taken":["M","?","?","$","M","R","E","R","T","R","?","?","E","$","R","BOSS","M","M","?","?","M","R","?","R","T","M","?","R","?","?","R","BOSS","M","M","?","M","$","R","?","?","T","R","$","?","R","E","R","BOSS"],"build_version":"2018-03-09","purchased_purges":2,"victory":false,"master_deck":["Strike_R","Strike_R","Strike_R","Strike_R","Defend_R","Defend_R","Defend_R","Bash","Whirlwind+1","Uppercut+1","Twin Strike","Inflame+1","Thunderclap","Limit Break+1","True Grit+1","Fire Breathing+1","Headbutt","Flame Barrier+1","Double Tap","Shrug It Off+1","Reaper","Apotheosis+1"],"max_hp_per_floor":[80,74,74,74,74,74,74,74,74,74,74,74,74,74,74,74,74,74,74,74,74,74,74,74,74,74,74,74,74,74,74,74,74,74,74,74,74,74,74,74,74,74,74,74,74,74,744,78,78],"relics":["Black Blood","Golden Idol","Bottled Lightning","Vajra","Mummified Hand","Old Coin","Bottled Flame","Question Card","Calipers","Paper Frog","Self Forming Clay","Singing Bowl","Red Mask","Meat on the Bone"],"card_choices":[{"not_picked":["Pommel Strike","Reckless Charge"],"picked":"Whirlwind"},{"not_picked":["Dropkick","Anger"],"picked":"Twin Strike"},{"not_picked":["Carnage","Rage"],"picked":"Inflame"},{"not_picked":["Barricade","Double Tap"],"picked":"Limit Break"},{"not_picked":["Anger","Thunderclap","Twin Strike"],"picked":"True Grit"},{"not_picked":["Power Through","Armaments","Searing Blow"],"picked":"Fire Breathing"},{"not_picked":["Entrench","Clothesline","Pummel"],"picked":"Headbutt"},{"not_picked":["Hemokinesis","Whirlwind","Sword Boomerang"],"picked":"Flame Barrier"},{"not_picked":["Exhume","Brutality","Berserk"],"picked":"Double Tap"},{"not_picked":["Body Slam","Thunderclap","Clothesline"],"picked":"Shrug It Off"},{"not_picked":["Flex","Disarm","Perfected Strike"],"picked":"Reaper"}],"player_experience":229152,"potions_floor_usage":[50,50],"damage_taken":[{"damage":24.0,"enemies":"Jaw Worm","floor":1.0,"turns":5.0},{"damage":9.0,"enemies":"2 Louse","floor":5.0,"turns":2.0},{"damage":45.0,"enemies":"Lagavulin","floor":7.0,"turns":7.0},{"damage":1.0,"enemies":"Small Slimes","floor":12.0,"turns":3.0},{"damage":13.0,"enemies":"3 Sentries","floor":13.0,"turns":3.0},{"damage":7.0,"enemies":"Slime Boss","floor":16.0,"turns":8.0},{"damage":14.0,"enemies":"3 Byrds","floor":18.0,"turns":4.0},{"damage":33.0,"enemies":"Spheric Guardian","floor":19.0,"turns":4.0},{"damage":17.0,"enemies":"Snake Plant","floor":22.0,"turns":3.0},{"damage":28.0,"enemies":"Centurion and Healer","floor":27.0,"turns":5.0},{"damage":4.0,"enemies":"Chosen and Byrds","floor":30.0,"turns":4.0},{"damage":64.0,"enemies":"Automaton","floor":33.0,"turns":8.0},{"damage":41.0,"enemies":"3 Darklings","floor":35.0,"turns":5.0},{"damage":9.0,"enemies":"3 Shapes","floor":36.0,"turns":4.0},{"damage":24.0,"enemies":"Maw","floor":38.0,"turns":7.0},{"damage":48.0,"enemies":"4 Shapes","floor":41.0,"turns":10.0},{"damage":98.0,"enemies":"Nemesis","floor":48.0,"turns":9.0},{"damage":135,"enemies":"Donu and Deca","floor":50,"turns":7}],"event_choices":[{"event_name":"Golden Idol","player_choice":"Lose Max HP","floor":2.0,"damage_taken":0.0},{"event_name":"World of Goop","player_choice":"Left","floor":3.0,"damage_taken":0.0},{"event_name":"Transmorgrifier","player_choice":"Transform","floor":20.0,"damage_taken":0.0},{"event_name":"Back to Basics","player_choice":"Elegance","floor":21.0,"damage_taken":0.0},{"event_name":"Vampires","player_choice":"Ignored","floor":24.0,"damage_taken":0.0},{"event_name":"Winding Halls","player_choice":"Writhe","floor":42.0,"damage_taken":0.0},{"event_name":"Tomb of Lord Red Mask","player_choice":"Paid","floor":46.0,"damage_taken":0.0}],"boss_relics":[],"potions_floor_spawned":[1,18,22,30,35,36,48],"seed_played":"6702924274869264000","killed_by":"Donu and Deca","ascension_level":9,"is_trial":false}