{"path_per_floor":["M","?","?","M","?","R","M","R","T","E","M","M","M","$","R","B",null,"M","?","?","?","T","E","M","R","T","R","M","M","M","$","R","B",null,"M","?","M","M","?","R","E","M","T","?","$","M","R","M","R"],"character_chosen":"IRONCLAD","items_purchased":["Flame Barrier","Molten Egg 2","Fire Breathing","Paper Frog","Energy Potion","Inflame","Pear"],"gold_per_floor":[111,186,186,206,206,206,226,226,226,256,276,295,315,14,14,117,117,132,132,132,132,159,192,205,205,505,505,521,533,545,164,164,262,262,273,273,291,302,302,302,329,347,347,347,17,35,35,47,47],"floor_reached":50,"campfire_rested":5,"playtime":1525,"current_hp_per_floor":[62,51,44,43,43,63,67,67,67,63,54,45,40,40,40,7,54,56,56,56,56,56,18,22,50,50,58,52,16,14,14,42,23,58,56,69,52,17,17,47,28,26,26,26,36,34,67,62,72],"items_purged":[],"gold":47,"score":766,"play_id":"3297460a-2be1-4395-8d41-5b5e6f4127ed","local_time":"20180316203243","is_prod":false,"is_daily":false,"is_ascension_mode":true,"campfire_upgraded":4,"timestamp":1521228763,"path_taken":["M","?","?","M","?","R","M","R","T","E","M","?","M","$","R","BOSS","M","?","?","?","?","E","M","R","T","R","M","M","?","$","R","BOSS","M","?","M","M","?","R","E","M","T","?","$","M","R","M","R","BOSS"],"build_version":"2018-03-15v2","purchased_purges":0,"victory":false,"master_deck":["Strike_R","Strike_R","Strike_R","Strike_R","Strike_R","Defend_R","Defend_R","Defend_R","Defend_R","Bash","Offering","Pommel Strike+1","Iron Wave","Cleave","Uppercut+1","Flame Barrier","Offering","Writhe","Flex+1","Shrug It Off","Flex+1","Thunderclap+1","Bludgeon+1","Writhe","Twin Strike+1","Pummel+1","Disarm+1","Inflame+1","Heavy Blade+1"],"max_hp_per_floor":[72,72,72,72,69,69,69,69,69,69,69,69,69,69,69,69,69,69,69,69,69,69,69,69,69,69,69,69,69,69,69,69,69,69,69,69,69,69,69,69,69,69,69,69,79,79,79,79,79],"relics":["Burning Blood","Frozen Egg 2","Frozen Eye","Red Skull","Molten Egg 2","Eternal Feather","Champion Belt","Bag of Marbles","Self Forming Clay","Old Coin","Paper Frog","Mark of Pain","Bottled Lightning","Unceasing Top","Pear"],"card_choices":[{"not_picked":["Immolate","Impervious"],"picked":"Offering"},{"not_picked":["Hemokinesis","Wild Strike"],"picked":"Pommel Strike"},{"not_picked":["Shrug It Off","Metallicize"],"picked":"Iron Wave"},{"not_picked":["Rage","True Grit"],"picked":"Cleave"},{"not_picked":["Disarm","Evolve"],"picked":"Uppercut"},{"not_picked":["Immolate","Berserk"],"picked":"Offering"},{"not_picked":["Seeing Red","Searing Blow"],"picked":"Shrug It Off"},{"not_picked":["Anger","Iron Wave"],"picked":"Flex"},{"not_picked":["Brutality","Sword Boomerang"],"picked":"Thunderclap"},{"not_picked":["Barricade","Juggernaut"],"picked":"Bludgeon"},{"not_picked":["Pummel","Anger"],"picked":"Twin Strike"},{"not_picked":["Corruption","Reckless Charge"],"picked":"Pummel"},{"not_picked":["Headbutt","Second Wind"],"picked":"Disarm"},{"not_picked":["Armaments","Inflame"],"picked":"Heavy Blade"}],"player_experience":249701,"potions_floor_usage":[50,50],"damage_taken":[{"damage":16.0,"enemies":"Jaw Worm","floor":1.0,"turns":2.0},{"damage":7.0,"enemies":"Small Slimes","floor":4.0,"turns":5.0},{"damage":2.0,"enemies":"2 Louse","floor":7.0,"turns":3.0},{"damage":10.0,"enemies":"Gremlin Nob","floor":10.0,"turns":3.0},{"damage":15.0,"enemies":"Looter","floor":11.0,"turns":2.0},{"damage":15.0,"enemies":"2 Fungi Beasts","floor":12.0,"turns":3.0},{"damage":11.0,"enemies":"Gremlin Gang","floor":13.0,"turns":3.0},{"damage":39.0,"enemies":"Slime Boss","floor":16.0,"turns":10.0},{"damage":4.0,"enemies":"3 Byrds","floor":18.0,"turns":3.0},{"damage":44.0,"enemies":"Book of Stabbing","floor":23.0,"turns":5.0},{"damage":8.0,"enemies":"Spheric Guardian","floor":24.0,"turns":3.0},{"damage":12.0,"enemies":"Centurion and Healer","floor":28.0,"turns":5.0},{"damage":42.0,"enemies":"Snecko","floor":29.0,"turns":7.0},{"damage":8.0,"enemies":"Chosen and Byrds","floor":30.0,"turns":3.0},{"damage":25.0,"enemies":"Collector","floor":33.0,"turns":6.0},{"damage":8.0,"enemies":"3 Shapes","floor":35.0,"turns":2.0},{"damage":23.0,"enemies":"3 Darklings","floor":37.0,"turns":7.0},{"damage":53.0,"enemies":"Maw","floor":38.0,"turns":7.0},{"damage":25.0,"enemies":"Nemesis","floor":41.0,"turns":5.0},{"damage":8.0,"enemies":"4 Shapes","floor":42.0,"turns":3.0},{"damage":8.0,"enemies":"3 Darklings","floor":46.0,"turns":2.0},{"damage":11.0,"enemies":"Sphere and 2 Shapes","floor":48.0,"turns":3.0},{"damage":84,"enemies":"Awakened One","floor":50,"turns":9}],"event_choices":[{"event_name":"World of Goop","player_choice":"Gather Gold","floor":2.0,"damage_taken":0.0},{"event_name":"Scrap Ooze","player_choice":"success","floor":3.0,"damage_taken":7.0},{"event_name":"Living Wall","player_choice":"Forget","floor":5.0,"damage_taken":0.0},{"event_name":"Cursed Tome","player_choice":"Ignored","floor":19.0,"damage_taken":0.0},{"event_name":"The Mausoleum","player_choice":"Yes","floor":20.0,"damage_taken":0.0},{"event_name":"The Library","player_choice":"Read","floor":21.0,"damage_taken":0.0},{"event_name":"Winding Halls","player_choice":"Writhe","floor":36.0,"damage_taken":0.0},{"event_name":"Mysterious Sphere","player_choice":"Ignore","floor":44.0,"damage_taken":0.0}],"boss_relics":[],"potions_floor_spawned":[7,10,13,16,23,24,33,38,41,46,48],"seed_played":"3242404251946060867","killed_by":"Awakened One","ascension_level":11,"is_trial":false}