{"path_per_floor":["M","$","?","M","?","R","$","?","T","R","E","M","$","M","R","B",null,"M","?","?","$","M","E","R","M","T","?","M","$","M","$","R","B",null,"M","M","?","M","M","R","$","?","T","E","M","M","M","M","R","B"],"character_chosen":"IRONCLAD","items_purchased":["Flex","Whirlwind"],"gold_per_floor":[116,62,12,26,26,26,26,26,26,26,51,68,68,81,81,178,178,191,191,106,106,119,146,146,158,158,158,178,103,121,53,53,158,158,174,186,186,203,217,217,117,117,142,172,184,198,208,223,223,223],"floor_reached":51,"campfire_rested":1,"playtime":860,"current_hp_per_floor":[69,69,69,71,64,64,64,39,39,39,23,25,25,27,48,41,72,72,72,72,72,72,72,72,72,72,56,58,58,60,60,60,32,72,70,72,72,72,64,64,64,64,64,62,64,62,56,56,56,54],"items_purged":["Defend_R","Bash"],"gold":223,"score":699,"play_id":"df6e226b-1524-489e-9646-dd939c173b56","local_time":"20180322224538","is_prod":false,"is_daily":false,"is_ascension_mode":false,"campfire_upgraded":6,"timestamp":1521755138,"path_taken":["M","$","?","M","?","R","$","?","T","R","E","M","?","M","R","BOSS","M","?","?","$","M","E","R","M","T","?","M","$","M","$","R","BOSS","M","M","?","M","M","R","$","?","T","E","M","M","?","M","R","BOSS"],"build_version":"2018-03-15v3","purchased_purges":2,"victory":true,"master_deck":["Strike_R","Strike_R","Strike_R","Strike_R+1","Strike_R","Offering+1","Flex+1","Offering+1","Seeing Red+1","Clash","Whirlwind+1","Offering+1","Thunderclap","Flex+1"],"max_hp_per_floor":[72,72,72,72,72,72,72,72,72,72,72,72,72,72,72,72,72,72,72,72,72,72,72,72,72,72,72,72,72,72,72,72,72,72,72,72,72,72,72,72,72,72,72,72,72,72,72,72,72,72],"relics":["Black Blood","Bag of Preparation","Sundial","Whetstone","Anchor","Letter Opener","Orichalcum","Runic Dome","Regal Pillow","Molten Egg 2"],"card_choices":[{"not_picked":["Reaper","Barricade"],"picked":"Offering"},{"not_picked":["Demon Form","Exhume"],"picked":"Offering"},{"not_picked":["Power Through","Fire Breathing"],"picked":"Seeing Red"},{"not_picked":["True Grit","Anger"],"picked":"Clash"},{"not_picked":["Feed","Brutality"],"picked":"Offering"},{"not_picked":["Infernal Blade","Armaments"],"picked":"Thunderclap"},{"not_picked":["Inflame","Warcry"],"picked":"Flex"}],"player_experience":257067,"potions_floor_usage":[16,22,33,33,33,50,50,50],"damage_taken":[{"damage":9,"enemies":"2 Louse","floor":1,"turns":2},{"damage":4,"enemies":"Small Slimes","floor":4,"turns":2},{"damage":22,"enemies":"Lagavulin","floor":11,"turns":5},{"damage":4,"enemies":"Cultist","floor":12,"turns":1},{"damage":4,"enemies":"Blue Slaver","floor":14,"turns":1},{"damage":13,"enemies":"Slime Boss","floor":16,"turns":4},{"damage":8,"enemies":"Spheric Guardian","floor":18,"turns":1},{"damage":8,"enemies":"3 Byrds","floor":22,"turns":2},{"damage":8,"enemies":"Book of Stabbing","floor":23,"turns":2},{"damage":8,"enemies":"Centurion and Healer","floor":25,"turns":1},{"damage":8,"enemies":"Sentry and Sphere","floor":28,"turns":1},{"damage":8,"enemies":"Chosen and Byrds","floor":30,"turns":2},{"damage":38,"enemies":"Champ","floor":33,"turns":4},{"damage":12,"enemies":"3 Darklings","floor":35,"turns":1},{"damage":4,"enemies":"3 Shapes","floor":36,"turns":1},{"damage":4,"enemies":"3 Darklings","floor":38,"turns":1},{"damage":18,"enemies":"4 Shapes","floor":39,"turns":2},{"damage":12,"enemies":"Giant Head","floor":44,"turns":1},{"damage":8,"enemies":"Sphere and 2 Shapes","floor":45,"turns":1},{"damage":12,"enemies":"Maw","floor":46,"turns":1},{"damage":16,"enemies":"4 Shapes","floor":47,"turns":1},{"damage":10,"enemies":"Sphere and 2 Shapes","floor":48,"turns":1},{"damage":12,"enemies":"Time Eater","floor":50,"turns":1}],"event_choices":[{"event_name":"The Cleric","player_choice":"Card Removal","floor":3,"damage_taken":0},{"event_name":"Golden Wing","player_choice":"Card Removal","floor":5,"damage_taken":0},{"event_name":"Scrap Ooze","player_choice":"success","floor":8,"damage_taken":25},{"event_name":"Back to Basics","player_choice":"Elegance","floor":19,"damage_taken":0},{"event_name":"Addict","player_choice":"Obtained Relic","floor":20,"damage_taken":0},{"event_name":"Cursed Tome","player_choice":"Obtained Book","floor":27,"damage_taken":0},{"event_name":"The Lab","player_choice":"Got Potions","floor":37,"damage_taken":0},{"event_name":"Tomb of Lord Red Mask","player_choice":"Ignored","floor":42,"damage_taken":0}],"boss_relics":[{"not_picked":["Pandora\u0027s Box","Snecko Eye"],"picked":"Black Blood"},{"not_picked":["Lizard Tail","Question Card"],"picked":"Runic Dome"}],"potions_floor_spawned":[1,16,18,25,28,33,35,38,47,48],"seed_played":"2097249320559179004","ascension_level":0,"is_trial":false}