{"path_per_floor":["M","?","M","M","?","M","M","M","T","$","?","M","M","$","R","B",null,"M","?","?","?","?","R","M","T","T","M","R","$","R","$","R","B",null,"M","?","?","$","M","R","$","T","T","M","R","M","R","M","R"],"character_chosen":"IRONCLAD","items_purchased":["Clash","Flex","Seeing Red"],"gold_per_floor":[117,117,141,164,164,183,196,220,220,74,105,128,149,49,49,169,169,194,194,194,194,119,119,132,432,432,444,444,242,242,242,242,344,344,362,362,362,212,230,230,55,82,82,101,101,111,111,122,122],"floor_reached":50,"campfire_rested":0,"playtime":896,"current_hp_per_floor":[72,54,49,55,55,45,51,50,50,50,56,55,61,61,61,24,72,64,64,48,48,48,48,55,60,60,67,67,67,67,67,67,52,72,72,72,72,72,72,72,72,72,72,72,72,72,72,72,72],"items_purged":["Defend_R","Defend_R","Strike_R","Strike_R","Strike_R"],"gold":122,"score":457,"play_id":"bf3136b0-b277-42f9-b6be-7809937d24c8","local_time":"20180322190009","is_prod":false,"is_daily":false,"is_ascension_mode":false,"campfire_upgraded":6,"timestamp":1521741609,"path_taken":["M","?","M","?","?","?","M","M","T","$","?","M","?","?","R","BOSS","M","?","?","?","?","R","M","?","T","M","R","$","R","$","R","BOSS","M","?","?","$","M","R","$","?","T","M","R","M","R","M","R","BOSS"],"build_version":"2018-03-15v3","purchased_purges":5,"victory":false,"master_deck":["Strike_R","Flex+1","Whirlwind+1","Inflame","Clash","Flex+1","Clash","Thunderclap","Offering+1","Flex+1","Seeing Red+1","Double Tap+1"],"max_hp_per_floor":[72,72,72,72,72,72,72,72,72,72,72,72,72,72,72,72,72,72,72,72,72,72,72,72,72,72,72,72,72,72,72,72,72,72,72,72,72,72,72,72,72,72,72,72,72,72,72,72,72],"relics":["Burning Blood","Bloody Idol","Girya","Odd Mushroom","Runic Dome","Enchiridion","Old Coin","Bag of Preparation","Sozu","Oddly Smooth Stone","Sundial"],"card_choices":[{"not_picked":["Perfected Strike","Power Through"],"picked":"Flex"},{"not_picked":["Havoc","True Grit"],"picked":"Whirlwind"},{"not_picked":["Heavy Blade","Shrug It Off"],"picked":"Inflame"},{"not_picked":["Entrench","True Grit"],"picked":"Clash"},{"not_picked":["Clothesline","Headbutt"],"picked":"Thunderclap"},{"not_picked":["Demon Form","Exhume"],"picked":"Offering"},{"not_picked":["Iron Wave","Sword Boomerang"],"picked":"Flex"},{"not_picked":["Feed","Barricade"],"picked":"Double Tap"}],"player_experience":255630,"potions_floor_usage":[11,16,16],"damage_taken":[{"damage":0,"enemies":"Small Slimes","floor":1,"turns":3},{"damage":11,"enemies":"Jaw Worm","floor":3,"turns":2},{"damage":0,"enemies":"2 Louse","floor":4,"turns":2},{"damage":16,"enemies":"Lots of Slimes","floor":6,"turns":5},{"damage":0,"enemies":"3 Louse","floor":7,"turns":1},{"damage":7,"enemies":"Gremlin Gang","floor":8,"turns":2},{"damage":0,"enemies":"The Mushroom Lair","floor":11,"turns":1},{"damage":7,"enemies":"Blue Slaver","floor":12,"turns":2},{"damage":0,"enemies":"Exordium Wildlife","floor":13,"turns":2},{"damage":43,"enemies":"The Guardian","floor":16,"turns":6},{"damage":14,"enemies":"3 Byrds","floor":18,"turns":2},{"damage":4,"enemies":"Spheric Guardian","floor":24,"turns":2},{"damage":4,"enemies":"Snecko","floor":27,"turns":1},{"damage":26,"enemies":"Automaton","floor":33,"turns":3},{"damage":4,"enemies":"3 Darklings","floor":35,"turns":1},{"damage":10,"enemies":"3 Shapes","floor":39,"turns":1},{"damage":4,"enemies":"3 Darklings","floor":44,"turns":1},{"damage":10,"enemies":"Sphere and 2 Shapes","floor":46,"turns":1},{"damage":4,"enemies":"Maw","floor":48,"turns":2},{"damage":72,"enemies":"Awakened One","floor":50,"turns":3}],"event_choices":[{"event_name":"Golden Idol","player_choice":"Take Damage","floor":2,"damage_taken":0},{"event_name":"Upgrade Shrine","player_choice":"Upgraded","floor":5,"damage_taken":0},{"event_name":"Mushrooms","player_choice":"Fought Mushrooms","floor":11,"damage_taken":0},{"event_name":"Back to Basics","player_choice":"Elegance","floor":19,"damage_taken":0},{"event_name":"Cursed Tome","player_choice":"Obtained Book","floor":20,"damage_taken":0},{"event_name":"Forgotten Altar","player_choice":"Gave Idol","floor":21,"damage_taken":0},{"event_name":"Beggar","player_choice":"Gave Gold","floor":22,"damage_taken":0},{"event_name":"Tomb of Lord Red Mask","player_choice":"Ignored","floor":36,"damage_taken":0},{"event_name":"The Woman in Blue","player_choice":"Bought 0 Potions","floor":37,"damage_taken":0}],"boss_relics":[{"not_picked":["Velvet Choker","Question Card"],"picked":"Runic Dome"},{"not_picked":["Black Star","White Beast Statue"],"picked":"Sozu"}],"potions_floor_spawned":[7,8,11,12,16,18,24,33,46],"seed_played":"-2168854748778532231","killed_by":"Awakened One","ascension_level":0,"is_trial":false}