{"path_per_floor":["M","?","?","M","$","E","M","E","T","?","M","?","E","M","R","B",null,"M","?","$","?","M","R","?","M","T","R","?","$","R","$","R"],"character_chosen":"IRONCLAD","items_purchased":["Cleave","Inflame","Flame Barrier"],"gold_per_floor":[116,116,116,128,31,62,76,106,130,130,141,141,167,183,183,285,285,296,211,60,60,73,73,73,84,84,84,84,84,84,84,84,84],"floor_reached":33,"campfire_rested":3,"playtime":748,"current_hp_per_floor":[78,83,76,82,82,85,76,64,64,64,69,69,49,39,66,10,72,50,50,50,50,66,66,66,30,30,57,57,57,57,57,84,0],"items_purged":["Strike_R"],"gold":84,"score":443,"play_id":"6668ab43-5298-4064-ae3b-5aeeeab8cb74","local_time":"20180325114850","is_prod":false,"is_daily":false,"is_ascension_mode":true,"campfire_upgraded":2,"timestamp":1521971330,"path_taken":["M","?","?","?","$","E","M","E","T","?","M","?","E","M","R","BOSS","M","?","$","?","M","R","?","M","T","R","?","$","R","$","R","BOSS"],"build_version":"2018-03-22v2","purchased_purges":1,"victory":false,"master_deck":["Strike_R","Strike_R","Strike_R","Defend_R","Defend_R","Defend_R","Defend_R","Bash","AscendersBane","Twin Strike","Uppercut+1","Cleave","Inflame","True Grit","Whirlwind+1","Shrug It Off","Offering+1","Flame Barrier","Battle Trance","Decay"],"max_hp_per_floor":[80,85,85,85,85,85,85,92,92,92,92,92,92,92,92,92,92,92,92,92,92,92,92,92,92,92,92,92,92,92,92,92,92],"relics":["Black Blood","NeowsBlessing","Bird Faced Urn","Strawberry","Juzu Bracelet","Bottled Tornado","Meat on the Bone","Calipers"],"card_choices":[{"not_picked":["Iron Wave","Clash"],"picked":"Twin Strike","floor":1},{"not_picked":["Twin Strike","Perfected Strike"],"picked":"Uppercut","floor":4},{"not_picked":["Searing Blow","Bloodletting"],"picked":"True Grit","floor":7},{"not_picked":["Warcry","Rampage"],"picked":"Whirlwind","floor":11},{"not_picked":["Exhume","Perfected Strike"],"picked":"Shrug It Off","floor":13},{"not_picked":["Juggernaut","Demon Form"],"picked":"Offering","floor":16},{"not_picked":["Inflame","Havoc"],"picked":"Battle Trance","floor":25}],"player_experience":262886,"potions_floor_usage":[11,14,16,22,25,25,33],"damage_taken":[{"damage":0,"enemies":"Jaw Worm","floor":1,"turns":1},{"damage":0,"enemies":"2 Louse","floor":4,"turns":1},{"damage":0,"enemies":"Lagavulin","floor":6,"turns":1},{"damage":15,"enemies":"Small Slimes","floor":7,"turns":3},{"damage":27,"enemies":"3 Sentries","floor":8,"turns":6},{"damage":1,"enemies":"2 Fungi Beasts","floor":11,"turns":3},{"damage":28,"enemies":"Gremlin Nob","floor":13,"turns":4},{"damage":18,"enemies":"Blue Slaver","floor":14,"turns":3},{"damage":64,"enemies":"Slime Boss","floor":16,"turns":12},{"damage":34,"enemies":"Spheric Guardian","floor":18,"turns":5},{"damage":8,"enemies":"Chosen","floor":22,"turns":5},{"damage":60,"enemies":"Slaver and Parasite","floor":25,"turns":8},{"damage":93,"enemies":"Automaton","floor":33,"turns":6}],"event_choices":[{"event_name":"Big Fish","player_choice":"Donut","floor":2,"damage_taken":0},{"event_name":"Golden Wing","player_choice":"Card Removal","floor":3,"damage_taken":0},{"event_name":"Accursed Blacksmith","player_choice":"Ignore","floor":10,"damage_taken":0},{"event_name":"Upgrade Shrine","player_choice":"Upgraded","floor":12,"damage_taken":0},{"event_name":"Addict","player_choice":"Obtained Relic","floor":19,"damage_taken":0},{"event_name":"The Mausoleum","player_choice":"No","floor":21,"damage_taken":0},{"event_name":"Vampires","player_choice":"Ignored","floor":24,"damage_taken":0},{"event_name":"Forgotten Altar","player_choice":"Smashed Altar","floor":28,"damage_taken":0}],"boss_relics":[{"not_picked":["Question Card","Lizard Tail"],"picked":"Black Blood"}],"potions_floor_spawned":[4,6,8,16,18,22,25],"seed_played":"-1886754457489226312","killed_by":"Automaton","ascension_level":11,"is_trial":false}