{"path_per_floor":["M","$","?","M","?","R","M","M","T","M","R","M","E","M","R","B",null,"M","M","M","?","T","M","R","M","T","M","?","R","$","?","R"],"character_chosen":"IRONCLAD","items_purchased":["True Grit","Flame Barrier","Vajra","Regen Potion"],"gold_per_floor":[211,82,62,81,81,81,96,108,134,149,149,167,193,203,203,282,282,292,305,325,325,349,369,369,389,416,432,432,432,51,51,51,51],"floor_reached":33,"campfire_rested":3,"playtime":1511,"current_hp_per_floor":[66,66,66,66,66,66,72,61,61,53,53,49,42,48,70,11,59,37,46,13,38,38,42,50,35,35,24,24,54,54,54,75,0],"items_purged":["Strike_R","Defend_R"],"gold":51,"score":427,"play_id":"79c014af-12d8-48fa-94a5-c7dbceb51e61","local_time":"20180403204157","is_prod":false,"is_daily":false,"is_ascension_mode":true,"campfire_upgraded":3,"timestamp":1522780917,"path_taken":["M","$","?","M","?","R","M","M","T","?","R","M","E","M","R","BOSS","M","?","M","?","?","M","R","M","T","M","?","R","$","?","R","BOSS"],"build_version":"2018-03-29v2","purchased_purges":2,"victory":false,"master_deck":["Strike_R","Strike_R","Strike_R","Defend_R","Defend_R","Defend_R","Bash","AscendersBane","Thunderclap+1","True Grit","Twin Strike","Body Slam","Whirlwind+1","Shockwave","Pommel Strike","Reaper","Spot Weakness+1","Shrug It Off","Uppercut+1","Flame Barrier"],"max_hp_per_floor":[75,75,75,75,75,75,75,75,75,75,75,75,75,75,75,75,75,75,75,75,75,75,75,75,75,75,75,75,75,75,75,75,75],"relics":["Burning Blood","Bronze Scales","Eternal Feather","Bag of Marbles","Anchor","Nloth\u0027s Gift","Vajra"],"card_choices":[{"not_picked":["Searing Blow","Fire Breathing"],"picked":"Thunderclap","floor":1},{"not_picked":["Havoc","Thunderclap"],"picked":"Twin Strike","floor":7},{"not_picked":["Anger","Dark Embrace"],"picked":"Body Slam","floor":8},{"not_picked":["Wild Strike","Clash"],"picked":"Whirlwind","floor":10},{"not_picked":["True Grit","Headbutt"],"picked":"Shockwave","floor":12},{"not_picked":["Sword Boomerang","Fire Breathing"],"picked":"Pommel Strike","floor":15},{"not_picked":["Immolate","Exhume"],"picked":"Reaper","floor":16},{"not_picked":["Armaments","Feel No Pain"],"picked":"Spot Weakness","floor":19},{"not_picked":["Feel No Pain","Twin Strike"],"picked":"Shrug It Off","floor":20},{"not_picked":["Thunderclap","Pommel Strike"],"picked":"Uppercut","floor":23}],"player_experience":282510,"potions_floor_usage":[8,18,18,27,33,33],"damage_taken":[{"damage":8,"enemies":"2 Louse","floor":1,"turns":3},{"damage":6,"enemies":"Cultist","floor":4,"turns":3},{"damage":0,"enemies":"Small Slimes","floor":7,"turns":3},{"damage":17,"enemies":"Looter","floor":8,"turns":3},{"damage":14,"enemies":"Red Slaver","floor":10,"turns":3},{"damage":10,"enemies":"Large Slime","floor":12,"turns":4},{"damage":13,"enemies":"3 Sentries","floor":13,"turns":4},{"damage":0,"enemies":"Gremlin Gang","floor":14,"turns":2},{"damage":65,"enemies":"The Guardian","floor":16,"turns":12},{"damage":36,"enemies":"2 Thieves","floor":18,"turns":4},{"damage":9,"enemies":"3 Byrds","floor":19,"turns":4},{"damage":45,"enemies":"Snecko","floor":20,"turns":5},{"damage":20,"enemies":"3 Cultists","floor":23,"turns":4},{"damage":33,"enemies":"Centurion and Healer","floor":25,"turns":7},{"damage":30,"enemies":"Slaver and Parasite","floor":27,"turns":5},{"damage":109,"enemies":"Collector","floor":33,"turns":10}],"event_choices":[{"event_name":"The Woman in Blue","player_choice":"Bought 1 Potion","floor":3,"damage_taken":0},{"event_name":"Purifier","player_choice":"One Purge","floor":5,"damage_taken":0},{"event_name":"The Library","player_choice":"Heal","floor":21,"damage_taken":0},{"event_name":"N\u0027loth","player_choice":"Traded a Dream Catcher","floor":28,"damage_taken":0},{"event_name":"Accursed Blacksmith","player_choice":"Ignore","floor":31,"damage_taken":0}],"boss_relics":[{"not_picked":["Runic Dome","Tiny House"],"picked":"Eternal Feather"}],"potions_floor_spawned":[4,12,13,16,23,27],"seed_played":"-7486430219472528422","killed_by":"Collector","ascension_level":14,"is_trial":false}