{"path_per_floor":["M","M","M","?","M","$","?","M","T","M","R","M","R","?","R","B",null,"M","$","?","T","?","R"],"character_chosen":"IRONCLAD","items_purchased":["Flame Barrier"],"gold_per_floor":[118,131,143,143,157,2,2,12,12,25,25,38,38,9,9,106,106,120,20,20,20,20,20,20],"floor_reached":24,"campfire_rested":1,"playtime":560,"current_hp_per_floor":[78,80,74,74,61,61,61,60,60,56,56,52,52,52,76,30,68,42,42,42,42,42,42,0],"items_purged":["Strike_R","Strike_R"],"gold":20,"score":288,"play_id":"d1b7f091-6939-42d9-ba74-0a3774386d57","local_time":"20180328225344","is_prod":false,"is_daily":false,"is_ascension_mode":true,"campfire_upgraded":2,"timestamp":1522270424,"path_taken":["M","M","?","?","M","$","?","?","T","?","R","M","R","?","R","BOSS","M","$","?","?","?","R","E"],"build_version":"2018-03-22v2","purchased_purges":2,"victory":false,"master_deck":["Strike_R","Defend_R","Defend_R","Defend_R","Defend_R","Bash","AscendersBane","Thunderclap","Cleave","Shrug It Off","Flame Barrier+1","Body Slam+1","Flex","Spot Weakness","Reaper"],"max_hp_per_floor":[80,80,80,80,80,80,80,80,80,80,80,80,80,80,80,80,80,80,80,80,80,80,80,80],"relics":["Burning Blood","Lantern","Peace Pipe","Sozu","Girya"],"card_choices":[{"not_picked":["Headbutt","Havoc"],"picked":"Thunderclap","floor":1},{"not_picked":["True Grit","Wild Strike"],"picked":"Cleave","floor":2},{"not_picked":["Thunderclap","Pommel Strike"],"picked":"Shrug It Off","floor":3},{"not_picked":["Brutality","Rampage"],"picked":"Body Slam","floor":8},{"not_picked":["Clash","Uppercut"],"picked":"Flex","floor":10},{"not_picked":["Body Slam","Feel No Pain"],"picked":"Spot Weakness","floor":12},{"not_picked":["Immolate","Berserk"],"picked":"Reaper","floor":16}],"player_experience":265187,"potions_floor_usage":[16],"damage_taken":[{"damage":0,"enemies":"Cultist","floor":1,"turns":3},{"damage":0,"enemies":"Small Slimes","floor":2,"turns":2},{"damage":12,"enemies":"Jaw Worm","floor":3,"turns":2},{"damage":19,"enemies":"Blue Slaver","floor":5,"turns":5},{"damage":7,"enemies":"2 Fungi Beasts","floor":8,"turns":3},{"damage":10,"enemies":"Red Slaver","floor":10,"turns":3},{"damage":10,"enemies":"Lots of Slimes","floor":12,"turns":1},{"damage":52,"enemies":"Slime Boss","floor":16,"turns":11},{"damage":32,"enemies":"Chosen","floor":18,"turns":7},{"damage":69,"enemies":"Gremlin Leader","floor":24,"turns":6}],"event_choices":[{"event_name":"Living Wall","player_choice":"Forget","floor":4,"damage_taken":0},{"event_name":"The Cleric","player_choice":"Leave","floor":7,"damage_taken":0},{"event_name":"World of Goop","player_choice":"Left","floor":14,"damage_taken":0},{"event_name":"Beggar","player_choice":"Ignored","floor":20,"damage_taken":0},{"event_name":"Addict","player_choice":"Ignored","floor":22,"damage_taken":0}],"boss_relics":[{"not_picked":["Velvet Choker","Runic Dome"],"picked":"Sozu"}],"potions_floor_spawned":[8,10],"seed_played":"-4762315270210421381","killed_by":"Gremlin Leader","ascension_level":11,"is_trial":false}