{"path_per_floor":["M","$","M","?","?","E","M","R","T","?","M","M","M","?","R","B",null,"M","M","M","?","$","R","M","E","T","R","T","M","M","?","R","B",null,"M","$","?","M","?"],"character_chosen":"IRONCLAD","items_purchased":["Inflame","Whirlwind","Bottled Lightning"],"gold_per_floor":[119,9,22,22,22,54,65,65,88,88,102,116,130,81,81,176,176,188,208,223,223,173,173,183,218,243,243,243,263,281,281,281,384,414,430,122,122,139,139,139],"floor_reached":40,"campfire_rested":3,"playtime":1319,"current_hp_per_floor":[71,71,66,66,71,41,41,41,41,41,31,33,29,29,54,32,72,69,55,54,54,54,79,75,51,51,51,51,35,20,20,45,28,76,72,72,72,83,83,0],"items_purged":["Strike_R","Strike_R"],"gold":139,"score":657,"play_id":"799b7530-aa11-4803-b128-f2f12c0346bd","local_time":"20180330161617","is_prod":false,"is_daily":false,"is_ascension_mode":true,"campfire_upgraded":2,"timestamp":1522419377,"path_taken":["M","$","M","?","?","E","M","R","T","?","M","?","?","?","R","BOSS","M","?","M","?","$","R","?","E","T","R","?","?","M","?","R","BOSS","M","$","?","?","?","BOSS"],"build_version":"2018-03-29v2","purchased_purges":2,"victory":false,"master_deck":["Strike_R+1","Defend_R","Defend_R","Defend_R","Defend_R","Bash","AscendersBane","Evolve","Inflame","Whirlwind+1","Thunderclap","Uppercut","Flame Barrier","Ghostly Armor","Double Tap","Power Through","Demon Form","Battle Trance+1","Armaments+1","Reaper","Offering","Shrug It Off","Secret Weapon"],"max_hp_per_floor":[80,80,80,80,85,85,85,85,85,85,85,85,85,85,85,85,85,85,85,85,85,85,85,85,85,85,85,85,85,85,85,85,85,90,90,90,90,90,90,90],"relics":["Burning Blood","Smiling Mask","Lantern","Mark of Pain","Blood Vial","Orichalcum","Sundial","Tiny House","Bottled Lightning"],"card_choices":[{"not_picked":["Seeing Red","Pommel Strike"],"picked":"Evolve","floor":1.0},{"not_picked":["Headbutt","Ghostly Armor"],"picked":"Thunderclap","floor":3.0},{"not_picked":["Twin Strike","Reckless Charge"],"picked":"Uppercut","floor":6.0},{"not_picked":["Iron Wave","Body Slam"],"picked":"Flame Barrier","floor":7.0},{"not_picked":["Shockwave","Clothesline"],"picked":"Ghostly Armor","floor":11.0},{"not_picked":["Havoc","Spot Weakness"],"picked":"Double Tap","floor":12.0},{"not_picked":["Pummel","Sword Boomerang"],"picked":"Power Through","floor":13.0},{"not_picked":["Limit Break","Immolate"],"picked":"Demon Form","floor":16.0},{"not_picked":["Perfected Strike","Seeing Red"],"picked":"Battle Trance","floor":18.0},{"not_picked":["Havoc","Power Through"],"picked":"Armaments","floor":19.0},{"not_picked":["Sword Boomerang","Cleave"],"picked":"Reaper","floor":30.0},{"not_picked":["Reaper","Brutality"],"picked":"Offering","floor":33.0},{"not_picked":["Clash","Perfected Strike"],"picked":"Shrug It Off","floor":35.0},{"not_picked":["Dramatic Entrance","Flash of Steel"],"picked":"Secret Weapon","floor":37.0}],"player_experience":267149,"potions_floor_usage":[40,40],"damage_taken":[{"damage":7.0,"enemies":"Jaw Worm","floor":1.0,"turns":3.0},{"damage":11.0,"enemies":"2 Louse","floor":3.0,"turns":2.0},{"damage":36.0,"enemies":"3 Sentries","floor":6.0,"turns":5.0},{"damage":6.0,"enemies":"Cultist","floor":7.0,"turns":3.0},{"damage":16.0,"enemies":"Blue Slaver","floor":11.0,"turns":3.0},{"damage":4.0,"enemies":"Lots of Slimes","floor":12.0,"turns":3.0},{"damage":10.0,"enemies":"3 Louse","floor":13.0,"turns":3.0},{"damage":28.0,"enemies":"Slime Boss","floor":16.0,"turns":7.0},{"damage":9.0,"enemies":"3 Byrds","floor":18.0,"turns":3.0},{"damage":20.0,"enemies":"Shell Parasite","floor":19.0,"turns":5.0},{"damage":7.0,"enemies":"Chosen and Byrds","floor":20.0,"turns":4.0},{"damage":10.0,"enemies":"Centurion and Healer","floor":24.0,"turns":6.0},{"damage":30.0,"enemies":"Gremlin Leader","floor":25.0,"turns":5.0},{"damage":24.0,"enemies":"Snake Plant","floor":29.0,"turns":5.0},{"damage":23.0,"enemies":"3 Cultists","floor":30.0,"turns":6.0},{"damage":37.0,"enemies":"Champ","floor":33.0,"turns":9.0},{"damage":27.0,"enemies":"3 Shapes","floor":35.0,"turns":4.0},{"damage":6.0,"enemies":"Orb Walker","floor":38.0,"turns":3.0},{"damage":88,"enemies":"Awakened One","floor":40,"turns":8}],"event_choices":[{"event_name":"Liars Game","player_choice":"disagreed","floor":4.0,"damage_taken":0.0},{"event_name":"Big Fish","player_choice":"Donut","floor":5.0,"damage_taken":0.0},{"event_name":"Bonfire Elementals","player_choice":"BASIC","floor":10.0,"damage_taken":0.0},{"event_name":"World of Goop","player_choice":"Left","floor":14.0,"damage_taken":0.0},{"event_name":"Drug Dealer","player_choice":"Ignored","floor":21.0,"damage_taken":0.0},{"event_name":"Purifier","player_choice":"One Purge","floor":31.0,"damage_taken":0.0},{"event_name":"SensoryStone","player_choice":"Memory 1","floor":37.0,"damage_taken":0.0},{"event_name":"SecretPortal","player_choice":"Took Portal.","floor":39.0,"damage_taken":0.0}],"boss_relics":[],"potions_floor_spawned":[1,7,11,16,29,33],"seed_played":"484054105240095822","killed_by":"Awakened One","ascension_level":11,"is_trial":false}