{"path_per_floor":["M","?","M","M","$","E","R","E","T","M","M","?","$","M","R","B",null,"M","?","?","M","M","R","E"],"character_chosen":"IRONCLAD","items_purchased":["Apotheosis","Flex","Shrug It Off"],"gold_per_floor":[216,216,230,241,14,49,49,76,76,92,103,103,53,69,69,171,171,191,221,221,232,246,246,278,278],"floor_reached":25,"campfire_rested":3,"playtime":719,"current_hp_per_floor":[59,59,53,58,58,48,72,57,57,45,40,40,40,40,67,51,80,65,65,47,20,11,39,15,0],"items_purged":[],"gold":278,"score":386,"play_id":"4210b76e-b6c2-4cee-9c73-92bed151d835","local_time":"20180330121508","is_prod":false,"is_daily":false,"is_ascension_mode":true,"campfire_upgraded":0,"timestamp":1522404908,"path_taken":["M","?","M","?","$","E","R","E","T","?","M","?","$","M","R","BOSS","M","?","?","?","M","R","E","M"],"build_version":"2018-03-29v2","purchased_purges":0,"victory":false,"master_deck":["Strike_R","Strike_R","Strike_R","Strike_R","Strike_R","Defend_R","Defend_R","Defend_R","Defend_R","Bash","AscendersBane","Whirlwind","Flex","Spot Weakness","Apotheosis+1","Flex","Shrug It Off","True Grit","Limit Break","Writhe"],"max_hp_per_floor":[80,80,80,80,80,80,80,90,90,90,90,90,90,90,90,90,90,90,90,95,95,95,95,95,95],"relics":["Black Blood","Gremlin Horn","Pear","Bronze Scales","Tiny Chest","Calipers"],"card_choices":[{"not_picked":["Feel No Pain","Body Slam"],"picked":"Whirlwind","floor":1.0},{"not_picked":["Wild Strike","Dual Wield"],"picked":"Flex","floor":3.0},{"not_picked":["Bloodletting","Clothesline"],"picked":"Spot Weakness","floor":4.0},{"not_picked":["Havoc","Ghostly Armor"],"picked":"True Grit","floor":14.0},{"not_picked":["Dark Embrace","Feed"],"picked":"Limit Break","floor":16.0}],"player_experience":265747,"potions_floor_usage":[22,22],"damage_taken":[{"damage":19.0,"enemies":"Small Slimes","floor":1.0,"turns":4.0},{"damage":12.0,"enemies":"Jaw Worm","floor":3.0,"turns":2.0},{"damage":1.0,"enemies":"Cultist","floor":4.0,"turns":3.0},{"damage":16.0,"enemies":"Lagavulin","floor":6.0,"turns":8.0},{"damage":31.0,"enemies":"3 Sentries","floor":8.0,"turns":6.0},{"damage":18.0,"enemies":"Lots of Slimes","floor":10.0,"turns":3.0},{"damage":11.0,"enemies":"Looter","floor":11.0,"turns":2.0},{"damage":6.0,"enemies":"Red Slaver","floor":14.0,"turns":3.0},{"damage":22.0,"enemies":"Slime Boss","floor":16.0,"turns":7.0},{"damage":25.0,"enemies":"Chosen","floor":18.0,"turns":8.0},{"damage":37.0,"enemies":"Spheric Guardian","floor":21.0,"turns":6.0},{"damage":19,"enemies":"Snake Plant","floor":22,"turns":6},{"damage":34,"enemies":"Slavers","floor":24,"turns":5},{"damage":17,"enemies":"Chosen and Byrds","floor":25,"turns":3}],"event_choices":[{"event_name":"Shining Light","player_choice":"Ignored","floor":2.0,"damage_taken":0.0},{"event_name":"Upgrade Shrine","player_choice":"Upgraded","floor":12.0,"damage_taken":0.0},{"event_name":"The Mausoleum","player_choice":"Yes","floor":19.0,"damage_taken":0.0},{"event_name":"Forgotten Altar","player_choice":"Shed Blood","floor":20.0,"damage_taken":0.0}],"boss_relics":[],"potions_floor_spawned":[1,3,4,11,18,24],"seed_played":"-453960143566184857","killed_by":"Chosen and Byrds","ascension_level":11,"is_trial":false}