{"path_per_floor":["M","M","?","?","?","R","M","M","T","R","E","?","M","M","R","B",null,"M","?","M","?","M","R","M","M","T","R","M","R","M","$","R","B",null,"M","$","M","?","?","E"],"character_chosen":"IRONCLAD","items_purchased":["Pen Nib","Trip","Offering"],"gold_per_floor":[112,126,201,201,201,201,217,231,255,255,282,282,298,310,310,406,406,422,422,432,532,544,544,557,567,618,618,628,628,648,337,337,432,432,452,189,203,303,303,333,333],"floor_reached":41,"campfire_rested":3,"playtime":2810,"current_hp_per_floor":[77,76,65,65,58,58,57,58,58,58,41,70,76,78,78,58,81,81,88,88,88,60,60,53,33,33,59,46,72,52,52,78,11,69,47,47,27,27,77,57,0],"items_purged":["Strike_R","Defend_R"],"gold":333,"score":659,"play_id":"4360dad6-428f-4bce-b983-ab2bff7a1c19","local_time":"20180331114327","is_prod":false,"is_daily":false,"is_ascension_mode":true,"campfire_upgraded":4,"timestamp":1522489407,"path_taken":["M","M","?","?","?","R","M","?","T","R","E","?","M","M","R","BOSS","M","?","?","?","M","R","M","M","T","R","?","R","M","$","R","BOSS","M","$","M","?","?","E","?"],"build_version":"2018-03-29v2","purchased_purges":3,"victory":false,"master_deck":["Strike_R","Strike_R","Strike_R","Strike_R","Defend_R","Defend_R","Defend_R","AscendersBane","Shrug It Off+1","Uppercut+1","Thunderclap","Flame Barrier+1","Spot Weakness+1","Impervious","Twin Strike","Double Tap+1","Trip","Limit Break","Offering","Pommel Strike+1"],"max_hp_per_floor":[88,88,88,88,88,88,88,88,88,88,88,88,88,88,88,88,88,88,88,88,88,88,88,88,88,88,88,88,88,88,88,88,88,88,88,88,88,88,77,77,77],"relics":["Black Blood","Orichalcum","Vajra","Runic Dome","Oddly Smooth Stone","Pen Nib","Art of War"],"card_choices":[{"not_picked":["Thunderclap","Carnage"],"picked":"Shrug It Off","floor":1},{"not_picked":["Cleave","Metallicize"],"picked":"Uppercut","floor":2},{"not_picked":["Anger","Armaments"],"picked":"Thunderclap","floor":7},{"not_picked":["Body Slam","Blood for Blood"],"picked":"Flame Barrier","floor":8},{"not_picked":["Intimidate","Entrench"],"picked":"Spot Weakness","floor":14},{"not_picked":["Immolate","Berserk"],"picked":"Impervious","floor":16},{"not_picked":["Blood for Blood","Seeing Red"],"picked":"Twin Strike","floor":18},{"not_picked":["Seeing Red","Pommel Strike"],"picked":"Double Tap","floor":22},{"not_picked":["Barricade","Reaper"],"picked":"Limit Break","floor":33},{"not_picked":["Uppercut","Havoc"],"picked":"Pommel Strike","floor":37}],"player_experience":270032,"potions_floor_usage":[16,20],"damage_taken":[{"damage":9,"enemies":"2 Louse","floor":1,"turns":3},{"damage":7,"enemies":"Jaw Worm","floor":2,"turns":4},{"damage":7,"enemies":"Small Slimes","floor":7,"turns":4},{"damage":5,"enemies":"3 Louse","floor":8,"turns":4},{"damage":23,"enemies":"Gremlin Nob","floor":11,"turns":5},{"damage":0,"enemies":"2 Fungi Beasts","floor":13,"turns":3},{"damage":4,"enemies":"Red Slaver","floor":14,"turns":2},{"damage":26,"enemies":"Slime Boss","floor":16,"turns":12},{"damage":6,"enemies":"2 Thieves","floor":18,"turns":4},{"damage":6,"enemies":"Chosen","floor":20,"turns":3},{"damage":34,"enemies":"Snake Plant","floor":22,"turns":4},{"damage":13,"enemies":"Snecko","floor":24,"turns":5},{"damage":26,"enemies":"Cultist and Chosen","floor":25,"turns":8},{"damage":19,"enemies":"Centurion and Healer","floor":28,"turns":6},{"damage":26,"enemies":"Slaver and Parasite","floor":30,"turns":7},{"damage":73,"enemies":"Automaton","floor":33,"turns":10},{"damage":32,"enemies":"3 Shapes","floor":35,"turns":7},{"damage":30,"enemies":"3 Darklings","floor":37,"turns":5},{"damage":30,"enemies":"Nemesis","floor":40,"turns":7},{"damage":60,"enemies":"Maw","floor":41,"turns":7}],"event_choices":[{"event_name":"World of Goop","player_choice":"Gather Gold","floor":3,"damage_taken":0},{"event_name":"Living Wall","player_choice":"Grow","floor":4,"damage_taken":0},{"event_name":"Golden Wing","player_choice":"Card Removal","floor":5,"damage_taken":0},{"event_name":"Big Fish","player_choice":"Banana","floor":12,"damage_taken":0},{"event_name":"Wheel of Change","player_choice":"Full Heal","floor":19,"damage_taken":0},{"event_name":"Golden Shrine","player_choice":"Pray","floor":21,"damage_taken":0},{"event_name":"Golden Shrine","player_choice":"Pray","floor":38,"damage_taken":0},{"event_name":"The Moai Head","player_choice":"Heal","floor":39,"damage_taken":0}],"boss_relics":[{"not_picked":["Eternal Feather","Calling Bell"],"picked":"Runic Dome"},{"not_picked":["Black Star","Tiny House"],"picked":"Black Blood"}],"potions_floor_spawned":[2,7,11,16,18,22,28,33,35,37,40],"seed_played":"1927510955932567912","killed_by":"Maw","ascension_level":11,"is_trial":false}