{"path_per_floor":["M","M","$","?","M","R","?","E","T","R","M","R","M","M","R","B",null,"M","M","T","?","?","R","E","?","T","R","M","R","M"],"character_chosen":"IRONCLAD","items_purchased":["Shrug It Off"],"gold_per_floor":[119,132,6,6,16,16,16,51,51,51,66,66,84,97,97,194,194,205,223,298,298,298,298,331,331,331,331,350,350,360,360],"floor_reached":31,"campfire_rested":2,"playtime":860,"current_hp_per_floor":[70,76,76,76,76,76,76,56,56,56,49,49,49,46,46,11,63,60,63,63,63,63,63,16,16,16,40,24,48,46,0],"items_purged":["Strike_R"],"gold":360,"score":395,"play_id":"de0fc02c-01b0-446f-bde7-c5832c5e4146","local_time":"20180330205703","is_prod":false,"is_daily":false,"is_ascension_mode":true,"campfire_upgraded":5,"timestamp":1522436223,"path_taken":["M","M","$","?","M","R","?","E","T","R","?","R","M","M","R","BOSS","M","M","?","?","?","R","E","?","T","R","M","R","M","E"],"build_version":"2018-03-29v2","purchased_purges":1,"victory":false,"master_deck":["Strike_R","Strike_R","Defend_R","Defend_R","Defend_R","Bash+1","AscendersBane","Pommel Strike+1","Shrug It Off","Battle Trance+1","Spot Weakness+1","Metallicize","Limit Break+1","Twin Strike","Feed","Decay","Uppercut"],"max_hp_per_floor":[80,80,80,80,80,80,80,80,80,80,80,80,80,80,80,80,80,80,80,80,80,80,80,80,80,80,80,80,80,80,80],"relics":["Black Blood","Pen Nib","Bag of Marbles","Bird Faced Urn","Bottled Flame","Gremlin Horn","Paper Frog"],"card_choices":[{"not_picked":["Havoc","Anger"],"picked":"Pommel Strike","floor":1},{"not_picked":["Sentinel","Wild Strike"],"picked":"Battle Trance","floor":11},{"not_picked":["Brutality","Flame Barrier"],"picked":"Spot Weakness","floor":13},{"not_picked":["Warcry","Dual Wield"],"picked":"Metallicize","floor":14},{"not_picked":["Fiend Fire","Reaper"],"picked":"Limit Break","floor":16},{"not_picked":["Wild Strike","Clothesline"],"picked":"Twin Strike","floor":19},{"not_picked":["Bludgeon","Brutality"],"picked":"Feed","floor":24},{"not_picked":["Sword Boomerang","Perfected Strike"],"picked":"Uppercut","floor":30}],"player_experience":269172,"potions_floor_usage":[16,16,24,24,31],"damage_taken":[{"damage":8,"enemies":"2 Louse","floor":1,"turns":3},{"damage":0,"enemies":"Small Slimes","floor":2,"turns":3},{"damage":6,"enemies":"Cultist","floor":5,"turns":3},{"damage":26,"enemies":"3 Sentries","floor":8,"turns":8},{"damage":13,"enemies":"Blue Slaver","floor":11,"turns":3},{"damage":6,"enemies":"Red Slaver","floor":13,"turns":2},{"damage":9,"enemies":"Looter","floor":14,"turns":3},{"damage":43,"enemies":"Slime Boss","floor":16,"turns":9},{"damage":15,"enemies":"Shell Parasite","floor":18,"turns":4},{"damage":9,"enemies":"Chosen","floor":19,"turns":5},{"damage":59,"enemies":"Slavers","floor":24,"turns":5},{"damage":26,"enemies":"Snake Plant","floor":28,"turns":3},{"damage":14,"enemies":"Snecko","floor":30,"turns":4},{"damage":46,"enemies":"Book of Stabbing","floor":31,"turns":3}],"event_choices":[{"event_name":"Living Wall","player_choice":"Forget","floor":4,"damage_taken":0},{"event_name":"Bonfire Elementals","player_choice":"BASIC","floor":7,"damage_taken":0},{"event_name":"Vampires","player_choice":"Ignored","floor":21,"damage_taken":0},{"event_name":"Wheel of Change","player_choice":"Card Removal","floor":22,"damage_taken":0},{"event_name":"Forgotten Altar","player_choice":"Smashed Altar","floor":25,"damage_taken":0}],"boss_relics":[{"not_picked":["Philosopher\u0027s Stone","Runic Cube"],"picked":"Black Blood"}],"potions_floor_spawned":[5,11,13,14,18,19],"seed_played":"1282295646715179040","killed_by":"Book of Stabbing","ascension_level":11,"is_trial":false}