{"path_per_floor":["M","M","$","?","?","E","R","M","T","M","R","M","?","M","R"],"character_chosen":"IRONCLAD","items_purchased":["Uppercut"],"gold_per_floor":[113,131,61,61,30,65,65,83,83,103,103,119,147,166,166,166],"floor_reached":16,"campfire_rested":1,"playtime":389,"current_hp_per_floor":[55,61,61,61,61,51,51,57,57,45,45,39,34,40,62,0],"items_purged":[],"gold":166,"score":173,"play_id":"97ae710b-c172-403d-b6bb-0c695e181a38","local_time":"20180413130741","is_prod":false,"is_daily":false,"chose_seed":false,"is_ascension_mode":true,"campfire_upgraded":2,"timestamp":1523617661,"path_taken":["M","M","$","?","?","E","R","M","T","M","R","M","?","M","R","BOSS"],"build_version":"2018-04-12","seed_source_timestamp":1192855884508,"purchased_purges":0,"victory":false,"master_deck":["Strike_R","Strike_R","Strike_R+1","Strike_R","Strike_R+1","Defend_R","Defend_R","Defend_R","Defend_R","Bash","AscendersBane","Pommel Strike","Flame Barrier+1","Uppercut+1","Ghostly Armor","Flex","Shrug It Off","Inflame"],"max_hp_per_floor":[75,75,75,75,75,75,75,75,75,75,75,75,75,75,75,75],"relics":["Burning Blood","Pen Nib","Whetstone","Omamori","Odd Mushroom"],"card_choices":[{"not_picked":["Rage","Blood for Blood"],"picked":"Pommel Strike","floor":1},{"not_picked":["Pommel Strike","Headbutt"],"picked":"Flame Barrier","floor":2},{"not_picked":["Carnage","Twin Strike"],"picked":"Ghostly Armor","floor":6},{"not_picked":["Body Slam","Clothesline"],"picked":"Flex","floor":10},{"not_picked":["Iron Wave","Clash"],"picked":"Shrug It Off","floor":12},{"not_picked":["Anger","Thunderclap"],"picked":"Inflame","floor":14}],"player_experience":291552,"potions_floor_usage":[13,16],"damage_taken":[{"damage":19,"enemies":"Jaw Worm","floor":1,"turns":6},{"damage":0,"enemies":"Cultist","floor":2,"turns":2},{"damage":16,"enemies":"Gremlin Nob","floor":6,"turns":3},{"damage":0,"enemies":"Small Slimes","floor":8,"turns":4},{"damage":18,"enemies":"3 Louse","floor":10,"turns":3},{"damage":12,"enemies":"Exordium Wildlife","floor":12,"turns":5},{"damage":20,"enemies":"The Mushroom Lair","floor":13,"turns":4},{"damage":0,"enemies":"Looter","floor":14,"turns":2},{"damage":68,"enemies":"Slime Boss","floor":16,"turns":8}],"event_choices":[{"event_name":"The Woman in Blue","player_choice":"Bought 0 Potions","floor":4,"damage_taken":0},{"event_name":"World of Goop","player_choice":"Left","floor":5,"damage_taken":0},{"event_name":"Mushrooms","player_choice":"Fought Mushrooms","floor":13,"damage_taken":0}],"boss_relics":[],"potions_floor_spawned":[1,2,12,13],"seed_played":"-4594147110028441358","killed_by":"Slime Boss","ascension_level":14,"is_trial":false}