{"path_per_floor":["M","$","M","?","?","E","M","M","T","R","E","?","$","E","R","B",null,"M","M","?","?","?","E","T","M","T","M","R","$","E","M","R","B",null,"M","?","M","$","$","R","E","R","T","$","R","M","R","E","R","B"],"character_chosen":"THE_SILENT","items_purchased":["Well Laid Plans","Vajra"],"gold_per_floor":[15,15,27,27,102,137,155,172,172,172,201,201,126,157,157,262,262,280,294,294,294,294,320,320,338,338,356,356,20,50,64,64,162,162,178,178,196,71,71,71,97,97,179,29,29,48,48,80,80,80],"floor_reached":51,"campfire_rested":3,"playtime":6584,"current_hp_per_floor":[70,70,70,70,59,20,20,20,20,41,31,38,38,5,43,25,77,70,53,53,53,53,50,50,39,39,37,75,75,74,73,73,59,77,76,76,76,74,74,74,74,74,74,71,71,70,70,70,70,51],"items_purged":["Normality","Decay","Parasite","Parasite"],"gold":80,"play_id":"a9801317-398d-4b29-bdff-9b568940fa1e","is_prod":false,"is_daily":false,"campfire_rituals":0,"campfire_upgraded":3,"is_hardmode":false,"path_taken":["M","$","M","?","?","E","M","M","T","R","E","?","?","E","R","BOSS","M","M","?","?","?","E","?","M","T","M","R","$","E","M","R","BOSS","M","?","M","?","$","R","E","R","T","?","R","M","R","E","R","BOSS"],"build_version":"2018-01-18-PROD4","purchased_purges":6,"victory":true,"master_deck":["Defend_G","Defend_G","Defend_G","Strike_G","Strike_G","Strike_G","Survivor","Neutralize","Underhanded Strike","Slice","Heel Hook","Deflect","Underhanded Strike","Backflip","Flying Knee","Dagger Throw","Tools of the Trade","Crippling Poison","Escape Plan","Heel Hook","Glass Knife","Prepared","Underhanded Strike","Well Laid Plans","After Image","Burst","Riddle With Holes","Heel Hook","Parasite"],"max_hp_per_floor":[70,70,70,70,70,70,70,70,70,70,70,77,77,77,77,77,77,77,77,77,77,77,77,77,77,77,77,77,77,77,77,77,77,77,77,77,77,74,74,74,74,74,74,71,71,71,71,71,71,71],"relics":["Ring of the Snake","Thread and Needle","Torii","Gambling Chip","Strawberry","Regal Pillow","Calling Bell","Kunai","Centennial Puzzle","Anchor","Happy Flower","Ice Cream","Girya","Vajra","Pantograph","Cursed Key","Lantern","Bottled Tornado","Unceasing Top"],"campfire_meditates":0,"card_choices":[{"not_picked":["Skewer","Poisoned Stab"],"picked":"Underhanded Strike"},{"not_picked":["Bane","Quick Slash"],"picked":"Slice"},{"not_picked":["Underhanded Strike","Caltrops"],"picked":"Deflect"},{"not_picked":["Deadly Poison","Catalyst"],"picked":"Underhanded Strike"},{"not_picked":["PiercingWail","Backstab"],"picked":"Backflip"},{"not_picked":["Endless Agony","Crippling Poison"],"picked":"Flying Knee"},{"not_picked":["Footwork","Bullet Time"],"picked":"Dagger Throw"},{"not_picked":["Night Terror","Adrenaline"],"picked":"Tools of the Trade"},{"not_picked":["Predator","Deflect"],"picked":"Crippling Poison"},{"not_picked":["Backstab","Outmaneuver"],"picked":"Escape Plan"},{"not_picked":["Distraction","Quick Slash"],"picked":"Prepared"},{"not_picked":["Outmaneuver","Bouncing Flask"],"picked":"Underhanded Strike"},{"not_picked":["Corpse Explosion","Quick Slash"],"picked":"After Image"},{"not_picked":["Corpse Explosion","Die Die Die"],"picked":"Burst"},{"not_picked":["Outmaneuver","Bane"],"picked":"Riddle With Holes"}],"player_experience":62653,"potions_floor_usage":[31,35,41,48,50,50],"damage_taken":[{"damage":0.0,"enemies":"Jaw Worm","floor":1.0,"turns":4.0},{"damage":0.0,"enemies":"2 Louse","floor":3.0,"turns":3.0},{"damage":39.0,"enemies":"Lagavulin","floor":6.0,"turns":11.0},{"damage":0.0,"enemies":"Cultist","floor":7.0,"turns":4.0},{"damage":0.0,"enemies":"Large Slime","floor":8.0,"turns":6.0},{"damage":10.0,"enemies":"Gremlin Nob","floor":11.0,"turns":4.0},{"damage":33.0,"enemies":"Lagavulin","floor":14.0,"turns":8.0},{"damage":18.0,"enemies":"Slime Boss","floor":16.0,"turns":14.0},{"damage":7.0,"enemies":"3 Byrds","floor":18.0,"turns":6.0},{"damage":17.0,"enemies":"Spheric Guardian","floor":19.0,"turns":6.0},{"damage":3.0,"enemies":"Slavers","floor":23.0,"turns":9.0},{"damage":11.0,"enemies":"Snecko","floor":25.0,"turns":6.0},{"damage":2,"enemies":"Centurion and Healer","floor":27,"turns":6},{"damage":1,"enemies":"Book of Stabbing","floor":30,"turns":5},{"damage":1,"enemies":"Chosen and Byrds","floor":31,"turns":7},{"damage":18,"enemies":"Champ","floor":33,"turns":12},{"damage":1,"enemies":"3 Darklings","floor":35,"turns":4},{"damage":0,"enemies":"3 Shapes","floor":37,"turns":4},{"damage":0,"enemies":"2 Orb Walkers","floor":41,"turns":4},{"damage":1,"enemies":"Sphere and 2 Shapes","floor":46,"turns":4},{"damage":0,"enemies":"Nemesis","floor":48,"turns":6},{"damage":20,"enemies":"Time Eater","floor":50,"turns":8}],"event_choices":[{"event_name":"Living Wall","player_choice":"Change","floor":4.0,"damage_taken":0.0},{"event_name":"World of Goop","player_choice":"Gather Gold","floor":5.0,"damage_taken":0.0},{"event_name":"Accursed Blacksmith","player_choice":"Rummage","floor":12.0,"damage_taken":0.0},{"event_name":"The Lab","player_choice":"Got Potions","floor":20.0,"damage_taken":0.0},{"event_name":"Duplicator","player_choice":"One dupe","floor":21.0,"damage_taken":0.0},{"event_name":"Transmorgrifier","player_choice":"Transform","floor":22.0,"damage_taken":0.0},{"event_name":"Match and Keep!","player_choice":"1 cards matched","floor":36,"damage_taken":0}],"boss_relics":[{"not_picked":["Runic Dome","White Beast Statue"],"picked":"Cursed Key"}],"potions_floor_spawned":[3,7,14,16,19,23,27,33,37,46],"seed_played":"1930671063278254214","is_trial":false}