{"path_per_floor":["M","M","M","M","?","E","M","M","T","E","R","?","R","E","R","B",null,"M","M","?","M","M","E","M","E","T","R","M","R","?","M","R","B",null,"M","$","M","?","M","E","M","E","T"],"character_chosen":"THE_SILENT","items_purchased":["Torii"],"gold_per_floor":[114,125,144,159,159,186,202,215,238,266,266,266,266,294,294,398,398,398,398,398,398,398,398,398,398,398,398,398,398,398,398,398,398,398,398,28,28,28,28,28,28,28,28],"floor_reached":44,"campfire_rested":3,"playtime":6224,"current_hp_per_floor":[70,70,70,70,70,48,15,14,14,1,22,22,43,43,43,61,70,59,48,48,31,36,56,46,31,31,47,56,56,56,56,56,54,56,48,48,53,53,56,39,27,25,39],"items_purged":["Dagger Throw"],"gold":28,"play_id":"fd9494b8-796b-4605-b7de-10e1268687d8","is_prod":false,"is_daily":false,"campfire_rituals":0,"campfire_upgraded":3,"is_hardmode":false,"path_taken":["M","M","M","M","?","E","M","M","T","E","R","?","R","E","R","BOSS","M","?","?","M","M","E","M","E","T","R","M","R","?","M","R","BOSS","M","$","M","?","M","E","M","E","T","E"],"build_version":"2018-01-18-PROD4","purchased_purges":2,"victory":false,"master_deck":["Defend_G","Defend_G","Defend_G","Defend_G","Defend_G","Survivor","Neutralize","Well Laid Plans","A Thousand Cuts","Noxious Fumes","Bane","Backflip","Noxious Fumes","Night Terror","Crippling Poison","Distraction","Bite_G","Bite_G","Bite_G","Bite_G","Bite_G","Backflip","Noxious Fumes","A Thousand Cuts","Catalyst","Heel Hook","Infinite Blades","Leg Sweep"],"max_hp_per_floor":[70,70,70,70,70,70,70,70,70,70,70,70,70,70,70,70,70,70,70,49,49,49,56,56,56,56,56,56,56,56,56,56,56,56,56,56,56,56,56,56,56,56,70],"relics":["Ring of the Snake","Paper Crane","Pantograph","Vajra","Prayer Wheel","Molten Egg","Ectoplasm","Strawberry","Bag of Marbles","Toolbox","The Specimen","Torii","Centennial Puzzle","Girya","Mango"],"campfire_meditates":0,"card_choices":[{"not_picked":["Deadly Poison","Outmaneuver"],"picked":"Well Laid Plans"},{"not_picked":["Heel Hook","Slice"],"picked":"A Thousand Cuts"},{"not_picked":["Calculated Gamble","Quick Slash"],"picked":"Dagger Throw"},{"not_picked":["Leg Sweep","Outmaneuver"],"picked":"Noxious Fumes"},{"not_picked":["Flying Knee","Caltrops"],"picked":"Bane"},{"not_picked":["Sucker Punch","Flechettes"],"picked":"Backflip"},{"not_picked":["Choke","Outmaneuver"],"picked":"Noxious Fumes"},{"not_picked":["Wraith Form","Corpse Explosion"],"picked":"Night Terror"},{"not_picked":["Dagger Throw","Bouncing Flask"],"picked":"Crippling Poison"},{"not_picked":["Blade Dance","Bane"],"picked":"Distraction"},{"not_picked":["Sucker Punch","Prepared"],"picked":"Backflip"},{"not_picked":["PiercingWail","Distraction"],"picked":"Noxious Fumes"},{"not_picked":["Phantasmal Killer","Burst"],"picked":"A Thousand Cuts"},{"not_picked":["Backstab","Dash"],"picked":"Catalyst"},{"not_picked":["Flying Knee","Underhanded Strike"],"picked":"Heel Hook"},{"not_picked":["Tools of the Trade","Calculated Gamble"],"picked":"Infinite Blades"},{"not_picked":["Crippling Poison","Flechettes"],"picked":"Leg Sweep"}],"player_experience":70182,"potions_floor_usage":[6,10,10,25,25,31,33,39,40,40,42,44],"damage_taken":[{"damage":0,"enemies":"Small Slimes","floor":1,"turns":4},{"damage":0,"enemies":"2 Louse","floor":2,"turns":3},{"damage":0,"enemies":"Cultist","floor":3,"turns":5},{"damage":0,"enemies":"Large Slime","floor":4,"turns":8},{"damage":22,"enemies":"3 Sentries","floor":6,"turns":9},{"damage":33,"enemies":"Exordium Thugs","floor":7,"turns":6},{"damage":1,"enemies":"2 Fungi Beasts","floor":8,"turns":5},{"damage":13,"enemies":"Gremlin Nob","floor":10,"turns":4},{"damage":0,"enemies":"Lagavulin","floor":14,"turns":7},{"damage":7,"enemies":"The Guardian","floor":16,"turns":9},{"damage":11,"enemies":"3 Byrds","floor":18,"turns":4},{"damage":11,"enemies":"Chosen","floor":19,"turns":5},{"damage":25,"enemies":"Sentry and Sphere","floor":21,"turns":7},{"damage":15,"enemies":"Centurion and Healer","floor":22,"turns":7},{"damage":1,"enemies":"Gremlin Leader","floor":23,"turns":6},{"damage":18,"enemies":"Snake Plant","floor":24,"turns":5},{"damage":19,"enemies":"Slavers","floor":25,"turns":4},{"damage":0,"enemies":"3 Cultists","floor":28,"turns":4},{"damage":0,"enemies":"Chosen and Byrds","floor":31,"turns":4},{"damage":18,"enemies":"Champ","floor":33,"turns":11},{"damage":10,"enemies":"3 Shapes","floor":35,"turns":5},{"damage":1,"enemies":"Orb Walker","floor":37,"turns":5},{"damage":2,"enemies":"3 Darklings","floor":39,"turns":5},{"damage":41,"enemies":"2 Orb Walkers","floor":40,"turns":5},{"damage":20,"enemies":"Sphere and 2 Shapes","floor":41,"turns":5},{"damage":8,"enemies":"Giant Head","floor":42,"turns":7},{"damage":45,"enemies":"2 Orb Walkers","floor":44,"turns":4}],"event_choices":[{"event_name":"Big Fish","player_choice":"Box","floor":5,"damage_taken":0},{"event_name":"Living Wall","player_choice":"Forget","floor":12,"damage_taken":0},{"event_name":"Vampires","player_choice":"Became a vampire","floor":20,"damage_taken":0},{"event_name":"The Lab","player_choice":"Got Potions","floor":30,"damage_taken":0},{"event_name":"Upgrade Shrine","player_choice":"Upgraded","floor":38,"damage_taken":0}],"boss_relics":[{"not_picked":["Lizard Tail","Calling Bell"],"picked":"Ectoplasm"},{"not_picked":["Black Star","Philosopher\u0027s Stone"],"picked":"The Specimen"}],"potions_floor_spawned":[2,3,7,8,21,22,24,31,37,41,42],"seed_played":"-7454951572842664197","killed_by":"2 Orb Walkers","is_trial":false}