{"path_per_floor":["M","M","?","M","M","R","E","M","T","?","R","E","M","M","R","B",null,"M","?","?","$","M","E","R","M","T","E","M","?","R","M","R","B",null,"M","?","?","T","T","E","M","M","T","R","E","M","E","M","R","B"],"character_chosen":"THE_SILENT","items_purchased":["Gremlin Horn"],"gold_per_floor":[114,127,127,147,160,160,191,203,203,203,203,228,198,216,216,318,318,334,424,339,21,41,75,75,94,148,174,192,192,192,204,204,301,301,313,313,313,390,416,441,451,465,490,490,515,533,559,579,579,579],"floor_reached":51,"campfire_rested":5,"playtime":6606,"current_hp_per_floor":[70,70,70,68,64,64,15,15,15,15,51,44,44,42,70,21,70,65,51,51,51,51,38,38,38,38,23,19,3,39,39,70,46,70,70,60,60,60,60,60,52,54,54,54,64,66,19,20,56,21],"items_purged":["Regret"],"gold":579,"play_id":"efd9deac-6633-4c95-9e45-54be7d34afc0","is_prod":false,"is_daily":false,"campfire_rituals":0,"campfire_upgraded":3,"is_hardmode":false,"path_taken":["M","M","?","M","M","R","E","?","T","?","R","E","?","M","R","BOSS","M","?","?","?","M","E","R","M","T","E","M","?","R","M","R","BOSS","M","?","?","?","?","E","M","M","T","R","E","M","E","M","R","BOSS"],"build_version":"2018-01-18-PROD4","purchased_purges":1,"victory":true,"master_deck":["Defend_G","Defend_G","Defend_G","Defend_G","Strike_G","Strike_G","Strike_G","Strike_G","Strike_G","Survivor","Neutralize","Distraction","PiercingWail","Slice","Dash","Heel Hook","A Thousand Cuts","Choke","Crippling Poison","Dash","Necronomicurse","Wraith Form","Noxious Fumes","Leg Sweep","Terror","Madness","Madness","Infinite Blades","Predator"],"max_hp_per_floor":[70,70,70,70,70,70,70,70,70,70,70,70,70,70,70,70,70,70,70,70,70,70,70,70,70,70,70,70,70,70,70,70,70,70,70,70,70,70,70,70,70,70,70,70,70,70,70,70,70,70],"relics":["Ring of the Snake","Toxic Egg","Oddly Smooth Stone","Regal Pillow","Pen Nib","Snecko Eye","Juzu Bracelet","Gremlin Horn","Bag of Marbles","Orichalcum","Ancient Tea Set","Necronomicon","Orrery","Tiny Chest","Vajra","Blood Vial","Omamori","War Paint","Tingsha"],"campfire_meditates":0,"card_choices":[{"not_picked":["Dodge and Roll","Dash"],"picked":"Distraction"},{"not_picked":["Masterful Stab","Poisoned Stab"],"picked":"PiercingWail"},{"not_picked":["Dash","Bouncing Flask"],"picked":"Slice"},{"not_picked":["Dagger Spray","Tactician"],"picked":"Dash"},{"not_picked":["Reflex","Flying Knee"],"picked":"Heel Hook"},{"not_picked":["Glass Knife","Doppelganger"],"picked":"A Thousand Cuts"},{"not_picked":["All Out Attack","Calculated Gamble"],"picked":"Choke"},{"not_picked":["Flying Knee","Finisher"],"picked":"Crippling Poison"},{"not_picked":["Noxious Fumes","Backflip"],"picked":"Dash"},{"not_picked":["Venomology","Phantasmal Killer"],"picked":"Wraith Form"},{"not_picked":["Acrobatics","Bane"],"picked":"Noxious Fumes"},{"not_picked":["Deadly Poison","Bane"],"picked":"Leg Sweep"},{"not_picked":["Caltrops","Accuracy"],"picked":"Terror"},{"not_picked":["Catalyst","Poisoned Stab"],"picked":"Infinite Blades"},{"not_picked":["PiercingWail","Backstab"],"picked":"Predator"}],"player_experience":90310,"potions_floor_usage":[23,33,45,47,50,50],"damage_taken":[{"damage":0.0,"enemies":"Jaw Worm","floor":1.0,"turns":5.0},{"damage":0.0,"enemies":"Cultist","floor":2.0,"turns":5.0},{"damage":2.0,"enemies":"Blue Slaver","floor":4.0,"turns":7.0},{"damage":4.0,"enemies":"Gremlin Gang","floor":5.0,"turns":6.0},{"damage":49.0,"enemies":"Lagavulin","floor":7.0,"turns":16.0},{"damage":0.0,"enemies":"3 Louse","floor":8.0,"turns":3.0},{"damage":7.0,"enemies":"Gremlin Nob","floor":12.0,"turns":3.0},{"damage":0.0,"enemies":"Looter","floor":13.0,"turns":4.0},{"damage":2.0,"enemies":"Gremlin Gang","floor":14.0,"turns":4.0},{"damage":49.0,"enemies":"Slime Boss","floor":16.0,"turns":26.0},{"damage":5,"enemies":"Chosen","floor":18,"turns":7},{"damage":0,"enemies":"Shell Parasite","floor":22,"turns":3},{"damage":13,"enemies":"Slavers","floor":23,"turns":6},{"damage":0,"enemies":"3 Cultists","floor":25,"turns":3},{"damage":15,"enemies":"Book of Stabbing","floor":27,"turns":5},{"damage":4,"enemies":"Snecko","floor":28,"turns":5},{"damage":0,"enemies":"Snake Plant","floor":31,"turns":3},{"damage":24,"enemies":"Champ","floor":33,"turns":11},{"damage":0,"enemies":"3 Darklings","floor":35,"turns":6},{"damage":0,"enemies":"2 Orb Walkers","floor":40,"turns":3},{"damage":10,"enemies":"3 Shapes","floor":41,"turns":3},{"damage":0,"enemies":"Sphere and 2 Shapes","floor":42,"turns":3},{"damage":7,"enemies":"Giant Head","floor":45,"turns":8},{"damage":0,"enemies":"3 Darklings","floor":46,"turns":4},{"damage":49,"enemies":"Nemesis","floor":47,"turns":7},{"damage":1,"enemies":"4 Shapes","floor":48,"turns":7},{"damage":37,"enemies":"Awakened One","floor":50,"turns":12}],"event_choices":[{"event_name":"The Lab","player_choice":"Got Potions","floor":3.0,"damage_taken":0.0},{"event_name":"Big Fish","player_choice":"Box","floor":10.0,"damage_taken":0.0},{"event_name":"Knowing Skull","player_choice":"GOLD ","floor":19,"damage_taken":0},{"event_name":"Addict","player_choice":"Obtained Relic","floor":20,"damage_taken":0},{"event_name":"Cursed Tome","player_choice":"Obtained Book","floor":29,"damage_taken":0},{"event_name":"Winding Halls","player_choice":"Embrace Madness","floor":36,"damage_taken":0}],"boss_relics":[{"not_picked":["Runic Pyramid","Eternal Feather"],"picked":"Orrery"}],"potions_floor_spawned":[1,4,7,8,14,25,28,40,42,46],"seed_played":"-6523703436089897858","is_trial":false}