{"path_per_floor":["M","M","M","?","?","E","R","M","T","R","M","R","E","M","R","B",null,"M","M","$","M","?","R","E","R","T","M","R","M","M","M","R","B",null,"M","?","M","$","?","E","R","M","T","M","E","M","R","M","R"],"character_chosen":"THE_SILENT","items_purchased":["Well Laid Plans"],"gold_per_floor":[12,32,44,44,44,70,70,81,159,159,172,172,204,216,216,320,320,320,320,175,175,175,175,175,175,175,175,175,175,175,175,175,175,175,175,0,0,0,0,0,0,0,0,0,0,0,0,0,0],"floor_reached":50,"campfire_rested":3,"playtime":6869,"current_hp_per_floor":[70,70,70,70,70,61,61,61,61,61,61,61,40,40,61,53,70,70,70,70,70,70,70,64,64,64,64,64,59,59,63,63,54,70,61,61,57,57,57,57,57,53,53,53,46,46,69,63,77],"items_purged":["Normality"],"gold":0,"play_id":"4a6deb9a-a62f-47bc-9744-52758ebda516","is_prod":false,"is_daily":false,"campfire_rituals":0,"campfire_upgraded":8,"is_hardmode":false,"path_taken":["M","M","M","?","?","E","R","M","T","R","M","R","E","M","R","BOSS","M","M","$","M","?","R","E","R","T","M","R","M","M","M","R","BOSS","M","?","M","$","?","E","R","?","T","M","E","M","R","M","R","BOSS"],"build_version":"2018-01-18-PROD4","purchased_purges":1,"victory":false,"master_deck":["Defend_G","Defend_G","Defend_G","Strike_G","Strike_G","Survivor","Neutralize","Noxious Fumes","Backflip","Dagger Throw","Terror","Endless Agony","Night Terror","Adrenaline","Dagger Throw","A Thousand Cuts","Bane","Well Laid Plans","Predator","Masterful Stab","Prepared","Endless Agony","Eviscerate","Wraith Form","Quick Slash","Backflip","Escape Plan","Deadly Poison","Prepared","Choke"],"max_hp_per_floor":[70,70,70,70,70,70,70,70,70,70,70,70,70,70,70,70,70,70,70,70,70,70,70,70,70,70,70,70,70,70,70,70,70,70,70,70,70,70,70,70,70,70,70,70,77,77,77,77,77],"relics":["Ring of the Snake","Happy Flower","Mummified Hand","Letter Opener","Bottled Tornado","Ectoplasm","Toolbox","Ancient Tea Set","Astrolabe","Red Mask","Meat on the Bone","Bottled Lightning","Strawberry"],"campfire_meditates":0,"card_choices":[{"not_picked":["Prepared","Sucker Punch"],"picked":"Noxious Fumes"},{"not_picked":["Flying Knee","Sucker Punch"],"picked":"Backflip"},{"not_picked":["Backflip","Dodge and Roll"],"picked":"Dagger Throw"},{"not_picked":["Dodge and Roll","Prepared"],"picked":"Terror"},{"not_picked":["Prepared","PiercingWail"],"picked":"Endless Agony"},{"not_picked":["Well Laid Plans","Dodge and Roll"],"picked":"Night Terror"},{"not_picked":["Outmaneuver","Dagger Throw"],"picked":"Adrenaline"},{"not_picked":["Bane","Blade Dance"],"picked":"Dagger Throw"},{"not_picked":["Burst","Bullet Time"],"picked":"A Thousand Cuts"},{"not_picked":["Dagger Throw","Quick Slash"],"picked":"Bane"},{"not_picked":["Deflect","Prepared"],"picked":"Masterful Stab"},{"not_picked":["Night Terror","Dagger Throw"],"picked":"Prepared"},{"not_picked":["Heel Hook","Slice"],"picked":"Endless Agony"},{"not_picked":["Backstab","Bane"],"picked":"Eviscerate"},{"not_picked":["Doppelganger","Night Terror"],"picked":"Wraith Form"},{"not_picked":["Malaise","Dodge and Roll"],"picked":"Escape Plan"},{"not_picked":["Well Laid Plans","Outmaneuver"],"picked":"Deadly Poison"},{"not_picked":["Die Die Die","Dagger Spray"],"picked":"Prepared"},{"not_picked":["PiercingWail","Flying Knee"],"picked":"Choke"}],"player_experience":44305,"potions_floor_usage":[29,33,33,48,50,50,50],"damage_taken":[{"damage":0.0,"enemies":"2 Louse","floor":1.0,"turns":3.0},{"damage":0.0,"enemies":"Cultist","floor":2.0,"turns":5.0},{"damage":0.0,"enemies":"Jaw Worm","floor":3.0,"turns":5.0},{"damage":9.0,"enemies":"Gremlin Nob","floor":6.0,"turns":6.0},{"damage":0.0,"enemies":"2 Fungi Beasts","floor":8.0,"turns":3.0},{"damage":0.0,"enemies":"Red Slaver","floor":11.0,"turns":4.0},{"damage":21.0,"enemies":"3 Sentries","floor":13.0,"turns":5.0},{"damage":0.0,"enemies":"3 Louse","floor":14.0,"turns":3.0},{"damage":8.0,"enemies":"Slime Boss","floor":16.0,"turns":8.0},{"damage":0,"enemies":"Spheric Guardian","floor":18,"turns":3},{"damage":0,"enemies":"Shell Parasite","floor":19,"turns":3},{"damage":0,"enemies":"Snake Plant","floor":21,"turns":3},{"damage":6,"enemies":"Book of Stabbing","floor":24,"turns":4},{"damage":0,"enemies":"3 Cultists","floor":27,"turns":2},{"damage":5,"enemies":"Slaver and Parasite","floor":29,"turns":3},{"damage":0,"enemies":"Snecko","floor":30,"turns":2},{"damage":0,"enemies":"3 Cultists","floor":31,"turns":3},{"damage":9,"enemies":"Collector","floor":33,"turns":6},{"damage":9,"enemies":"3 Darklings","floor":35,"turns":3},{"damage":4,"enemies":"3 Shapes","floor":37,"turns":2},{"damage":0,"enemies":"Giant Head","floor":40,"turns":6},{"damage":8,"enemies":"Sphere and 2 Shapes","floor":42,"turns":3},{"damage":0,"enemies":"Maw","floor":44,"turns":4},{"damage":26,"enemies":"Nemesis","floor":45,"turns":4},{"damage":12,"enemies":"3 Darklings","floor":46,"turns":3},{"damage":6,"enemies":"Sphere and 2 Shapes","floor":48,"turns":1},{"damage":89,"enemies":"Time Eater","floor":50,"turns":7}],"event_choices":[{"event_name":"Upgrade Shrine","player_choice":"Upgraded","floor":4.0,"damage_taken":0.0},{"event_name":"Accursed Blacksmith","player_choice":"Rummage","floor":5.0,"damage_taken":0.0},{"event_name":"The Library","player_choice":"Read","floor":22,"damage_taken":0},{"event_name":"Tomb of Lord Red Mask","player_choice":"Paid","floor":36,"damage_taken":0}],"boss_relics":[{"not_picked":["Question Card","Tiny House"],"picked":"Astrolabe"}],"potions_floor_spawned":[2,8,14,19,24,29,42,45,46,48],"seed_played":"-8581548156903979266","killed_by":"Time Eater","is_trial":false}