{"path_per_floor":["M","T","M","M","M","E","?","E","T","R","?","R","M","$","R","B",null,"M","?","?","?","?","?","E","$","T","$","E","$","E","M","R","B",null,"M","M","?","?","M","E","R","?","T","R","?","E","M","M","R","B"],"character_chosen":"THE_SILENT","items_purchased":["Apotheosis","Panache"],"gold_per_floor":[110,110,125,140,156,191,191,229,229,229,329,329,350,165,165,284,284,308,308,308,233,263,263,292,217,217,5,40,40,73,90,90,188,218,232,251,251,606,616,646,646,646,694,694,694,728,748,758,758,758],"floor_reached":51,"campfire_rested":2,"playtime":6463,"current_hp_per_floor":[66,66,66,66,66,64,47,29,29,50,50,50,50,50,50,50,70,66,66,49,49,49,49,49,49,49,49,49,49,48,49,49,49,54,54,54,44,35,54,54,54,54,54,54,54,45,35,45,54,47],"items_purged":["Writhe"],"gold":758,"play_id":"5bb3c332-43c7-4331-9cda-4d0d72c2d163","is_prod":false,"is_daily":false,"is_ascension_mode":false,"campfire_upgraded":5,"path_taken":["M","?","?","M","M","E","?","E","T","R","?","R","M","?","R","BOSS","M","?","?","?","?","?","E","?","T","$","E","$","E","?","R","BOSS","M","M","?","?","?","E","R","?","T","R","?","E","M","M","R","BOSS"],"build_version":"2018-01-26-BETA1","purchased_purges":3,"victory":true,"master_deck":["Defend_G","Defend_G","Defend_G","Defend_G","Survivor","Neutralize","Dagger Throw","Footwork+1","Escape Plan","Blur","Tools of the Trade","Escape Plan","Well Laid Plans","Apotheosis+1","Unload","Endless Agony+1","Bite_G","Bite_G","Bite_G","Bite_G","Bite_G","Skewer+1","Panache+1","Prepared+1","A Thousand Cuts+1","Terror+1","Backflip+1","Madness","Madness","Prepared+1","Wraith Form+1","Dash"],"max_hp_per_floor":[70,70,70,70,70,70,70,70,70,70,70,70,70,70,70,70,70,70,70,49,49,49,49,49,49,49,49,49,49,49,49,49,49,54,54,54,54,54,54,54,54,54,54,54,54,54,54,54,54,54],"relics":["Ring of the Snake","Bronze Scales","Torii","Bottled Flame","Bloody Idol","Mercury Hourglass","Ancient Tea Set","Philosopher\u0027s Stone","Red Mask","Snake Skull","Bottled Tornado","Calipers","Bag of Marbles","Darkstone Periapt","Tiny House","Old Coin","Oddly Smooth Stone","Frozen Egg","Blood Vial"],"card_choices":[{"not_picked":["Leg Sweep","Quick Slash"],"picked":"Dagger Throw"},{"not_picked":["Dash","Riddle With Holes"],"picked":"Footwork"},{"not_picked":["Outmaneuver","Sucker Punch"],"picked":"Escape Plan"},{"not_picked":["Dagger Throw","Flechettes"],"picked":"Blur"},{"not_picked":["Quick Slash","Outmaneuver"],"picked":"Tools of the Trade"},{"not_picked":["Outmaneuver","Dagger Spray"],"picked":"Escape Plan"},{"not_picked":["Infinite Blades","Poisoned Stab"],"picked":"Well Laid Plans"},{"not_picked":["Phantasmal Killer","Glass Knife"],"picked":"Unload"},{"not_picked":["Deadly Poison","Flying Knee"],"picked":"Endless Agony"},{"not_picked":["Acrobatics","Predator"],"picked":"Skewer"},{"not_picked":["Crippling Poison","Dagger Throw"],"picked":"Prepared"},{"not_picked":["Burst","Envenom"],"picked":"A Thousand Cuts"},{"not_picked":["Poisoned Stab","Flying Knee"],"picked":"Terror"},{"not_picked":["Caltrops","Distraction"],"picked":"Backflip"},{"not_picked":["Dagger Spray","Sucker Punch"],"picked":"Prepared"},{"not_picked":["Malaise","Flying Knee"],"picked":"Wraith Form"},{"not_picked":["Dagger Spray","Caltrops"],"picked":"Dash"}],"player_experience":19494,"potions_floor_usage":[8,18,22,24,28,35,36,38,40,46,50,50],"damage_taken":[{"damage":4.0,"enemies":"Blue Slaver","floor":1.0,"turns":5.0},{"damage":0.0,"enemies":"2 Louse","floor":3.0,"turns":2.0},{"damage":0,"enemies":"Jaw Worm","floor":4,"turns":5},{"damage":0,"enemies":"3 Louse","floor":5,"turns":4},{"damage":2,"enemies":"3 Sentries","floor":6,"turns":11},{"damage":18,"enemies":"Gremlin Nob","floor":8,"turns":5},{"damage":0,"enemies":"Exordium Thugs","floor":13,"turns":4},{"damage":0,"enemies":"Slime Boss","floor":16,"turns":11},{"damage":4,"enemies":"3 Byrds","floor":18,"turns":4},{"damage":0,"enemies":"Masked Bandits","floor":22,"turns":4},{"damage":7,"enemies":"Gremlin Leader","floor":24,"turns":6},{"damage":19,"enemies":"Slavers","floor":28,"turns":6},{"damage":7,"enemies":"Book of Stabbing","floor":30,"turns":5},{"damage":1,"enemies":"Shell Parasite","floor":31,"turns":5},{"damage":0,"enemies":"Automaton","floor":33,"turns":10},{"damage":0,"enemies":"Flame Bruiser 1 Orb","floor":35,"turns":5},{"damage":1,"enemies":"Orb Walker","floor":36,"turns":3},{"damage":25,"enemies":"Mysterious Sphere","floor":38,"turns":4},{"damage":1,"enemies":"Maw","floor":39,"turns":6},{"damage":0,"enemies":"Giant Head","floor":40,"turns":8},{"damage":23,"enemies":"2 Orb Walkers","floor":46,"turns":4},{"damage":32,"enemies":"3 Darklings","floor":47,"turns":5},{"damage":0,"enemies":"4 Shapes","floor":48,"turns":4},{"damage":28,"enemies":"Awakened One","floor":50,"turns":11}],"event_choices":[{"event_name":"Golden Idol","player_choice":"Take Damage","floor":7,"damage_taken":0},{"event_name":"Golden Shrine","player_choice":"Pray","floor":11,"damage_taken":0},{"event_name":"Forgotten Altar","player_choice":"Gave Idol","floor":19,"damage_taken":0},{"event_name":"Vampires","player_choice":"Became a vampire","floor":20,"damage_taken":0},{"event_name":"Beggar","player_choice":"Gave Gold","floor":21,"damage_taken":0},{"event_name":"Masked Bandits","player_choice":"Fought over 233 gold","floor":22,"damage_taken":0},{"event_name":"The Mausoleum","player_choice":"Yes","floor":23,"damage_taken":0},{"event_name":"Winding Halls","player_choice":"Embrace Madness","floor":37,"damage_taken":0},{"event_name":"Mysterious Sphere","player_choice":"Fight","floor":38,"damage_taken":0},{"event_name":"The Woman in Blue","player_choice":"Bought 0 Potions","floor":42,"damage_taken":0},{"event_name":"Accursed Blacksmith","player_choice":"Ignore","floor":45,"damage_taken":0}],"boss_relics":[{"not_picked":["Runic Dome","Snecko Eye"],"picked":"Philosopher\u0027s Stone"},{"not_picked":["Velvet Choker","Lizard Tail"],"picked":"Tiny House"}],"potions_floor_spawned":[1,13,16,18,22,30,33,35,38,46,48],"seed_played":"979871517116015710","ascension_level":0,"is_trial":false}