{"path_per_floor":["M","M","M","?","?","$","M","R","T","E","?","E","R","M","R","B",null,"M","?","M","?","M","E","R","M","T","M","R","E","M","M","R","B",null,"M","?","$","M"],"character_chosen":"THE_SILENT","items_purchased":[],"gold_per_floor":[109,124,138,138,88,13,33,33,109,141,117,147,147,162,162,264,264,274,274,286,201,212,245,245,256,304,323,323,356,371,390,390,486,516,534,534,434,447],"floor_reached":39,"campfire_rested":5,"playtime":4545,"current_hp_per_floor":[70,68,68,68,68,68,66,66,66,37,37,17,38,37,58,41,70,69,69,70,70,39,25,46,54,54,34,55,47,42,39,60,31,70,57,70,70,28],"items_purged":["Defend_G","Writhe"],"gold":447,"play_id":"0d2138b9-983a-44da-b72c-8be3189672a3","is_prod":false,"is_daily":false,"is_ascension_mode":true,"campfire_upgraded":1,"path_taken":["M","M","M","?","?","$","M","R","T","E","?","E","R","M","R","BOSS","M","?","?","?","M","E","R","M","T","M","R","E","M","M","R","BOSS","M","?","$","M","M"],"build_version":"2018-01-31-BETA2","purchased_purges":2,"victory":false,"master_deck":["Defend_G","Defend_G","Defend_G","Strike_G","Strike_G","Strike_G","Strike_G","Survivor","Neutralize","Envenom","Bane","Footwork+1","Noxious Fumes+1","Leg Sweep","Poisoned Stab+1","Bane+1","Catalyst+1","Noxious Fumes+1","Terror","Blur","Writhe"],"max_hp_per_floor":[70,70,70,70,70,70,70,70,70,70,70,70,70,70,70,70,70,70,70,70,70,70,70,70,70,70,70,70,70,70,70,70,70,70,70,70,70,70],"relics":["Ring of the Snake","Frozen Egg 2","Toolbox","Bird Faced Urn","Runic Pyramid","Ancient Tea Set","Dream Catcher","Omamori","Torii","Calling Bell","Molten Egg 2","Tiny Chest","Ornamental Fan"],"card_choices":[{"not_picked":["Dagger Spray","Slice"],"picked":"Bane"},{"not_picked":["Dagger Throw","PiercingWail"],"picked":"Footwork"},{"not_picked":["Heel Hook","Underhanded Strike"],"picked":"Noxious Fumes"},{"not_picked":["Acrobatics","Bane"],"picked":"Poisoned Stab"},{"not_picked":["Deflect","Riddle With Holes"],"picked":"Bane"},{"not_picked":["Dodge and Roll","Endless Agony"],"picked":"Catalyst"},{"not_picked":["Underhanded Strike","Outmaneuver"],"picked":"Noxious Fumes"},{"not_picked":["Dagger Spray","Infinite Blades"],"picked":"Terror"},{"not_picked":["Deadly Poison","Dodge and Roll"],"picked":"Blur"}],"player_experience":57443,"potions_floor_usage":[30,31,31,39],"damage_taken":[{"damage":0.0,"enemies":"Small Slimes","floor":1.0,"turns":4.0},{"damage":2.0,"enemies":"Blue Slaver","floor":2.0,"turns":7.0},{"damage":0.0,"enemies":"2 Louse","floor":3.0,"turns":4.0},{"damage":2.0,"enemies":"Exordium Thugs","floor":7.0,"turns":6.0},{"damage":29.0,"enemies":"3 Sentries","floor":10.0,"turns":6.0},{"damage":20.0,"enemies":"Lagavulin","floor":12.0,"turns":8.0},{"damage":5.0,"enemies":"Looter","floor":14.0,"turns":4.0},{"damage":27.0,"enemies":"Slime Boss","floor":16.0,"turns":10.0},{"damage":1.0,"enemies":"Spheric Guardian","floor":18.0,"turns":7.0},{"damage":0.0,"enemies":"3 Byrds","floor":20.0,"turns":7.0},{"damage":31.0,"enemies":"3 Cultists","floor":22.0,"turns":7.0},{"damage":20.0,"enemies":"Gremlin Leader","floor":23.0,"turns":7.0},{"damage":0.0,"enemies":"Cultist and Chosen","floor":25.0,"turns":6.0},{"damage":28,"enemies":"Centurion and Healer","floor":27,"turns":6},{"damage":18,"enemies":"Book of Stabbing","floor":29,"turns":7},{"damage":13,"enemies":"Snake Plant","floor":30,"turns":4},{"damage":15,"enemies":"Cultist and Chosen","floor":31,"turns":6},{"damage":37,"enemies":"Automaton","floor":33,"turns":8},{"damage":17,"enemies":"3 Shapes","floor":35,"turns":6},{"damage":48,"enemies":"3 Darklings","floor":38,"turns":7}],"event_choices":[{"event_name":"Upgrade Shrine","player_choice":"Upgraded","floor":4.0,"damage_taken":0.0},{"event_name":"The Cleric","player_choice":"Card Removal","floor":5.0,"damage_taken":0.0},{"event_name":"World of Goop","player_choice":"Left","floor":11.0,"damage_taken":0.0},{"event_name":"The Library","player_choice":"Read","floor":19.0,"damage_taken":0.0},{"event_name":"Addict","player_choice":"Obtained Relic","floor":21.0,"damage_taken":0.0},{"event_name":"Winding Halls","player_choice":"Writhe","floor":36,"damage_taken":0}],"boss_relics":[{"not_picked":["Black Star","Runic Dome"],"picked":"Calling Bell"}],"potions_floor_spawned":[2,3,14,18,23,29,30,38],"seed_played":"1502694710949496454","killed_by":"4 Shapes","ascension_level":1,"is_trial":false}