{"path_per_floor":["M","M","M","M","M","E","R","M","T","R","?","$","?","M","R","B",null,"M","T","?","$","?","R","M","E","T","M","$","M","?","M","R","B",null,"M","?","$","?","T","E","R","E","T","R","?","R","M","M","R","B"],"character_chosen":"THE_SILENT","items_purchased":["Bronze Scales","Noxious Fumes","Caltrops"],"gold_per_floor":[118,135,149,168,184,216,216,236,263,263,263,71,71,91,91,221,221,236,263,178,65,65,65,81,115,115,132,32,47,47,63,63,167,167,179,0,0,0,0,35,35,96,123,123,123,123,143,157,157,157],"floor_reached":51,"campfire_rested":5,"playtime":3922,"current_hp_per_floor":[70,70,68,68,68,26,47,45,45,66,70,70,53,45,66,36,70,65,65,65,65,65,65,42,26,26,31,31,28,28,27,48,17,70,33,33,33,33,33,38,59,58,63,63,63,63,68,70,70,39],"items_purged":["Leg Sweep","Outmaneuver"],"gold":157,"score":660,"play_id":"38a46721-fd5c-4ea4-9511-c2534f4c2378","is_prod":false,"is_daily":false,"is_ascension_mode":true,"campfire_upgraded":4,"path_taken":["M","M","M","?","M","E","R","M","T","R","?","$","?","M","R","BOSS","M","?","?","$","?","R","M","E","T","M","?","M","?","?","R","BOSS","M","?","$","?","?","E","R","E","T","R","?","R","M","?","R","BOSS"],"build_version":"2018-02-08-BETA1","purchased_purges":2,"victory":true,"master_deck":["Survivor","Neutralize","Leg Sweep","Blade Dance","Skewer","Caltrops","Quick Slash","Caltrops","Noxious Fumes+1","Night Terror+1","Leg Sweep","Poisoned Stab","Poisoned Stab","Calculated Gamble","Flying Knee","Dodge and Roll","Underhanded Strike","Caltrops","Prepared+1","Well Laid Plans","Dagger Throw","Heel Hook","Tools of the Trade","A Thousand Cuts+1","Dash+1"],"max_hp_per_floor":[70,70,70,70,70,70,70,70,70,70,70,70,70,70,70,70,70,70,70,70,70,70,70,70,70,70,70,70,70,70,70,70,70,70,70,70,70,70,70,70,70,70,70,70,70,70,70,70,70,70],"relics":["Sozu","Bag of Marbles","Pen Nib","Bronze Scales","Bloody Idol","Pandora\u0027s Box","Happy Flower","Ornamental Fan","Matryoshka","Vajra","Paper Crane","Snecko Eye","Red Mask","Ancient Tea Set","Calipers","Anchor","Tiny Chest","Snake Skull"],"card_choices":[{"not_picked":["Caltrops","Outmaneuver"],"picked":"Leg Sweep"},{"not_picked":["Deflect","Dagger Spray"],"picked":"Blade Dance"},{"not_picked":["Flying Knee","Outmaneuver"],"picked":"Skewer"},{"not_picked":["Endless Agony","Deadly Poison"],"picked":"Caltrops"},{"not_picked":["Deadly Poison","Bouncing Flask"],"picked":"Quick Slash"},{"not_picked":["Dagger Spray","Flechettes"],"picked":"Caltrops"},{"not_picked":["After Image","Die Die Die"],"picked":"Night Terror"},{"not_picked":["Flying Knee","Infinite Blades"],"picked":"Prepared"},{"not_picked":["PiercingWail","Endless Agony"],"picked":"Well Laid Plans"},{"not_picked":["Slice","PiercingWail"],"picked":"Dagger Throw"},{"not_picked":["Dagger Spray","Flechettes"],"picked":"Heel Hook"},{"not_picked":["Night Terror","Envenom"],"picked":"Tools of the Trade"},{"not_picked":["Choke","Calculated Gamble"],"picked":"A Thousand Cuts"},{"not_picked":["Footwork","Flying Knee"],"picked":"Dash"}],"player_experience":136389,"potions_floor_usage":[],"damage_taken":[{"damage":0,"enemies":"Blue Slaver","floor":1,"turns":6},{"damage":0,"enemies":"Cultist","floor":2,"turns":5},{"damage":2,"enemies":"Jaw Worm","floor":3,"turns":4},{"damage":0,"enemies":"2 Fungi Beasts","floor":4,"turns":3},{"damage":0,"enemies":"3 Louse","floor":5,"turns":5},{"damage":42,"enemies":"Lagavulin","floor":6,"turns":9},{"damage":2,"enemies":"Lots of Slimes","floor":8,"turns":4},{"damage":8,"enemies":"Looter","floor":14,"turns":2},{"damage":30,"enemies":"Slime Boss","floor":16,"turns":9},{"damage":5,"enemies":"Shell Parasite","floor":18,"turns":4},{"damage":33,"enemies":"2 Thieves","floor":24,"turns":4},{"damage":21,"enemies":"Book of Stabbing","floor":25,"turns":5},{"damage":0,"enemies":"Snake Plant","floor":27,"turns":3},{"damage":8,"enemies":"Centurion and Healer","floor":29,"turns":5},{"damage":6,"enemies":"Snecko","floor":31,"turns":3},{"damage":36,"enemies":"Collector","floor":33,"turns":9},{"damage":42,"enemies":"3 Darklings","floor":35,"turns":5},{"damage":0,"enemies":"Giant Head","floor":40,"turns":6},{"damage":11,"enemies":"Nemesis","floor":42,"turns":7},{"damage":0,"enemies":"Flame Bruiser 1 Orb","floor":47,"turns":4},{"damage":0,"enemies":"Sphere and 2 Shapes","floor":48,"turns":3},{"damage":31,"enemies":"Awakened One","floor":50,"turns":10}],"event_choices":[{"event_name":"Wheel of Change","player_choice":"Full Heal","floor":11,"damage_taken":0},{"event_name":"Golden Idol","player_choice":"Take Damage","floor":13,"damage_taken":0},{"event_name":"Addict","player_choice":"Obtained Relic","floor":20,"damage_taken":0},{"event_name":"Forgotten Altar","player_choice":"Gave Idol","floor":22,"damage_taken":0},{"event_name":"Beggar","player_choice":"Ignored","floor":30,"damage_taken":0},{"event_name":"Tomb of Lord Red Mask","player_choice":"Paid","floor":36,"damage_taken":0},{"event_name":"Purifier","player_choice":"One Purge","floor":38,"damage_taken":0},{"event_name":"The Woman in Blue","player_choice":"Bought 0 Potions","floor":45,"damage_taken":0}],"boss_relics":[{"not_picked":["Orrery","Philosopher\u0027s Stone"],"picked":"Pandora\u0027s Box"},{"not_picked":["Lizard Tail","Calling Bell"],"picked":"Snecko Eye"}],"potions_floor_spawned":[1,2,8,18,31,33,40,42,48],"seed_played":"1647259640917333365","ascension_level":4,"is_trial":false}