{"path_per_floor":["M","M","?","M","M","E","R","?","T","?","$","M","R","M","R","B",null,"M","M"],"character_chosen":"THE_SILENT","items_purchased":["Omamori"],"gold_per_floor":[115,132,132,150,165,196,196,271,271,271,45,61,61,75,75,171,171,185,200],"floor_reached":20,"campfire_rested":2,"playtime":1240,"current_hp_per_floor":[70,66,66,66,66,46,67,56,56,42,42,40,61,61,61,55,70,70,56],"items_purged":["Strike_G"],"gold":200,"score":211,"play_id":"d7af2a6e-4c30-46c8-b5f0-ba828f657e63","is_prod":false,"is_daily":false,"is_ascension_mode":true,"campfire_upgraded":0,"path_taken":["M","M","?","M","M","E","R","?","T","?","$","M","R","M","R","BOSS","M","M","M"],"build_version":"2018-02-08-BETA1","purchased_purges":2,"victory":false,"master_deck":["Defend_G","Defend_G","Defend_G","Defend_G","Strike_G","Survivor+1","Neutralize","Dagger Throw+1","Acrobatics","Expertise","Choke","Terror","Outmaneuver","After Image","Accuracy+1","Adrenaline+1","All Out Attack+1","Cloak And Dagger"],"max_hp_per_floor":[70,70,70,70,70,70,70,70,70,70,70,70,70,70,70,70,70,70,70],"relics":["Sozu","Art of War","Girya","Omamori","Astrolabe"],"card_choices":[{"not_picked":["Deflect","Flying Knee"],"picked":"Dagger Throw"},{"not_picked":["Flying Knee","Dagger Throw"],"picked":"Acrobatics"},{"not_picked":["Deflect","Sucker Punch"],"picked":"Expertise"},{"not_picked":["Sucker Punch","Blade Dance"],"picked":"Choke"},{"not_picked":["Poisoned Stab","All Out Attack"],"picked":"Terror"},{"not_picked":["Slice","Dodge and Roll"],"picked":"Outmaneuver"},{"not_picked":["Venomology","Unload"],"picked":"After Image"},{"not_picked":["Flying Knee","Heel Hook"],"picked":"Cloak And Dagger"}],"player_experience":132834,"potions_floor_usage":[],"damage_taken":[{"damage":0,"enemies":"Cultist","floor":1,"turns":4},{"damage":4,"enemies":"2 Louse","floor":2,"turns":3},{"damage":0,"enemies":"Blue Slaver","floor":4,"turns":5},{"damage":0,"enemies":"3 Louse","floor":5,"turns":6},{"damage":20,"enemies":"Lagavulin","floor":6,"turns":7},{"damage":2,"enemies":"Large Slime","floor":12,"turns":7},{"damage":0,"enemies":"Red Slaver","floor":14,"turns":4},{"damage":6,"enemies":"The Guardian","floor":16,"turns":12},{"damage":0,"enemies":"Shell Parasite","floor":18,"turns":2},{"damage":14,"enemies":"2 Thieves","floor":19,"turns":3},{"damage":57,"enemies":"Chosen and Byrds","floor":20,"turns":7}],"event_choices":[{"event_name":"Living Wall","player_choice":"Forget","floor":3,"damage_taken":0},{"event_name":"World of Goop","player_choice":"Gather Gold","floor":8,"damage_taken":0},{"event_name":"Shining Light","player_choice":"Entered Light","floor":10,"damage_taken":0}],"boss_relics":[{"not_picked":["Black Star","Philosopher\u0027s Stone"],"picked":"Astrolabe"}],"potions_floor_spawned":[5,6,19],"seed_played":"-8449976413610019403","killed_by":"Chosen and Byrds","ascension_level":4,"is_trial":false}