{"path_per_floor":["M","M","?","M","?","R","?","$","T","E","M","M","R","M","R","B",null,"M","M","M","?","?","R"],"character_chosen":"THE_SILENT","items_purchased":[],"gold_per_floor":[99,99,49,49,49,49,49,49,49,49,49,49,49,49,49,49,49,49,49,49,49,49,49],"floor_reached":24,"campfire_rested":2,"playtime":1350,"current_hp_per_floor":[60,60,60,60,46,46,46,46,46,35,34,33,54,54,54,50,65,35,21,5,5,5,19],"items_purged":[],"gold":49,"score":283,"play_id":"1fd46ed5-a10e-496e-8117-9e9e07d4a42a","is_prod":false,"is_daily":false,"is_ascension_mode":true,"campfire_upgraded":2,"path_taken":["M","M","?","?","?","R","?","?","T","E","M","M","R","M","R","BOSS","M","M","M","?","?","R","E"],"build_version":"2018-02-12-BETA1","purchased_purges":0,"victory":false,"master_deck":["Defend_G+1","Defend_G","Defend_G","Defend_G","Defend_G","Survivor","Neutralize+1","Calculated Gamble","Well Laid Plans","Quick Slash","A Thousand Cuts+1","Acrobatics","Footwork","Malaise","Blade Dance","Infinite Blades+1","Bite","Bite","Bite","Bite","Bite"],"max_hp_per_floor":[70,70,70,70,70,70,70,70,70,70,70,70,70,70,70,70,70,70,70,70,49,49,49],"relics":["Ectoplasm","Juzu Bracelet","Gremlin Horn","Philosopher\u0027s Stone"],"card_choices":[{"not_picked":["Deflect","Sucker Punch"],"picked":"Calculated Gamble"},{"not_picked":["Calculated Gamble","Bane"],"picked":"Well Laid Plans"},{"not_picked":["Accuracy","PiercingWail"],"picked":"Quick Slash"},{"not_picked":["Dagger Throw","Blade Dance"],"picked":"A Thousand Cuts"},{"not_picked":["Bouncing Flask","Deflect"],"picked":"Acrobatics"},{"not_picked":["Night Terror","Backflip"],"picked":"Footwork"},{"not_picked":["Underhanded Strike","Quick Slash"],"picked":"Malaise"},{"not_picked":["PiercingWail","Catalyst"],"picked":"Blade Dance"},{"not_picked":["Endless Agony","Predator"],"picked":"Infinite Blades"}],"player_experience":167968,"potions_floor_usage":[10,16,16,19,24],"damage_taken":[{"damage":3,"enemies":"2 Louse","floor":1,"turns":3},{"damage":0,"enemies":"Small Slimes","floor":2,"turns":3},{"damage":0,"enemies":"Cultist","floor":4,"turns":6},{"damage":11,"enemies":"3 Sentries","floor":10,"turns":9},{"damage":1,"enemies":"Red Slaver","floor":11,"turns":5},{"damage":1,"enemies":"Blue Slaver","floor":12,"turns":3},{"damage":0,"enemies":"Exordium Wildlife","floor":14,"turns":3},{"damage":4,"enemies":"Slime Boss","floor":16,"turns":9},{"damage":30,"enemies":"3 Byrds","floor":18,"turns":3},{"damage":14,"enemies":"Chosen","floor":19,"turns":7},{"damage":16,"enemies":"Snecko","floor":20,"turns":8},{"damage":28,"enemies":"Book of Stabbing","floor":24,"turns":3}],"event_choices":[{"event_name":"The Cleric","player_choice":"Card Removal","floor":3,"damage_taken":0},{"event_name":"Shining Light","player_choice":"Entered Light","floor":5,"damage_taken":0},{"event_name":"Golden Shrine","player_choice":"Pray","floor":7,"damage_taken":0},{"event_name":"Vampires","player_choice":"Became a vampire","floor":21,"damage_taken":0},{"event_name":"Cursed Tome","player_choice":"Ignored","floor":22,"damage_taken":0}],"boss_relics":[{"not_picked":["Runic Pyramid","Calling Bell"],"picked":"Philosopher\u0027s Stone"}],"potions_floor_spawned":[1,4,11,12,18],"seed_played":"-2129233168038583503","killed_by":"Book of Stabbing","ascension_level":6,"is_trial":false}