{"path_per_floor":["M","?","M","M","?","R","E","R","T","?","M","?","M","M","R","B",null,"M","?","M","M","M","R","M","M","T","R","M","?","$","?","R","B",null,"M","M","M","T","?","R","M","R","T","M","?","E","M","?","R"],"character_chosen":"THE_SILENT","items_purchased":[],"gold_per_floor":[99,99,99,99,99,99,99,99,99,99,99,99,99,99,99,99,99,99,99,99,99,99,99,99,99,99,99,99,99,99,0,0,0,0,0,0,0,0,0,0,0,0,0,0,0,0,0,0,0],"floor_reached":50,"campfire_rested":6,"playtime":2898,"current_hp_per_floor":[66,66,66,66,66,66,54,54,54,54,54,54,54,54,54,54,66,53,53,42,42,31,52,52,28,28,49,36,36,36,36,57,57,67,55,55,13,13,13,34,33,54,54,54,54,43,30,30,51],"items_purged":[],"gold":0,"score":660,"play_id":"c8a75369-b7e3-4505-8d2e-4c086fbc31dc","is_prod":false,"is_daily":false,"is_ascension_mode":true,"campfire_upgraded":3,"path_taken":["M","?","?","M","?","R","E","R","T","?","M","?","M","M","R","BOSS","M","?","?","M","M","R","M","M","T","R","M","?","?","?","R","BOSS","M","M","M","?","?","R","M","R","T","M","?","E","M","?","R","BOSS"],"build_version":"2018-02-08-BETA1","purchased_purges":0,"victory":false,"master_deck":["Survivor","Neutralize+1","Expertise","Quick Slash","A Thousand Cuts+1","Crippling Poison+1","Tools of the Trade+1","Infinite Blades","Unload","Blade Dance","Flying Knee","Slice","Cloak And Dagger","Acrobatics","Flying Knee","Poisoned Stab","Well Laid Plans","PiercingWail+1","Noxious Fumes+1","Deflect","Slice","Blur","Malaise","Predator+1","Deflect","Terror"],"max_hp_per_floor":[70,70,70,70,70,70,70,70,70,70,70,70,70,70,70,70,70,70,70,70,70,70,70,70,70,70,70,70,70,70,70,70,70,70,70,70,70,70,70,70,70,70,70,70,70,70,70,70,70],"relics":["Ectoplasm","Anchor","Mercury Hourglass","Pandora\u0027s Box","Bag of Marbles","Sozu","Juzu Bracelet","Smiling Mask","Red Mask","Du-Vu Doll"],"card_choices":[{"not_picked":["Prepared","Flying Knee"],"picked":"Expertise"},{"not_picked":["Sucker Punch","Slice"],"picked":"Quick Slash"},{"not_picked":["Deadly Poison","Cloak And Dagger"],"picked":"A Thousand Cuts"},{"not_picked":["Sucker Punch","Quick Slash"],"picked":"Crippling Poison"},{"not_picked":["Outmaneuver","Deflect"],"picked":"Tools of the Trade"},{"not_picked":["Bane","Dagger Spray"],"picked":"Infinite Blades"},{"not_picked":["Corpse Explosion","Storm of Steel"],"picked":"Unload"},{"not_picked":["Caltrops","Heel Hook"],"picked":"Well Laid Plans"},{"not_picked":["Sucker Punch","Endless Agony"],"picked":"PiercingWail"},{"not_picked":["Distraction","Malaise"],"picked":"Noxious Fumes"},{"not_picked":["Masterful Stab","Deadly Poison"],"picked":"Deflect"},{"not_picked":["Sucker Punch","Acrobatics"],"picked":"Slice"},{"not_picked":["Quick Slash","Bane"],"picked":"Blur"},{"not_picked":["Sucker Punch","Eviscerate"],"picked":"Malaise"},{"not_picked":["Underhanded Strike","Outmaneuver"],"picked":"Predator"},{"not_picked":["Acrobatics","Masterful Stab"],"picked":"Deflect"},{"not_picked":["Dash","Sucker Punch"],"picked":"Terror"}],"player_experience":143904,"potions_floor_usage":[7,16,18,28,33],"damage_taken":[{"damage":4,"enemies":"Small Slimes","floor":1,"turns":5},{"damage":0,"enemies":"Jaw Worm","floor":3,"turns":5},{"damage":0,"enemies":"Blue Slaver","floor":4,"turns":4},{"damage":12,"enemies":"Lagavulin","floor":7,"turns":6},{"damage":0,"enemies":"3 Louse","floor":11,"turns":2},{"damage":0,"enemies":"Gremlin Gang","floor":13,"turns":2},{"damage":0,"enemies":"2 Fungi Beasts","floor":14,"turns":3},{"damage":0,"enemies":"Slime Boss","floor":16,"turns":6},{"damage":13,"enemies":"Shell Parasite","floor":18,"turns":3},{"damage":11,"enemies":"Spheric Guardian","floor":20,"turns":3},{"damage":0,"enemies":"Snake Plant","floor":21,"turns":3},{"damage":11,"enemies":"Centurion and Healer","floor":22,"turns":5},{"damage":0,"enemies":"3 Cultists","floor":24,"turns":3},{"damage":24,"enemies":"Sentry and Sphere","floor":25,"turns":4},{"damage":13,"enemies":"Slaver and Parasite","floor":28,"turns":4},{"damage":0,"enemies":"Champ","floor":33,"turns":9},{"damage":12,"enemies":"Flame Bruiser 1 Orb","floor":35,"turns":4},{"damage":0,"enemies":"Orb Walker","floor":36,"turns":3},{"damage":42,"enemies":"4 Shapes","floor":37,"turns":6},{"damage":1,"enemies":"Spire Growth","floor":41,"turns":4},{"damage":0,"enemies":"Flame Bruiser 2 Orb","floor":44,"turns":4},{"damage":11,"enemies":"Nemesis","floor":46,"turns":7},{"damage":13,"enemies":"Sphere and 2 Shapes","floor":47,"turns":5},{"damage":56,"enemies":"Time Eater","floor":50,"turns":5}],"event_choices":[{"event_name":"Living Wall","player_choice":"Forget","floor":2,"damage_taken":0},{"event_name":"Purifier","player_choice":"One Purge","floor":5,"damage_taken":0},{"event_name":"Golden Shrine","player_choice":"Pray","floor":10,"damage_taken":0},{"event_name":"Upgrade Shrine","player_choice":"Upgraded","floor":12,"damage_taken":0},{"event_name":"Vampires","player_choice":"Ignored","floor":19,"damage_taken":0},{"event_name":"Drug Dealer","player_choice":"Ignored","floor":29,"damage_taken":0},{"event_name":"Masked Bandits","player_choice":"Paid Bandits 99 gold","floor":31,"damage_taken":0},{"event_name":"Purifier","player_choice":"One Purge","floor":39,"damage_taken":0},{"event_name":"Tomb of Lord Red Mask","player_choice":"Paid","floor":45,"damage_taken":0},{"event_name":"Mysterious Sphere","player_choice":"Ignore","floor":48,"damage_taken":0}],"boss_relics":[{"not_picked":["Runic Dome","Tiny House"],"picked":"Pandora\u0027s Box"},{"not_picked":["Orrery","Eternal Feather"],"picked":"Sozu"}],"potions_floor_spawned":[4,11,13,20,22,28,46,47],"seed_played":"-1956181500071956720","killed_by":"Time Eater","ascension_level":5,"is_trial":false}