{"path_per_floor":["M","?","$","M","?","R","?","M","T","R","M","$","E","M","R","B",null,"M","M","M","T","M","E","R","M","T","M","R","?","R","M","R","B",null,"M","M","?","?","M","R","$","R","T","R","M","M","?","?","R","B"],"character_chosen":"THE_SILENT","items_purchased":["Vajra","Singing Bowl","Snake Skull","Calipers","Ginger","Dexterity Potion"],"gold_per_floor":[362,362,144,163,113,113,213,224,304,304,315,61,88,104,104,205,205,225,190,208,232,247,272,272,284,284,295,295,295,295,314,314,413,413,432,449,449,796,813,813,24,24,24,24,42,52,52,0,0,0],"floor_reached":51,"campfire_rested":4,"playtime":5015,"current_hp_per_floor":[70,56,56,56,56,56,56,52,52,70,65,65,50,52,72,72,78,71,71,78,78,68,68,68,69,69,53,53,53,53,55,80,79,84,84,76,65,65,67,67,67,67,67,67,67,69,69,69,92,91],"items_purged":["Injury","Strike_G"],"gold":0,"score":730,"play_id":"1fa67e86-70f6-466a-9973-5e497a2c9a07","is_prod":false,"is_daily":false,"is_ascension_mode":true,"campfire_upgraded":1,"path_taken":["M","?","$","M","?","R","?","?","T","R","M","?","E","M","R","BOSS","M","M","?","?","M","E","R","M","T","M","R","?","R","M","R","BOSS","M","M","?","?","M","R","$","R","T","R","M","M","?","?","R","BOSS"],"build_version":"2018-02-08-BETA1","purchased_purges":4,"victory":true,"master_deck":["Defend_G+1","Defend_G","Defend_G+1","Defend_G","Defend_G","Strike_G","Strike_G","Survivor","Neutralize+1","Calculated Gamble","Dagger Throw","Tools of the Trade","Adrenaline","Footwork","Blur","Backflip+1","Adrenaline","Outmaneuver+1","Noxious Fumes+1","Well Laid Plans","Burst","Acrobatics+1","Madness","Madness","Expertise+1","Flechettes"],"max_hp_per_floor":[70,70,70,70,70,70,70,70,70,70,70,70,70,72,72,72,78,78,80,80,80,80,80,80,82,82,84,84,84,84,86,86,86,86,86,88,88,88,90,90,90,90,90,90,90,92,92,92,92,92],"relics":["Ring of the Snake","Vajra","Mercury Hourglass","Singing Bowl","Shovel","Orrery","Oddly Smooth Stone","Ancient Tea Set","Torii","Dead Branch","Tough Bandages","Juzu Bracelet","White Beast Statue","Old Coin","Paper Crane","Snake Skull","Calipers","Ginger","Smiling Mask","Tingsha","Kunai","Red Mask"],"card_choices":[{"not_picked":["Bane","Deflect"],"picked":"Calculated Gamble"},{"not_picked":["All Out Attack","Dodge and Roll"],"picked":"Well Laid Plans"},{"not_picked":["PiercingWail","Deflect"],"picked":"Dagger Throw"},{"not_picked":["Setup","Noxious Fumes"],"picked":"Tools of the Trade"},{"not_picked":["Tactician","A Thousand Cuts"],"picked":"Adrenaline"},{"not_picked":["PiercingWail","Dagger Throw"],"picked":"Footwork"},{"not_picked":["Infinite Blades","Flechettes"],"picked":"Blur"},{"not_picked":["Quick Slash","Caltrops"],"picked":"Backflip"},{"not_picked":["Acrobatics","Endless Agony"],"picked":"Adrenaline"},{"not_picked":["Poisoned Stab","Prepared"],"picked":"Outmaneuver"},{"not_picked":["Slice","Dash"],"picked":"Noxious Fumes"},{"not_picked":["Unload","Night Terror"],"picked":"Burst"},{"not_picked":["Cloak And Dagger","Quick Slash"],"picked":"Acrobatics"},{"not_picked":["Poisoned Stab","Acrobatics"],"picked":"Expertise"},{"not_picked":["Caltrops","Cloak And Dagger"],"picked":"Flechettes"}],"player_experience":159377,"potions_floor_usage":[16,18,19,20,20,23,27,36,36,38,46,50,50],"damage_taken":[{"damage":0,"enemies":"Cultist","floor":1,"turns":6},{"damage":0,"enemies":"2 Louse","floor":4,"turns":3},{"damage":4,"enemies":"Small Slimes","floor":8,"turns":4},{"damage":5,"enemies":"3 Louse","floor":11,"turns":3},{"damage":15,"enemies":"Lagavulin","floor":13,"turns":6},{"damage":0,"enemies":"Looter","floor":14,"turns":3},{"damage":0,"enemies":"The Guardian","floor":16,"turns":13},{"damage":7,"enemies":"Chosen","floor":18,"turns":6},{"damage":2,"enemies":"2 Thieves","floor":19,"turns":5},{"damage":6,"enemies":"Snake Plant","floor":20,"turns":7},{"damage":10,"enemies":"Centurion and Healer","floor":22,"turns":14},{"damage":0,"enemies":"Book of Stabbing","floor":23,"turns":8},{"damage":1,"enemies":"3 Cultists","floor":25,"turns":5},{"damage":18,"enemies":"Chosen and Byrds","floor":27,"turns":6},{"damage":0,"enemies":"Sentry and Sphere","floor":31,"turns":3},{"damage":1,"enemies":"Collector","floor":33,"turns":12},{"damage":0,"enemies":"Orb Walker","floor":35,"turns":5},{"damage":10,"enemies":"3 Darklings","floor":36,"turns":7},{"damage":0,"enemies":"Mysterious Sphere","floor":38,"turns":5},{"damage":0,"enemies":"Flame Bruiser 2 Orb","floor":39,"turns":6},{"damage":0,"enemies":"Spire Growth","floor":45,"turns":6},{"damage":0,"enemies":"Maw","floor":46,"turns":5},{"damage":1,"enemies":"Time Eater","floor":50,"turns":14}],"event_choices":[{"event_name":"Shining Light","player_choice":"Entered Light","floor":2,"damage_taken":0},{"event_name":"The Cleric","player_choice":"Card Removal","floor":5,"damage_taken":0},{"event_name":"Golden Shrine","player_choice":"Pray","floor":7,"damage_taken":0},{"event_name":"Transmorgrifier","player_choice":"Transform","floor":29,"damage_taken":0},{"event_name":"Winding Halls","player_choice":"Embrace Madness","floor":37,"damage_taken":0},{"event_name":"Mysterious Sphere","player_choice":"Fight","floor":38,"damage_taken":0},{"event_name":"Tomb of Lord Red Mask","player_choice":"Paid","floor":48,"damage_taken":0}],"boss_relics":[{"not_picked":["Ectoplasm","Lizard Tail"],"picked":"Orrery"},{"not_picked":["Velvet Choker","Tiny House"],"picked":"White Beast Statue"}],"potions_floor_spawned":[11,14,16,18,19,20,23,33,35,36,38,39,45,46],"seed_played":"-1711039852219620544","ascension_level":5,"is_trial":false}