{"path_per_floor":["M","?","M","$","?","E","R","E","T","E","M","M","M","?","R","B",null,"M","M","?","?","M","R","E","M","T","R","?","E","?","M","R"],"character_chosen":"THE_SILENT","items_purchased":[],"gold_per_floor":[114,189,203,128,128,159,159,189,189,221,235,246,260,260,260,362,362,380,398,398,398,415,415,443,462,515,515,515,543,543,558,558],"floor_reached":33,"campfire_rested":2,"playtime":2404,"current_hp_per_floor":[70,59,59,59,59,59,59,34,34,30,30,30,30,16,37,48,65,65,65,65,65,55,55,34,31,31,52,70,70,70,60,60],"items_purged":["Strike_G"],"gold":558,"score":444,"play_id":"4261abff-66a9-48ba-b2e9-192333e594cb","is_prod":false,"is_daily":false,"is_ascension_mode":true,"campfire_upgraded":3,"path_taken":["M","?","?","$","?","E","R","E","T","E","M","M","?","?","R","BOSS","M","M","?","?","M","R","E","?","T","R","?","E","?","M","R","BOSS"],"build_version":"2018-02-08-BETA1","purchased_purges":1,"victory":false,"master_deck":["Defend_G","Defend_G","Defend_G","Defend_G","Defend_G","Strike_G","Strike_G+1","Survivor","Neutralize","Well Laid Plans+1","Flying Knee","Storm of Steel+1","Dash","Blur","Dagger Spray","Malaise+1","Tactician+1","Cloak And Dagger+1","Skewer+1","Backstab+1","Quick Slash","Prepared+1","Backflip+1"],"max_hp_per_floor":[70,70,70,70,70,70,70,70,70,70,70,70,70,70,70,70,70,70,70,70,70,70,70,70,70,70,70,70,70,70,70,70],"relics":["Ring of the Snake","NeowsBlessing","Bag of Preparation","Vajra","Frozen Eye","Ice Cream","Philosopher\u0027s Stone","Pen Nib","Tiny Chest","Mummified Hand"],"card_choices":[{"not_picked":["Flying Knee","Bane"],"picked":"Well Laid Plans"},{"not_picked":["Deflect","All Out Attack"],"picked":"Flying Knee"},{"not_picked":["Poisoned Stab","Distraction"],"picked":"Storm of Steel"},{"not_picked":["Venomology","Deadly Poison"],"picked":"Dash"},{"not_picked":["Dagger Throw","Flechettes"],"picked":"Blur"},{"not_picked":["Sucker Punch","Poisoned Stab"],"picked":"Dagger Spray"},{"not_picked":["Blade Dance","Bouncing Flask"],"picked":"Malaise"},{"not_picked":["Phantasmal Killer","Burst"],"picked":"Tactician"},{"not_picked":["Outmaneuver","Malaise"],"picked":"Cloak And Dagger"},{"not_picked":["Poisoned Stab","Backflip"],"picked":"Skewer"},{"not_picked":["Dodge and Roll","Flying Knee"],"picked":"Backstab"},{"not_picked":["Bane","Dash"],"picked":"Quick Slash"},{"not_picked":["Slice","Backstab"],"picked":"Prepared"},{"not_picked":["Heel Hook","PiercingWail"],"picked":"Backflip"}],"player_experience":151485,"potions_floor_usage":[],"damage_taken":[{"damage":0.0,"enemies":"Jaw Worm","floor":1.0,"turns":1.0},{"damage":0.0,"enemies":"Small Slimes","floor":3.0,"turns":1.0},{"damage":0.0,"enemies":"Lagavulin","floor":6.0,"turns":1.0},{"damage":25.0,"enemies":"Gremlin Nob","floor":8.0,"turns":4.0},{"damage":4.0,"enemies":"3 Sentries","floor":10.0,"turns":6.0},{"damage":0.0,"enemies":"2 Louse","floor":11.0,"turns":1.0},{"damage":0.0,"enemies":"Lots of Slimes","floor":12.0,"turns":1.0},{"damage":0.0,"enemies":"Looter","floor":13.0,"turns":1.0},{"damage":4.0,"enemies":"Hexaghost","floor":16.0,"turns":15.0},{"damage":0.0,"enemies":"Chosen","floor":18.0,"turns":7.0},{"damage":0.0,"enemies":"Shell Parasite","floor":19.0,"turns":6.0},{"damage":10.0,"enemies":"Cultist and Chosen","floor":22.0,"turns":6.0},{"damage":21.0,"enemies":"Slavers","floor":24.0,"turns":4.0},{"damage":3.0,"enemies":"Snake Plant","floor":25.0,"turns":4.0},{"damage":0.0,"enemies":"Book of Stabbing","floor":29.0,"turns":5.0},{"damage":10.0,"enemies":"Centurion and Healer","floor":31.0,"turns":4.0},{"damage":76,"enemies":"Champ","floor":33,"turns":16}],"event_choices":[{"event_name":"World of Goop","player_choice":"Gather Gold","floor":2.0,"damage_taken":0.0},{"event_name":"Living Wall","player_choice":"Forget","floor":5.0,"damage_taken":0.0},{"event_name":"Shining Light","player_choice":"Entered Light","floor":14.0,"damage_taken":0.0},{"event_name":"Upgrade Shrine","player_choice":"Upgraded","floor":20.0,"damage_taken":0.0},{"event_name":"Bonfire Elementals","player_choice":"BASIC","floor":21.0,"damage_taken":0.0},{"event_name":"The Library","player_choice":"Heal","floor":28.0,"damage_taken":0.0},{"event_name":"Vampires","player_choice":"Ignored","floor":30.0,"damage_taken":0.0}],"boss_relics":[],"potions_floor_spawned":[6,10,12,13,18,25],"seed_played":"-4747054669706135509","killed_by":"Champ","ascension_level":5,"is_trial":false}