{"path_per_floor":["M","M","?","?","?","R","M","R","T","M","R","M","M","M","R","B",null,"M","M","?","M","$","R","M","R","T","R","M","$","?","M","R","B",null,"M","M","?","?","M"],"character_chosen":"THE_SILENT","items_purchased":["Happy Flower"],"gold_per_floor":[112,128,78,78,78,78,97,97,120,140,140,153,166,185,185,280,280,294,309,309,328,109,109,129,129,206,206,224,124,124,143,143,239,239,255,267,267,312,326,326],"floor_reached":40,"campfire_rested":1,"playtime":3127,"current_hp_per_floor":[63,63,63,56,56,56,55,55,55,43,64,64,64,64,64,55,66,66,66,35,34,34,34,34,34,34,34,34,34,34,34,34,34,35,34,34,30,35,30,0],"items_purged":["Defend_G","Strike_G"],"gold":326,"score":666,"play_id":"c05bab2a-2180-4d43-9093-ba73fdfbb0b5","local_time":"20180325100050","is_prod":false,"is_daily":false,"is_ascension_mode":true,"campfire_upgraded":7,"timestamp":1521986450,"path_taken":["M","M","?","?","?","R","M","R","T","?","R","M","M","M","R","BOSS","M","M","?","M","$","R","M","R","T","R","M","?","?","M","R","BOSS","M","M","?","?","?","M"],"build_version":"2018-03-23","purchased_purges":2,"victory":false,"master_deck":["Defend_G","Defend_G","Defend_G","Strike_G","Survivor","Neutralize+1","Backflip+1","Dagger Throw","Dagger Spray","Footwork+1","Crippling Poison+1","Adrenaline+1","Noxious Fumes+1","Blur","Terror+1","Acrobatics","Dash+1","Catalyst+1","Ghostly","Ghostly","Ghostly","Ghostly","Ghostly","Adrenaline","Madness","Madness","Well Laid Plans+1","Malaise+1"],"max_hp_per_floor":[70,70,70,70,70,70,70,70,70,70,70,70,70,70,70,70,70,70,70,35,35,35,35,35,35,35,35,35,35,35,35,35,35,35,35,35,35,49,49,49],"relics":["Ring of the Snake","Snake Skull","Orrery","Happy Flower","Gremlin Horn","Tingsha","Sozu","Mango"],"card_choices":[{"not_picked":["Sucker Punch","Dash"],"picked":"Backflip","floor":1},{"not_picked":["Sucker Punch","Underhanded Strike"],"picked":"Dagger Throw","floor":2},{"not_picked":["Poisoned Stab","Underhanded Strike"],"picked":"Dagger Spray","floor":7},{"not_picked":["Quick Slash","Dagger Spray"],"picked":"Footwork","floor":12},{"not_picked":["Concentrate","Deadly Poison"],"picked":"Crippling Poison","floor":13},{"not_picked":["Venomology","Bullet Time"],"picked":"Adrenaline","floor":16},{"not_picked":["Distraction","Dodge and Roll"],"picked":"Noxious Fumes","floor":17},{"not_picked":["Footwork","Backflip"],"picked":"Blur","floor":17},{"not_picked":["Finisher","Cloak And Dagger"],"picked":"Terror","floor":17},{"not_picked":["Dagger Throw","Infinite Blades"],"picked":"Acrobatics","floor":17},{"not_picked":["Flying Knee","Distraction"],"picked":"Dash","floor":18},{"not_picked":["Poisoned Stab","PiercingWail"],"picked":"Catalyst","floor":19},{"not_picked":["Corpse Explosion","A Thousand Cuts"],"picked":"Adrenaline","floor":33},{"not_picked":["Terror","PiercingWail"],"picked":"Well Laid Plans","floor":38},{"not_picked":["Concentrate","Masterful Stab"],"picked":"Malaise","floor":39}],"player_experience":207973,"potions_floor_usage":[16,19,28,33,39,39],"damage_taken":[{"damage":0,"enemies":"Small Slimes","floor":1,"turns":5},{"damage":0,"enemies":"Jaw Worm","floor":2,"turns":6},{"damage":1,"enemies":"2 Louse","floor":7,"turns":3},{"damage":12,"enemies":"Lots of Slimes","floor":10,"turns":2},{"damage":0,"enemies":"2 Fungi Beasts","floor":12,"turns":4},{"damage":0,"enemies":"Large Slime","floor":13,"turns":5},{"damage":0,"enemies":"Exordium Wildlife","floor":14,"turns":4},{"damage":9,"enemies":"The Guardian","floor":16,"turns":16},{"damage":0,"enemies":"3 Byrds","floor":18,"turns":5},{"damage":0,"enemies":"Chosen","floor":19,"turns":6},{"damage":1,"enemies":"Centurion and Healer","floor":21,"turns":9},{"damage":0,"enemies":"Snecko","floor":24,"turns":5},{"damage":0,"enemies":"Snake Plant","floor":28,"turns":5},{"damage":0,"enemies":"3 Cultists","floor":31,"turns":6},{"damage":0,"enemies":"Automaton","floor":33,"turns":11},{"damage":1,"enemies":"Orb Walker","floor":35,"turns":4},{"damage":0,"enemies":"3 Darklings","floor":36,"turns":5},{"damage":9,"enemies":"Mysterious Sphere","floor":38,"turns":8},{"damage":5,"enemies":"Flame Bruiser 2 Orb","floor":39,"turns":7},{"damage":48,"enemies":"4 Shapes","floor":40,"turns":3}],"event_choices":[{"event_name":"The Cleric","player_choice":"Card Removal","floor":3,"damage_taken":0},{"event_name":"Golden Wing","player_choice":"Card Removal","floor":4,"damage_taken":0},{"event_name":"Living Wall","player_choice":"Forget","floor":5,"damage_taken":0},{"event_name":"Ghosts","player_choice":"Became a Ghost","floor":20,"damage_taken":0},{"event_name":"The Mausoleum","player_choice":"Yes","floor":30,"damage_taken":0},{"event_name":"Winding Halls","player_choice":"Embrace Madness","floor":37,"damage_taken":0},{"event_name":"Mysterious Sphere","player_choice":"Fight","floor":38,"damage_taken":0}],"boss_relics":[{"not_picked":["Calling Bell","Velvet Choker"],"picked":"Orrery"},{"not_picked":["Astrolabe","Runic Dome"],"picked":"Sozu"}],"potions_floor_spawned":[1,7,12,14,18,24,28,33,36,38,39],"seed_played":"-6883888246699037715","killed_by":"4 Shapes","ascension_level":8,"is_trial":false}