{"path_per_floor":["M","?","$","?","M","R","M","T","T","M","E","R","M","M","R","B",null,"M","?","?","?","M","R","E","R","T","M","R","M","M","M","R","B",null,"M","?","M","?","?","R","M","M","T","R","T","M","?","$","R"],"character_chosen":"THE_SILENT","items_purchased":["Leg Sweep","Dash","Master of Strategy","Bottled Tornado"],"gold_per_floor":[114,114,39,39,59,59,78,102,102,121,151,151,165,178,178,276,276,293,293,293,293,311,311,342,342,367,387,387,397,417,427,427,524,524,539,539,559,559,559,559,573,587,587,587,587,597,697,36,36,36],"floor_reached":50,"campfire_rested":6,"playtime":3228,"current_hp_per_floor":[62,62,62,62,62,62,62,62,62,62,56,56,40,39,60,54,66,60,60,60,60,60,60,10,33,33,15,38,38,38,28,51,2,58,54,54,48,67,67,67,45,25,25,48,62,23,23,23,50,0],"items_purged":["Regret","Writhe"],"gold":36,"score":700,"play_id":"dd14bde0-36e7-420c-823a-4a3e8c96a0a8","local_time":"20180325084603","is_prod":false,"is_daily":false,"is_ascension_mode":true,"campfire_upgraded":4,"timestamp":1521981963,"path_taken":["M","?","$","?","?","R","M","?","T","M","E","R","M","M","R","BOSS","M","?","?","?","?","R","E","R","T","M","R","M","M","M","R","BOSS","M","?","M","?","?","R","?","M","T","R","?","M","?","?","R","BOSS"],"build_version":"2018-03-23","purchased_purges":2,"victory":false,"master_deck":["Defend_G","Defend_G+1","Defend_G","Defend_G","Survivor+1","Neutralize+1","Bouncing Flask+1","Outmaneuver","Calculated Gamble+1","Bane","Leg Sweep","Dagger Throw","Tactician","Footwork+1","Noxious Fumes+1","Terror","Quick Slash+1","Expertise","Deadly Poison+1","Bullet Time+1","Riddle With Holes+1","Prepared+1","Footwork","Sucker Punch+1","Leg Sweep","Dash","Master of Strategy"],"max_hp_per_floor":[70,70,70,70,70,70,70,70,70,70,70,70,70,70,70,70,70,70,70,70,70,70,70,77,77,77,77,77,77,77,77,77,77,77,77,77,77,77,77,77,77,77,77,77,91,91,91,91,91,91],"relics":["Ring of the Snake","Lantern","Letter Opener","Pen Nib","Calipers","War Paint","Sozu","Strawberry","Orichalcum","Astrolabe","Kunai","Mango","Bottled Tornado"],"card_choices":[{"not_picked":["Endless Agony","Riddle With Holes"],"picked":"Bouncing Flask","floor":1},{"not_picked":["Backstab","Choke"],"picked":"Outmaneuver","floor":5},{"not_picked":["Prepared","Blade Dance"],"picked":"Calculated Gamble","floor":7},{"not_picked":["Prepared","Calculated Gamble"],"picked":"Bane","floor":10},{"not_picked":["Cloak And Dagger","Choke"],"picked":"Leg Sweep","floor":13},{"not_picked":["Cloak And Dagger","Quick Slash"],"picked":"Dagger Throw","floor":14},{"not_picked":["Envenom","Adrenaline"],"picked":"Tactician","floor":16},{"not_picked":["Calculated Gamble","Accuracy"],"picked":"Footwork","floor":18},{"not_picked":["Bouncing Flask","Reflex"],"picked":"Terror","floor":22},{"not_picked":["Flying Knee","Sucker Punch"],"picked":"Quick Slash","floor":24},{"not_picked":["Dagger Throw","Bouncing Flask"],"picked":"Expertise","floor":29},{"not_picked":["Flying Knee","Infinite Blades"],"picked":"Deadly Poison","floor":30},{"not_picked":["Dagger Spray","Cloak And Dagger"],"picked":"Footwork","floor":37},{"not_picked":["Slice","PiercingWail"],"picked":"Sucker Punch","floor":41}],"player_experience":204745,"potions_floor_usage":[11,11,16,18],"damage_taken":[{"damage":1,"enemies":"Jaw Worm","floor":1,"turns":6},{"damage":0,"enemies":"Small Slimes","floor":5,"turns":5},{"damage":0,"enemies":"Cultist","floor":7,"turns":3},{"damage":0,"enemies":"2 Fungi Beasts","floor":10,"turns":3},{"damage":6,"enemies":"3 Sentries","floor":11,"turns":7},{"damage":16,"enemies":"Gremlin Gang","floor":13,"turns":9},{"damage":1,"enemies":"3 Louse","floor":14,"turns":3},{"damage":21,"enemies":"Hexaghost","floor":16,"turns":8},{"damage":6,"enemies":"Chosen","floor":18,"turns":4},{"damage":0,"enemies":"Shell Parasite","floor":22,"turns":5},{"damage":57,"enemies":"Gremlin Leader","floor":24,"turns":9},{"damage":18,"enemies":"3 Cultists","floor":27,"turns":6},{"damage":0,"enemies":"Cultist and Chosen","floor":29,"turns":5},{"damage":0,"enemies":"Snecko","floor":30,"turns":5},{"damage":10,"enemies":"Snake Plant","floor":31,"turns":5},{"damage":49,"enemies":"Collector","floor":33,"turns":8},{"damage":4,"enemies":"Orb Walker","floor":35,"turns":3},{"damage":6,"enemies":"3 Darklings","floor":37,"turns":5},{"damage":22,"enemies":"Sphere and 2 Shapes","floor":41,"turns":9},{"damage":20,"enemies":"Spire Growth","floor":42,"turns":5},{"damage":39,"enemies":"Flame Bruiser 2 Orb","floor":46,"turns":7},{"damage":68,"enemies":"Donu and Deca","floor":50,"turns":10}],"event_choices":[{"event_name":"Big Fish","player_choice":"Box","floor":2,"damage_taken":0},{"event_name":"Wheel of Change","player_choice":"Relic","floor":4,"damage_taken":0},{"event_name":"Bonfire Elementals","player_choice":"BASIC","floor":19,"damage_taken":0},{"event_name":"Accursed Blacksmith","player_choice":"Ignore","floor":20,"damage_taken":0},{"event_name":"The Library","player_choice":"Read","floor":21,"damage_taken":0},{"event_name":"The Woman in Blue","player_choice":"Bought 0 Potions","floor":36,"damage_taken":0},{"event_name":"Winding Halls","player_choice":"Writhe","floor":38,"damage_taken":0},{"event_name":"Golden Shrine","player_choice":"Pray","floor":47,"damage_taken":0}],"boss_relics":[{"not_picked":["Orrery","Question Card"],"picked":"Sozu"},{"not_picked":["Eternal Feather","Runic Pyramid"],"picked":"Astrolabe"}],"potions_floor_spawned":[1,10,13,16,24,30,33,35,41,46],"seed_played":"5774112084485293325","killed_by":"Donu and Deca","ascension_level":8,"is_trial":false}