{"path_per_floor":["M","?","?","?","M","E","M","$","T","R","$","R","E","M","R","B",null,"M","?","?","?","$","E","R","?","T","M","E","R","$","E","R","B",null,"M","?","T","?","M","R","E","M","T","M","R","$","R","?","R","B"],"character_chosen":"THE_SILENT","items_purchased":["Happy Flower","Oddly Smooth Stone","Dark Shackles"],"gold_per_floor":[116,116,116,116,127,156,176,101,101,101,1,1,35,50,50,150,150,161,161,76,276,4,30,30,120,120,134,163,163,16,44,44,140,140,152,152,152,152,166,166,191,201,252,271,271,25,25,25,25,25],"floor_reached":51,"campfire_rested":1,"playtime":3652,"current_hp_per_floor":[63,63,49,49,49,49,46,46,46,46,46,67,58,58,58,55,66,66,66,66,66,66,66,66,42,42,48,54,54,54,60,60,66,69,70,70,70,70,70,70,70,70,70,70,70,70,70,70,70,70],"items_purged":["Strike_G","Strike_G","Defend_G","Defend_G"],"gold":25,"score":1254,"play_id":"0e5f644a-27dd-46c7-8c49-40083d0ed25c","local_time":"20180325001527","is_prod":false,"is_daily":false,"is_ascension_mode":true,"campfire_upgraded":9,"timestamp":1521951327,"path_taken":["M","?","?","?","?","E","M","?","T","R","$","R","E","M","R","BOSS","M","?","?","?","?","E","R","?","T","M","E","R","?","E","R","BOSS","M","?","?","?","M","R","E","M","T","M","R","$","R","?","R","BOSS"],"build_version":"2018-03-22","purchased_purges":4,"victory":true,"master_deck":["Defend_G+1","Defend_G+1","Survivor+1","Neutralize+1","Dash+1","Backflip+1","Neutralize+1","Infinite Blades","Accuracy+1","Adrenaline+1","Flechettes+1","Quick Slash+1","Terror+1","Dark Shackles","Heel Hook+1","Die Die Die","Well Laid Plans+1","Adrenaline+1","Quick Slash+1","Prepared+1","Caltrops+1","Dark Shackles"],"max_hp_per_floor":[70,70,70,70,70,70,70,70,70,70,70,70,70,70,70,70,70,70,70,70,70,70,70,70,70,70,70,70,70,70,70,70,70,70,70,70,70,70,70,70,70,70,70,70,70,70,70,70,70,70],"relics":["Ring of the Snake","NeowsBlessing","Paper Crane","Ice Cream","Matryoshka","Astrolabe","Juzu Bracelet","Happy Flower","Orichalcum","Omamori","Bird Faced Urn","Thread and Needle","Oddly Smooth Stone","Bag of Preparation","Philosopher\u0027s Stone","Vajra","Sundial","Lantern","War Paint"],"card_choices":[{"not_picked":["Predator","Poisoned Stab"],"picked":"Dash","floor":1},{"not_picked":["Dash","All Out Attack"],"picked":"Accuracy","floor":7},{"not_picked":["Tactician","Caltrops"],"picked":"Well Laid Plans","floor":13},{"not_picked":["A Thousand Cuts","Grand Finale"],"picked":"Adrenaline","floor":16},{"not_picked":["Finisher","Blur"],"picked":"Terror","floor":23},{"not_picked":["Poisoned Stab","Dagger Spray"],"picked":"Heel Hook","floor":31},{"not_picked":["Venomology","Corpse Explosion"],"picked":"Die Die Die","floor":33},{"not_picked":["Backflip","Flying Knee"],"picked":"Well Laid Plans","floor":35},{"not_picked":["Cloak And Dagger","Bane"],"picked":"Quick Slash","floor":39},{"not_picked":["Flying Knee","Bullet Time"],"picked":"Prepared","floor":42},{"not_picked":["Riddle With Holes","Backflip"],"picked":"Caltrops","floor":44}],"player_experience":199880,"potions_floor_usage":[16,16,33,50,50],"damage_taken":[{"damage":0,"enemies":"Cultist","floor":1,"turns":1},{"damage":0,"enemies":"Jaw Worm","floor":5,"turns":1},{"damage":0,"enemies":"Lagavulin","floor":6,"turns":1},{"damage":3,"enemies":"2 Louse","floor":7,"turns":3},{"damage":9,"enemies":"Gremlin Nob","floor":13,"turns":6},{"damage":0,"enemies":"2 Fungi Beasts","floor":14,"turns":5},{"damage":3,"enemies":"Slime Boss","floor":16,"turns":15},{"damage":0,"enemies":"Chosen","floor":18,"turns":5},{"damage":0,"enemies":"Book of Stabbing","floor":23,"turns":7},{"damage":0,"enemies":"Shell Parasite","floor":27,"turns":4},{"damage":0,"enemies":"Gremlin Leader","floor":28,"turns":7},{"damage":0,"enemies":"Slavers","floor":31,"turns":7},{"damage":0,"enemies":"Champ","floor":33,"turns":8},{"damage":0,"enemies":"Flame Bruiser 1 Orb","floor":35,"turns":5},{"damage":0,"enemies":"3 Darklings","floor":39,"turns":4},{"damage":0,"enemies":"Giant Head","floor":41,"turns":5},{"damage":0,"enemies":"Maw","floor":42,"turns":5},{"damage":0,"enemies":"Flame Bruiser 2 Orb","floor":44,"turns":3},{"damage":0,"enemies":"Time Eater","floor":50,"turns":10}],"event_choices":[{"event_name":"Liars Game","player_choice":"disagreed","floor":2,"damage_taken":0},{"event_name":"Shining Light","player_choice":"Entered Light","floor":3,"damage_taken":0},{"event_name":"Match and Keep!","player_choice":"3 cards matched","floor":4,"damage_taken":0},{"event_name":"Vampires","player_choice":"Ignored","floor":19,"damage_taken":0},{"event_name":"Addict","player_choice":"Obtained Relic","floor":20,"damage_taken":0},{"event_name":"Wheel of Change","player_choice":"Gold","floor":21,"damage_taken":0},{"event_name":"Knowing Skull","player_choice":"CARD GOLD ","floor":25,"damage_taken":0},{"event_name":"Transmorgrifier","player_choice":"Transform","floor":36,"damage_taken":0},{"event_name":"Purifier","player_choice":"One Purge","floor":48,"damage_taken":0}],"boss_relics":[{"not_picked":["Question Card","Tiny House"],"picked":"Astrolabe"},{"not_picked":["Black Star","Runic Dome"],"picked":"Philosopher\u0027s Stone"}],"potions_floor_spawned":[1,5,27,31,39,41,44],"seed_played":"7032671753818411955","ascension_level":7,"is_trial":false}