{"path_per_floor":["M","?","M","M","?","R","?","$","T","R","?","M","M","M","R","B",null,"M","?","$","M","?","R","M","?","T","R","$","M"],"character_chosen":"THE_SILENT","items_purchased":["Apotheosis","Footwork"],"gold_per_floor":[116,116,131,144,144,144,319,51,51,51,51,69,82,101,101,197,227,192,192,92,104,104,104,115,143,143,143,63,79,79],"floor_reached":30,"campfire_rested":4,"playtime":2088,"current_hp_per_floor":[49,49,49,49,35,56,56,56,56,56,61,34,34,26,48,42,72,50,50,50,36,36,60,37,8,8,32,32,13,0],"items_purged":["Doubt","Strike_G"],"gold":79,"score":330,"play_id":"b23449ef-385d-415d-847a-b4994dd78cc9","local_time":"20180327055314","is_prod":false,"is_daily":false,"is_ascension_mode":true,"campfire_upgraded":1,"timestamp":1522144394,"path_taken":["M","?","M","M","?","R","?","$","T","R","?","M","?","M","R","BOSS","M","?","?","M","?","R","M","?","T","R","$","M","E"],"build_version":"2018-03-25","purchased_purges":3,"victory":false,"master_deck":["Defend_G","Defend_G","Defend_G+1","Defend_G","Defend_G","Strike_G+1","Strike_G","Strike_G","Survivor","Neutralize+1","AscendersBane","Flying Knee","Infinite Blades","Leg Sweep","Apotheosis+1","Well Laid Plans","Footwork","Phantasmal Killer","Backflip+1","Setup+1","Noxious Fumes+1","Footwork"],"max_hp_per_floor":[70,70,70,70,70,70,70,70,70,70,75,75,75,75,75,75,80,80,80,80,80,80,80,80,80,80,80,80,80,80],"relics":["Ring of the Snake","Sundial","Tiny House","Red Mask","Du-Vu Doll"],"card_choices":[{"not_picked":["PiercingWail","Endless Agony"],"picked":"Flying Knee","floor":1},{"not_picked":["Deflect","Sucker Punch"],"picked":"Infinite Blades","floor":3},{"not_picked":["Catalyst","Dodge and Roll"],"picked":"Leg Sweep","floor":4},{"not_picked":["PiercingWail","Leg Sweep"],"picked":"Well Laid Plans","floor":12},{"not_picked":["Cloak And Dagger","Deflect"],"picked":"Footwork","floor":14},{"not_picked":["Venomology","Wraith Form"],"picked":"Phantasmal Killer","floor":16},{"not_picked":["Deflect","Cloak And Dagger"],"picked":"Backflip","floor":21},{"not_picked":["Prepared","Dodge and Roll"],"picked":"Setup","floor":24},{"not_picked":["Escape Plan","Die Die Die"],"picked":"Noxious Fumes","floor":25}],"player_experience":236552,"potions_floor_usage":[16,18,18,24,24,25],"damage_taken":[{"damage":14,"enemies":"Jaw Worm","floor":1,"turns":11},{"damage":0,"enemies":"Cultist","floor":3,"turns":3},{"damage":0,"enemies":"Small Slimes","floor":4,"turns":3},{"damage":27,"enemies":"Gremlin Gang","floor":12,"turns":7},{"damage":0,"enemies":"Blue Slaver","floor":13,"turns":4},{"damage":8,"enemies":"Exordium Thugs","floor":14,"turns":7},{"damage":6,"enemies":"Slime Boss","floor":16,"turns":12},{"damage":22,"enemies":"2 Thieves","floor":18,"turns":5},{"damage":14,"enemies":"Spheric Guardian","floor":21,"turns":9},{"damage":23,"enemies":"Slaver and Parasite","floor":24,"turns":8},{"damage":29,"enemies":"Masked Bandits","floor":25,"turns":8},{"damage":19,"enemies":"Centurion and Healer","floor":29,"turns":9},{"damage":13,"enemies":"Book of Stabbing","floor":30,"turns":5}],"event_choices":[{"event_name":"Scrap Ooze","player_choice":"unsuccessful","floor":2,"damage_taken":0},{"event_name":"Shining Light","player_choice":"Entered Light","floor":5,"damage_taken":0},{"event_name":"Liars Game","player_choice":"agreed","floor":7,"damage_taken":0},{"event_name":"Big Fish","player_choice":"Donut","floor":11,"damage_taken":0},{"event_name":"Back to Basics","player_choice":"Elegance","floor":19,"damage_taken":0},{"event_name":"The Lab","player_choice":"Got Potions","floor":22,"damage_taken":0},{"event_name":"Masked Bandits","player_choice":"Fought over 115 gold","floor":25,"damage_taken":0}],"boss_relics":[{"not_picked":["Orrery","Eternal Feather"],"picked":"Tiny House"}],"potions_floor_spawned":[4,14,16,21],"seed_played":"-4615704173706728268","killed_by":"Book of Stabbing","ascension_level":10,"is_trial":false}