{"path_per_floor":["M","M","M","M","?","R","M","E","T","R","$","R","E","?","R","B",null,"M","$","?","M","M","R","M","M","T","E","$","R","?","?","R","B",null,"M","?","M","?","?","R","M","R","T","M","R"],"character_chosen":"THE_SILENT","items_purchased":["Prepared","Secret Weapon","Dash"],"gold_per_floor":[114,133,147,158,233,233,251,286,286,286,162,162,187,187,187,266,266,251,27,0,20,35,35,47,60,60,89,89,89,89,89,89,163,163,181,181,193,193,193,193,211,211,211,230,230,230],"floor_reached":46,"campfire_rested":4,"playtime":4505,"current_hp_per_floor":[62,58,58,58,47,47,47,52,52,52,52,52,51,68,68,24,59,41,41,41,40,27,63,47,35,35,8,8,44,44,44,67,40,60,57,57,16,16,16,61,40,50,50,43,53,0],"items_purged":["Strike_G"],"gold":230,"score":739,"play_id":"beed2b80-07cf-4e49-ab44-00a18eb87978","local_time":"20180401140345","is_prod":false,"is_daily":false,"is_ascension_mode":true,"campfire_upgraded":6,"timestamp":1522605825,"path_taken":["M","M","M","M","?","R","M","E","T","R","$","R","E","?","R","BOSS","M","$","?","M","M","R","M","M","T","E","$","R","?","?","R","BOSS","M","?","M","?","?","R","M","R","T","M","R","?"],"build_version":"2018-03-29","purchased_purges":1,"victory":false,"master_deck":["Defend_G","Defend_G","Defend_G","Defend_G","Strike_G","Strike_G","Survivor","Neutralize+1","AscendersBane","Grand Finale","Footwork+1","Acrobatics","Cloak And Dagger","A Thousand Cuts+1","Prepared+1","Tools of the Trade+1","Eviscerate+1","Burst+1","Infinite Blades+1","Well Laid Plans+1","Secret Weapon+1","Dash","Dagger Throw","Underhanded Strike","Escape Plan","Setup+1","Unload","Caltrops+1","Setup+1"],"max_hp_per_floor":[70,70,70,70,70,70,70,70,70,70,70,70,70,70,70,70,70,70,70,70,70,70,70,70,70,70,70,70,70,70,67,67,67,67,67,67,67,67,67,67,67,67,67,67,67,67],"relics":["Ring of the Snake","Frozen Egg 2","Tingsha","Regal Pillow","Astrolabe","Pen Nib","Kunai","Eternal Feather","Molten Egg 2"],"card_choices":[{"not_picked":["Poisoned Stab","Dagger Spray"],"picked":"Grand Finale","floor":1.0},{"not_picked":["Sucker Punch","Deadly Poison"],"picked":"Footwork","floor":2.0},{"not_picked":["Outmaneuver","Deflect"],"picked":"Acrobatics","floor":3.0},{"not_picked":["Leg Sweep","Heel Hook"],"picked":"Cloak And Dagger","floor":4.0},{"not_picked":["Poisoned Stab","Cloak And Dagger"],"picked":"Quick Slash","floor":7.0},{"not_picked":["Riddle With Holes","Backflip"],"picked":"A Thousand Cuts","floor":8.0},{"not_picked":["Phantasmal Killer","Envenom"],"picked":"Tools of the Trade","floor":16.0},{"not_picked":["Catalyst","Dagger Throw"],"picked":"Well Laid Plans","floor":18.0},{"not_picked":["Poisoned Stab","Catalyst"],"picked":"Dagger Throw","floor":21.0},{"not_picked":["Endless Agony","Slice"],"picked":"Underhanded Strike","floor":22.0},{"not_picked":["Predator","Dash"],"picked":"Escape Plan","floor":24.0},{"not_picked":["Dagger Throw","Acrobatics"],"picked":"Setup","floor":25.0},{"not_picked":["Storm of Steel","A Thousand Cuts"],"picked":"Unload","floor":33.0},{"not_picked":["Flying Knee","Accuracy"],"picked":"Caltrops","floor":41},{"not_picked":["Deflect","Dagger Throw"],"picked":"Setup","floor":44}],"player_experience":328251,"potions_floor_usage":[41],"damage_taken":[{"damage":1.0,"enemies":"Small Slimes","floor":1.0,"turns":4.0},{"damage":4.0,"enemies":"Jaw Worm","floor":2.0,"turns":5.0},{"damage":0.0,"enemies":"2 Louse","floor":3.0,"turns":3.0},{"damage":0.0,"enemies":"Blue Slaver","floor":4.0,"turns":9.0},{"damage":0.0,"enemies":"2 Fungi Beasts","floor":7.0,"turns":6.0},{"damage":7.0,"enemies":"Lagavulin","floor":8.0,"turns":9.0},{"damage":1.0,"enemies":"3 Sentries","floor":13.0,"turns":2.0},{"damage":44.0,"enemies":"Hexaghost","floor":16.0,"turns":15.0},{"damage":18.0,"enemies":"2 Thieves","floor":18.0,"turns":5.0},{"damage":1.0,"enemies":"Chosen","floor":21.0,"turns":5.0},{"damage":13.0,"enemies":"Centurion and Healer","floor":22.0,"turns":5.0},{"damage":16.0,"enemies":"Snake Plant","floor":24.0,"turns":6.0},{"damage":12.0,"enemies":"Sentry and Sphere","floor":25.0,"turns":6.0},{"damage":27.0,"enemies":"Book of Stabbing","floor":27.0,"turns":6.0},{"damage":27.0,"enemies":"Champ","floor":33.0,"turns":11.0},{"damage":3,"enemies":"Orb Walker","floor":35,"turns":4},{"damage":41,"enemies":"3 Darklings","floor":37,"turns":5},{"damage":21,"enemies":"Spire Growth","floor":41,"turns":5},{"damage":7,"enemies":"Flame Bruiser 2 Orb","floor":44,"turns":6},{"damage":54,"enemies":"4 Shapes","floor":46,"turns":3}],"event_choices":[{"event_name":"World of Goop","player_choice":"Gather Gold","floor":5.0,"damage_taken":0.0},{"event_name":"Mushrooms","player_choice":"Healed and dodged fight","floor":14.0,"damage_taken":0.0},{"event_name":"Masked Bandits","player_choice":"Paid Bandits 27 gold","floor":20.0,"damage_taken":0.0},{"event_name":"The Lab","player_choice":"Got Potions","floor":30.0,"damage_taken":0.0},{"event_name":"Fountain of Cleansing","player_choice":"Removed Curse","floor":31.0,"damage_taken":0.0},{"event_name":"Mysterious Sphere","player_choice":"Ignore","floor":36,"damage_taken":0},{"event_name":"Tomb of Lord Red Mask","player_choice":"Ignored","floor":39,"damage_taken":0}],"boss_relics":[],"potions_floor_spawned":[3,7,16,25,27,41],"seed_played":"5405718946876750015","killed_by":"4 Shapes","ascension_level":13,"is_trial":false}