{"path_per_floor":["M","?","M","?","?","R","M","R","T","M","R","M","M","E","R","B",null,"M","$","M","?","?","E","R","M","T","R","$","E","R","?","R","B",null,"M","M","?","$","M","R","M","E","T","R","M","M","M","$","R","B"],"character_chosen":"THE_SILENT","items_purchased":["Torii","Underhanded Strike","Backflip"],"gold_per_floor":[117,117,133,133,133,133,143,143,143,162,162,182,193,219,219,296,296,314,0,10,10,10,45,45,63,112,112,37,69,69,69,69,143,143,156,175,275,125,145,145,164,197,221,221,234,246,263,91,91,91],"floor_reached":51,"campfire_rested":4,"playtime":4429,"current_hp_per_floor":[43,30,30,30,52,52,52,52,66,66,66,66,66,65,65,52,73,73,73,72,72,57,27,52,51,51,51,51,51,51,35,60,15,68,68,67,67,67,50,50,40,33,33,58,58,58,58,58,83,69],"items_purged":["Defend_G","Strike_G","Defend_G"],"gold":91,"score":1201,"play_id":"51974181-ee29-4947-a540-d504cc4f2791","local_time":"20180402215245","is_prod":false,"is_daily":false,"is_ascension_mode":true,"campfire_upgraded":7,"timestamp":1522720365,"path_taken":["M","?","M","?","?","R","M","R","T","M","R","M","M","E","R","BOSS","M","$","M","?","?","E","R","M","T","R","$","E","R","?","R","BOSS","M","M","?","?","M","R","?","E","T","R","M","M","M","$","R","BOSS"],"build_version":"2018-03-29","purchased_purges":5,"victory":true,"master_deck":["Defend_G","Defend_G","Strike_G+1","Survivor","Neutralize+1","AscendersBane","Phantasmal Killer+1","Backflip+1","Footwork+1","Well Laid Plans","Cloak And Dagger","Dagger Spray+1","Footwork+1","After Image","Dodge and Roll+1","Leg Sweep+1","Dagger Throw+1","Adrenaline","Necronomicurse","After Image","Unload+1","Unload+1","Footwork+1","Terror","Underhanded Strike+1","Terror","Blur","Escape Plan","Predator","Backflip"],"max_hp_per_floor":[66,66,66,66,66,66,66,66,80,80,80,80,80,80,80,80,80,80,80,80,80,85,85,85,85,85,85,85,85,85,85,85,85,85,85,85,85,85,85,85,85,85,85,85,85,85,85,85,85,85],"relics":["Ring of the Snake","Mango","Pen Nib","Sozu","Torii","Lantern","Art of War","Tingsha","Necronomicon","Astrolabe","Dead Branch","Whetstone"],"card_choices":[{"not_picked":["Dodge and Roll","Caltrops"],"picked":"Backflip","floor":1},{"not_picked":["Outmaneuver","Setup"],"picked":"Footwork","floor":3},{"not_picked":["Underhanded Strike","Masterful Stab"],"picked":"Well Laid Plans","floor":7},{"not_picked":["Choke","Prepared"],"picked":"Cloak And Dagger","floor":12},{"not_picked":["Blade Dance","Finisher"],"picked":"Dagger Spray","floor":13},{"not_picked":["Choke","Calculated Gamble"],"picked":"Footwork","floor":14},{"not_picked":["Night Terror","Doppelganger"],"picked":"After Image","floor":16},{"not_picked":["Sucker Punch","Backstab"],"picked":"Dodge and Roll","floor":20},{"not_picked":["Deflect","Envenom"],"picked":"Leg Sweep","floor":23},{"not_picked":["Backflip","Underhanded Strike"],"picked":"Dagger Throw","floor":25},{"not_picked":["Catalyst","Dodge and Roll"],"picked":"Adrenaline","floor":29},{"not_picked":["A Thousand Cuts","Venomology"],"picked":"After Image","floor":33},{"not_picked":["Slice","Dodge and Roll"],"picked":"Terror","floor":36},{"not_picked":["Slice","Finisher"],"picked":"Terror","floor":41},{"not_picked":["Sucker Punch","Distraction"],"picked":"Blur","floor":42},{"not_picked":["Cloak And Dagger","Deadly Poison"],"picked":"Escape Plan","floor":46},{"not_picked":["Dagger Spray","Prepared"],"picked":"Predator","floor":47}],"player_experience":356320,"potions_floor_usage":[16,16,23],"damage_taken":[{"damage":16,"enemies":"Small Slimes","floor":1,"turns":6},{"damage":0,"enemies":"Jaw Worm","floor":3,"turns":6},{"damage":0,"enemies":"Cultist","floor":7,"turns":3},{"damage":0,"enemies":"Large Slime","floor":10,"turns":5},{"damage":0,"enemies":"Red Slaver","floor":12,"turns":4},{"damage":0,"enemies":"Looter","floor":13,"turns":2},{"damage":1,"enemies":"3 Sentries","floor":14,"turns":8},{"damage":13,"enemies":"Slime Boss","floor":16,"turns":20},{"damage":0,"enemies":"3 Byrds","floor":18,"turns":6},{"damage":1,"enemies":"Chosen","floor":20,"turns":9},{"damage":30,"enemies":"Slavers","floor":23,"turns":11},{"damage":1,"enemies":"Centurion and Healer","floor":25,"turns":10},{"damage":0,"enemies":"Book of Stabbing","floor":29,"turns":8},{"damage":45,"enemies":"Automaton","floor":33,"turns":21},{"damage":0,"enemies":"Orb Walker","floor":35,"turns":4},{"damage":1,"enemies":"3 Shapes","floor":36,"turns":7},{"damage":17,"enemies":"Maw","floor":39,"turns":7},{"damage":10,"enemies":"3 Darklings","floor":41,"turns":5},{"damage":7,"enemies":"Giant Head","floor":42,"turns":11},{"damage":0,"enemies":"Spire Growth","floor":45,"turns":6},{"damage":0,"enemies":"Maw","floor":46,"turns":5},{"damage":0,"enemies":"3 Darklings","floor":47,"turns":3},{"damage":14,"enemies":"Donu and Deca","floor":50,"turns":11}],"event_choices":[{"event_name":"Shining Light","player_choice":"Entered Light","floor":2,"damage_taken":0},{"event_name":"Purifier","player_choice":"One Purge","floor":4,"damage_taken":0},{"event_name":"Big Fish","player_choice":"Banana","floor":5,"damage_taken":0},{"event_name":"Beggar","player_choice":"Ignored","floor":21,"damage_taken":0},{"event_name":"Forgotten Altar","player_choice":"Shed Blood","floor":22,"damage_taken":0},{"event_name":"Cursed Tome","player_choice":"Obtained Book","floor":31,"damage_taken":0},{"event_name":"Golden Shrine","player_choice":"Pray","floor":37,"damage_taken":0}],"boss_relics":[{"not_picked":["Orrery","Cursed Key"],"picked":"Sozu"},{"not_picked":["The Specimen","Snecko Eye"],"picked":"Astrolabe"}],"potions_floor_spawned":[10,12,16,18,23,25,35,39,42,46,47],"seed_played":"2059938017160136493","ascension_level":14,"is_trial":false}