{"path_per_floor":["M","$","M","?","M","R","M","R","T","?","M","M","M","?","R"],"character_chosen":"THE_SILENT","items_purchased":[],"gold_per_floor":[118,43,63,13,28,28,42,42,67,67,79,95,109,109,109,109],"floor_reached":16,"campfire_rested":2,"playtime":1107,"current_hp_per_floor":[60,60,59,59,59,59,34,54,54,41,43,45,30,23,43,0],"items_purged":["Parasite"],"gold":109,"score":155,"play_id":"4084fba7-bc9f-4f4f-b727-7fbc979a9a0d","local_time":"20180401142230","is_prod":false,"is_daily":false,"is_ascension_mode":true,"campfire_upgraded":1,"timestamp":1522606950,"path_taken":["M","$","M","?","M","R","M","R","T","?","?","M","M","?","R","BOSS"],"build_version":"2018-03-29","purchased_purges":1,"victory":false,"master_deck":["Defend_G","Defend_G+1","Defend_G","Defend_G","Strike_G","Strike_G","Strike_G","Strike_G","Survivor+1","Neutralize+1","AscendersBane","Grand Finale","Calculated Gamble","Prepared","PiercingWail","Malaise","Acrobatics","Tools of the Trade","Dagger Throw"],"max_hp_per_floor":[70,67,67,67,67,67,67,67,67,67,67,67,67,67,67,67],"relics":["Ring of the Snake","Blood Vial"],"card_choices":[{"not_picked":["Bullet Time","Burst"],"picked":"Grand Finale","floor":0},{"not_picked":["Deadly Poison","Underhanded Strike"],"picked":"Calculated Gamble","floor":1},{"not_picked":["Flying Knee","Finisher"],"picked":"Prepared","floor":3},{"not_picked":["Underhanded Strike","Deflect"],"picked":"PiercingWail","floor":5},{"not_picked":["Terror","Deflect"],"picked":"Malaise","floor":7},{"not_picked":["Slice","Outmaneuver"],"picked":"Acrobatics","floor":11},{"not_picked":["Underhanded Strike","All Out Attack"],"picked":"Tools of the Trade","floor":12},{"not_picked":["Calculated Gamble","Underhanded Strike"],"picked":"Dagger Throw","floor":13}],"player_experience":332756,"potions_floor_usage":[13,13,16],"damage_taken":[{"damage":3,"enemies":"Jaw Worm","floor":1,"turns":7},{"damage":1,"enemies":"2 Louse","floor":3,"turns":4},{"damage":0,"enemies":"Cultist","floor":5,"turns":5},{"damage":25,"enemies":"Large Slime","floor":7,"turns":13},{"damage":0,"enemies":"Lots of Slimes","floor":11,"turns":3},{"damage":0,"enemies":"Blue Slaver","floor":12,"turns":8},{"damage":17,"enemies":"Exordium Thugs","floor":13,"turns":10},{"damage":46,"enemies":"Hexaghost","floor":16,"turns":20}],"event_choices":[{"event_name":"The Cleric","player_choice":"Card Removal","floor":4,"damage_taken":0},{"event_name":"Shining Light","player_choice":"Entered Light","floor":10,"damage_taken":0},{"event_name":"Golden Wing","player_choice":"Card Removal","floor":14,"damage_taken":0}],"boss_relics":[],"potions_floor_spawned":[1,12,13],"seed_played":"2182338640864557850","killed_by":"Hexaghost","ascension_level":13,"is_trial":false}