{"path_per_floor":["M","M","?","?","M","E","R","?","T","E","M","M","R","E","R","B",null,"M","M","M","M","$","E","R","?","T","?","R","?","R"],"character_chosen":"THE_SILENT","items_purchased":["Happy Flower","Tactician"],"gold_per_floor":[119,135,135,135,155,187,187,187,187,220,235,245,245,274,274,376,376,360,371,384,396,13,45,45,45,69,0,0,0,0,0],"floor_reached":31,"campfire_rested":3,"playtime":1911,"current_hp_per_floor":[63,63,49,37,37,15,36,53,53,37,45,45,66,59,59,47,64,50,49,38,53,53,16,36,58,58,58,58,58,58,0],"items_purged":["Parasite"],"gold":0,"score":396,"play_id":"7a45ee17-b2f0-48d0-b1f8-e81a7a4d1022","local_time":"20180325203755","is_prod":false,"is_daily":false,"is_ascension_mode":true,"campfire_upgraded":3,"timestamp":1522024675,"path_taken":["M","M","?","?","?","E","R","?","T","E","M","M","R","E","R","BOSS","M","M","M","?","?","E","R","?","T","?","R","?","R","E"],"build_version":"2018-03-25","purchased_purges":2,"victory":false,"master_deck":["Defend_G","Defend_G+1","Defend_G","Defend_G","Defend_G","Strike_G","Strike_G+1","Strike_G","Strike_G","Strike_G","Survivor","Neutralize","Sucker Punch","Slice","PiercingWail","Escape Plan","All Out Attack","Noxious Fumes+1","Burst+1","Terror","Noxious Fumes+1","Poisoned Stab+1","Tactician","Glass Knife+1"],"max_hp_per_floor":[70,70,70,70,70,70,70,70,70,70,70,70,70,70,70,70,70,70,70,70,70,67,67,67,67,67,67,67,67,67,67],"relics":["Ring of the Snake","NeowsBlessing","Matryoshka","Meat on the Bone","Bag of Marbles","Bag of Preparation","Ancient Tea Set","Du-Vu Doll","Runic Pyramid","Happy Flower","Anchor","Juzu Bracelet","Bronze Scales"],"card_choices":[{"not_picked":["Calculated Gamble","Catalyst"],"picked":"Sucker Punch","floor":1},{"not_picked":["Doppelganger","Bane"],"picked":"Slice","floor":5},{"not_picked":["Distraction","Dagger Spray"],"picked":"PiercingWail","floor":6},{"not_picked":["Quick Slash","Flechettes"],"picked":"Escape Plan","floor":10},{"not_picked":["Poisoned Stab","Concentrate"],"picked":"All Out Attack","floor":11},{"not_picked":["Quick Slash","Deflect"],"picked":"Noxious Fumes","floor":12},{"not_picked":["A Thousand Cuts","Adrenaline"],"picked":"Burst","floor":16},{"not_picked":["Underhanded Strike","Deadly Poison"],"picked":"Terror","floor":18},{"not_picked":["Deadly Poison","Outmaneuver"],"picked":"Noxious Fumes","floor":20},{"not_picked":["Reflex","Cloak And Dagger"],"picked":"Poisoned Stab","floor":21},{"not_picked":["Cloak And Dagger","Infinite Blades"],"picked":"Glass Knife","floor":23}],"player_experience":218625,"potions_floor_usage":[6,10,14,16,21,21,23],"damage_taken":[{"damage":0,"enemies":"2 Louse","floor":1,"turns":1},{"damage":0,"enemies":"Small Slimes","floor":2,"turns":1},{"damage":0,"enemies":"Cultist","floor":5,"turns":1},{"damage":22,"enemies":"Gremlin Nob","floor":6,"turns":4},{"damage":28,"enemies":"Lagavulin","floor":10,"turns":8},{"damage":4,"enemies":"2 Fungi Beasts","floor":11,"turns":5},{"damage":0,"enemies":"Large Slime","floor":12,"turns":5},{"damage":7,"enemies":"3 Sentries","floor":14,"turns":6},{"damage":24,"enemies":"Hexaghost","floor":16,"turns":11},{"damage":14,"enemies":"2 Thieves","floor":18,"turns":4},{"damage":1,"enemies":"3 Byrds","floor":19,"turns":6},{"damage":11,"enemies":"Snake Plant","floor":20,"turns":5},{"damage":0,"enemies":"Cultist and Chosen","floor":21,"turns":6},{"damage":49,"enemies":"Book of Stabbing","floor":23,"turns":7},{"damage":61,"enemies":"Slavers","floor":31,"turns":6}],"event_choices":[{"event_name":"Shining Light","player_choice":"Entered Light","floor":3,"damage_taken":0},{"event_name":"Scrap Ooze","player_choice":"success","floor":4,"damage_taken":12},{"event_name":"Mushrooms","player_choice":"Healed and dodged fight","floor":8,"damage_taken":0},{"event_name":"The Library","player_choice":"Heal","floor":25,"damage_taken":0},{"event_name":"Masked Bandits","player_choice":"Paid Bandits 69 gold","floor":27,"damage_taken":0},{"event_name":"Ghosts","player_choice":"Ignored","floor":29,"damage_taken":0}],"boss_relics":[{"not_picked":["Black Star","Velvet Choker"],"picked":"Runic Pyramid"}],"potions_floor_spawned":[1,2,11,12,16,18,19,20],"seed_played":"-8311575799778167311","killed_by":"Slavers","ascension_level":9,"is_trial":false}