{"path_per_floor":["M","?","M","M","?","R","M","R","T","R","M","$","M","?","R","B",null,"M","?","M","$","?","R","M","E","T","E","R","E","R","M","R","B",null,"M","M","M","M","M","R","$","E","T","R","M","M","$","?","R","B"],"character_chosen":"THE_SILENT","items_purchased":["Omamori","Noxious Fumes","Mango","Lee\u0027s Waffle","Strength Potion","Dexterity Potion"],"gold_per_floor":[11,11,26,40,115,115,135,135,187,187,207,52,77,77,77,170,170,195,236,260,151,151,151,167,198,276,309,309,347,347,365,365,459,497,522,543,566,586,609,609,19,57,104,104,122,136,32,32,32,32],"floor_reached":51,"campfire_rested":5,"playtime":4508,"current_hp_per_floor":[59,36,32,32,21,40,30,30,30,49,49,49,39,34,34,18,54,56,47,49,49,49,49,45,39,39,16,35,32,32,34,53,44,66,68,70,53,43,33,54,92,70,70,70,68,70,70,90,90,38],"items_purged":["Defend_G","Dagger Spray"],"gold":32,"score":1213,"play_id":"786f6870-4cf3-4a1b-845e-b3d2621a61a0","local_time":"20180403231407","is_prod":false,"is_daily":false,"is_ascension_mode":true,"campfire_upgraded":6,"timestamp":1522811647,"path_taken":["M","?","?","M","?","R","M","R","T","R","M","$","?","?","R","BOSS","M","?","?","$","?","R","M","E","T","E","R","E","R","M","R","BOSS","M","M","?","M","M","R","$","E","T","R","M","M","$","?","R","BOSS"],"build_version":"2018-04-02","purchased_purges":2,"victory":true,"master_deck":["Defend_G+1","Defend_G+1","Defend_G+1","Defend_G+1","Strike_G+1","Strike_G+1","Strike_G+1","Survivor","Neutralize+1","AscendersBane","Quick Slash+1","Dagger Throw","Backstab+1","After Image+1","Backflip+1","Dodge and Roll+1","PiercingWail","Noxious Fumes+1","Phantasmal Killer+1","Setup+1","Acrobatics+1","Terror+1","Bane+1","PiercingWail+1","Expertise+1","Leg Sweep+1","Writhe"],"max_hp_per_floor":[66,66,66,66,66,66,66,66,66,66,66,66,66,66,66,66,66,66,66,66,66,66,66,66,66,66,66,66,66,66,66,66,66,71,71,71,71,71,71,71,92,99,99,99,99,99,99,99,99,99],"relics":["Ring of the Snake","Golden Idol","Lantern","Omamori","Blood Vial","Cursed Key","Red Mask","Sundial","Letter Opener","Snake Skull","Centennial Puzzle","Tiny House","Mango","Lee\u0027s Waffle","Strawberry","Regal Pillow"],"card_choices":[{"not_picked":["PiercingWail","Backflip"],"picked":"Dagger Spray","floor":1},{"not_picked":["Poisoned Stab","Underhanded Strike"],"picked":"Quick Slash","floor":3},{"not_picked":["Dodge and Roll","Bane"],"picked":"Dagger Throw","floor":4},{"not_picked":["Outmaneuver","Flying Knee"],"picked":"Backstab","floor":7},{"not_picked":["Envenom","Night Terror"],"picked":"After Image","floor":16},{"not_picked":["Infinite Blades","Predator"],"picked":"Backflip","floor":18},{"not_picked":["Prepared","Poisoned Stab"],"picked":"Dodge and Roll","floor":19},{"not_picked":["Bane","Slice"],"picked":"PiercingWail","floor":20},{"not_picked":["Expertise","Dodge and Roll"],"picked":"Phantasmal Killer","floor":25},{"not_picked":["Dagger Throw","Dodge and Roll"],"picked":"Setup","floor":29},{"not_picked":["Leg Sweep","PiercingWail"],"picked":"Acrobatics","floor":31},{"not_picked":["Footwork","Acrobatics"],"picked":"Terror","floor":35},{"not_picked":["Poisoned Stab","Cloak And Dagger"],"picked":"Bane","floor":38},{"not_picked":["Predator","Riddle With Holes"],"picked":"PiercingWail","floor":39},{"not_picked":["Die Die Die","Calculated Gamble"],"picked":"Expertise","floor":42},{"not_picked":["PiercingWail","Expertise"],"picked":"Leg Sweep","floor":45}],"player_experience":363520,"potions_floor_usage":[16,16,19,19,24,25,33,33,39,50,50,50],"damage_taken":[{"damage":0,"enemies":"Small Slimes","floor":1,"turns":5},{"damage":4,"enemies":"Cultist","floor":3,"turns":5},{"damage":0,"enemies":"2 Louse","floor":4,"turns":3},{"damage":10,"enemies":"Large Slime","floor":7,"turns":6},{"damage":0,"enemies":"Exordium Wildlife","floor":11,"turns":4},{"damage":10,"enemies":"Gremlin Gang","floor":13,"turns":3},{"damage":18,"enemies":"The Guardian","floor":16,"turns":19},{"damage":0,"enemies":"3 Byrds","floor":18,"turns":6},{"damage":11,"enemies":"Masked Bandits","floor":19,"turns":5},{"damage":0,"enemies":"Shell Parasite","floor":20,"turns":6},{"damage":6,"enemies":"Chosen and Byrds","floor":24,"turns":7},{"damage":8,"enemies":"Gremlin Leader","floor":25,"turns":10},{"damage":25,"enemies":"Slavers","floor":27,"turns":6},{"damage":5,"enemies":"Gremlin Leader","floor":29,"turns":8},{"damage":0,"enemies":"3 Cultists","floor":31,"turns":5},{"damage":11,"enemies":"Automaton","floor":33,"turns":11},{"damage":0,"enemies":"Flame Bruiser 1 Orb","floor":35,"turns":6},{"damage":0,"enemies":"3 Shapes","floor":36,"turns":4},{"damage":18,"enemies":"Maw","floor":37,"turns":7},{"damage":12,"enemies":"3 Darklings","floor":38,"turns":5},{"damage":12,"enemies":"Sphere and 2 Shapes","floor":39,"turns":5},{"damage":29,"enemies":"Nemesis","floor":42,"turns":7},{"damage":4,"enemies":"Spire Growth","floor":45,"turns":5},{"damage":0,"enemies":"4 Shapes","floor":46,"turns":6},{"damage":54,"enemies":"Awakened One","floor":50,"turns":23}],"event_choices":[{"event_name":"Golden Idol","player_choice":"Take Damage","floor":2,"damage_taken":0},{"event_name":"World of Goop","player_choice":"Gather Gold","floor":5,"damage_taken":0},{"event_name":"Scrap Ooze","player_choice":"success","floor":14,"damage_taken":5},{"event_name":"Masked Bandits","player_choice":"Fought over 195 gold","floor":19,"damage_taken":0},{"event_name":"Back to Basics","player_choice":"Simplicity","floor":22,"damage_taken":0},{"event_name":"Winding Halls","player_choice":"Writhe","floor":48,"damage_taken":0}],"boss_relics":[{"not_picked":["Astrolabe","Snecko Eye"],"picked":"Cursed Key"},{"not_picked":["Pandora\u0027s Box","Velvet Choker"],"picked":"Tiny House"}],"potions_floor_spawned":[3,4,7,16,19,20,27,29,38,39],"seed_played":"-3369002772819435875","ascension_level":15,"is_trial":false}