{"path_per_floor":["M","?","M","M","M","R","?","M","T","E","R","M","R","M","R","B",null,"M","M","?","?","M","R","E","$","T","E","?","R","E","M","R","B",null,"M","?","?","M","?","R","E","R","T","R","M","M","R","M","R","B"],"character_chosen":"THE_SILENT","items_purchased":["Bronze Scales","Footwork"],"gold_per_floor":[16,16,36,56,74,74,101,117,117,146,146,157,157,172,172,277,277,294,313,313,313,329,329,362,105,177,210,210,210,238,258,258,359,359,373,373,373,383,383,383,413,413,413,413,433,452,452,467,467,467],"floor_reached":51,"campfire_rested":6,"playtime":4034,"current_hp_per_floor":[63,63,63,57,57,57,46,46,46,33,33,17,38,38,59,59,67,67,67,67,67,62,62,55,55,55,55,70,70,70,64,64,64,69,28,28,28,28,28,49,46,70,70,70,70,58,80,71,80,70],"items_purged":["Strike_G"],"gold":467,"score":1297,"play_id":"cade0475-03fb-4bac-96fb-c2af4cb6f0fe","local_time":"20180330001817","is_prod":false,"is_daily":false,"is_ascension_mode":true,"campfire_upgraded":3,"timestamp":1522383497,"path_taken":["M","?","M","M","M","R","?","?","T","E","R","M","R","M","R","BOSS","M","?","?","?","M","R","E","$","T","E","?","R","E","M","R","BOSS","M","?","?","?","?","R","E","R","T","R","M","M","R","M","R","BOSS"],"build_version":"2018-03-29","purchased_purges":1,"victory":true,"master_deck":["Defend_G","Defend_G","Defend_G","Defend_G","Defend_G","Strike_G+1","Strike_G","Survivor","Neutralize+1","AscendersBane","Adrenaline","Footwork+1","Predator+1","Acrobatics","Flying Knee","Backflip","Malaise+1","Well Laid Plans+1","Adrenaline","Dagger Throw+1","Deadly Poison","Noxious Fumes+1","Dagger Spray+1","Footwork+1","Flash of Steel","Infinite Blades+1","Infinite Blades+1","Escape Plan+1"],"max_hp_per_floor":[70,70,70,70,70,70,70,70,70,70,70,70,70,70,70,70,70,70,70,70,70,70,70,70,70,70,70,70,70,70,70,70,70,70,70,70,70,70,70,70,80,80,80,80,80,80,80,80,80,80],"relics":["Ring of the Snake","Odd Mushroom","Shovel","Frozen Egg 2","Kunai","Sozu","Centennial Puzzle","Shuriken","Bronze Scales","Ninja Scroll","Ancient Tea Set","Toxic Egg 2","Whetstone","Philosopher\u0027s Stone","Pear","Bag of Preparation"],"card_choices":[{"not_picked":["Tactician","Doppelganger"],"picked":"Adrenaline","floor":0},{"not_picked":["Deflect","Concentrate"],"picked":"Footwork","floor":1},{"not_picked":["Eviscerate","Leg Sweep"],"picked":"Acrobatics","floor":3},{"not_picked":["Backstab","Reflex"],"picked":"Flying Knee","floor":4},{"not_picked":["Accuracy","Noxious Fumes"],"picked":"Backflip","floor":7},{"not_picked":["Bane","All Out Attack"],"picked":"Malaise","floor":12},{"not_picked":["Flechettes","Distraction"],"picked":"Well Laid Plans","floor":14},{"not_picked":["Phantasmal Killer","Doppelganger"],"picked":"Adrenaline","floor":16},{"not_picked":["Acrobatics","Deflect"],"picked":"Dagger Throw","floor":19},{"not_picked":["Backflip","Caltrops"],"picked":"Noxious Fumes","floor":22},{"not_picked":["Underhanded Strike","Skewer"],"picked":"Dagger Spray","floor":24},{"not_picked":["Thinking Ahead","Mind Blast"],"picked":"Flash of Steel","floor":37},{"not_picked":["Quick Slash","Dash"],"picked":"Infinite Blades","floor":38},{"not_picked":["Flechettes","Masterful Stab"],"picked":"Infinite Blades","floor":41},{"not_picked":["Night Terror","Cloak And Dagger"],"picked":"Escape Plan","floor":46}],"player_experience":276817,"potions_floor_usage":[7,7,16,27,50],"damage_taken":[{"damage":0,"enemies":"Cultist","floor":1,"turns":5},{"damage":0,"enemies":"Small Slimes","floor":3,"turns":3},{"damage":6,"enemies":"2 Louse","floor":4,"turns":3},{"damage":0,"enemies":"Looter","floor":5,"turns":4},{"damage":11,"enemies":"The Mushroom Lair","floor":7,"turns":7},{"damage":0,"enemies":"Blue Slaver","floor":8,"turns":6},{"damage":13,"enemies":"Gremlin Nob","floor":10,"turns":5},{"damage":16,"enemies":"Lots of Slimes","floor":12,"turns":5},{"damage":0,"enemies":"2 Fungi Beasts","floor":14,"turns":5},{"damage":0,"enemies":"Slime Boss","floor":16,"turns":16},{"damage":0,"enemies":"Shell Parasite","floor":18,"turns":7},{"damage":0,"enemies":"3 Byrds","floor":19,"turns":6},{"damage":5,"enemies":"Centurion and Healer","floor":22,"turns":10},{"damage":7,"enemies":"Gremlin Leader","floor":24,"turns":11},{"damage":0,"enemies":"Book of Stabbing","floor":27,"turns":6},{"damage":0,"enemies":"Gremlin Leader","floor":30,"turns":6},{"damage":6,"enemies":"Snake Plant","floor":31,"turns":4},{"damage":0,"enemies":"Collector","floor":33,"turns":11},{"damage":41,"enemies":"3 Darklings","floor":35,"turns":3},{"damage":0,"enemies":"3 Shapes","floor":38,"turns":5},{"damage":13,"enemies":"2 Orb Walkers","floor":41,"turns":4},{"damage":0,"enemies":"Sphere and 2 Shapes","floor":45,"turns":4},{"damage":12,"enemies":"3 Darklings","floor":46,"turns":3},{"damage":9,"enemies":"4 Shapes","floor":48,"turns":4},{"damage":10,"enemies":"Donu and Deca","floor":50,"turns":9}],"event_choices":[{"event_name":"Transmorgrifier","player_choice":"Transform","floor":2,"damage_taken":0},{"event_name":"Mushrooms","player_choice":"Fought Mushrooms","floor":7,"damage_taken":0},{"event_name":"The Mausoleum","player_choice":"No","floor":20,"damage_taken":0},{"event_name":"Transmorgrifier","player_choice":"Transform","floor":21,"damage_taken":0},{"event_name":"The Library","player_choice":"Heal","floor":28,"damage_taken":0},{"event_name":"SecretPortal","player_choice":"Rejected Portal.","floor":36,"damage_taken":0},{"event_name":"SensoryStone","player_choice":"Memory 1","floor":37,"damage_taken":0},{"event_name":"Mysterious Sphere","player_choice":"Ignore","floor":39,"damage_taken":0}],"boss_relics":[{"not_picked":["Runic Dome","White Beast Statue"],"picked":"Sozu"},{"not_picked":["Eternal Feather","Pandora\u0027s Box"],"picked":"Philosopher\u0027s Stone"}],"potions_floor_spawned":[1,4,12,14,16,22,24,31,33,45,46,48],"seed_played":"7041239391607752858","ascension_level":11,"is_trial":false}