{"path_per_floor":["M","$","?","M","?","R","M","R","T","R","M","E","?","?","R","B",null,"M","?","?","M","M"],"character_chosen":"THE_SILENT","items_purchased":[],"gold_per_floor":[116,41,41,54,154,154,169,169,169,169,179,206,206,206,206,283,283,298,298,298,308,325,325],"floor_reached":23,"campfire_rested":1,"playtime":2034,"current_hp_per_floor":[63,63,68,68,68,68,68,68,68,68,58,40,40,26,46,17,55,44,28,50,44,8,0],"items_purged":["Defend_G"],"gold":325,"score":312,"play_id":"605a1515-63d2-492f-b1e8-70cc95ef60ae","local_time":"20180331230425","is_prod":false,"is_daily":false,"is_ascension_mode":true,"campfire_upgraded":2,"timestamp":1522551865,"path_taken":["M","$","?","M","?","R","M","R","T","R","M","E","?","?","R","BOSS","M","?","?","?","M","E"],"build_version":"2018-03-29","purchased_purges":1,"victory":false,"master_deck":["Defend_G","Defend_G","Defend_G","Defend_G","Strike_G","Strike_G+1","Strike_G","Survivor","Neutralize+1","AscendersBane","Deadly Poison+1","Wraith Form","Backflip","Footwork+1","Slice","Footwork+1","Bullet Time","Backstab","Acrobatics","Cloak And Dagger","Outmaneuver+1"],"max_hp_per_floor":[63,63,68,68,68,68,68,68,68,68,68,68,68,68,68,68,68,68,68,68,68,68,68],"relics":["Ring of the Snake","Shovel","Centennial Puzzle","Bag of Preparation","Orrery","Enchiridion"],"card_choices":[{"not_picked":["Flying Knee","Blade Dance"],"picked":"Backflip","floor":4},{"not_picked":["Deadly Poison","Calculated Gamble"],"picked":"Footwork","floor":7},{"not_picked":["Footwork","Deadly Poison"],"picked":"Slice","floor":11},{"not_picked":["Outmaneuver","Slice"],"picked":"Footwork","floor":12},{"not_picked":["Doppelganger","Envenom"],"picked":"Bullet Time","floor":16},{"not_picked":["Slice","Cloak And Dagger"],"picked":"Backstab","floor":17},{"not_picked":["Prepared","Dagger Throw"],"picked":"Acrobatics","floor":17},{"not_picked":["Dodge and Roll","Backflip"],"picked":"Cloak And Dagger","floor":17},{"not_picked":["Sucker Punch","Heel Hook"],"picked":"Outmaneuver","floor":18}],"player_experience":322185,"potions_floor_usage":[4,12,16,18,22],"damage_taken":[{"damage":0,"enemies":"2 Louse","floor":1,"turns":5},{"damage":0,"enemies":"Small Slimes","floor":4,"turns":5},{"damage":0,"enemies":"Jaw Worm","floor":7,"turns":7},{"damage":10,"enemies":"Exordium Thugs","floor":11,"turns":5},{"damage":18,"enemies":"3 Sentries","floor":12,"turns":11},{"damage":41,"enemies":"Slime Boss","floor":16,"turns":19},{"damage":11,"enemies":"Spheric Guardian","floor":18,"turns":5},{"damage":6,"enemies":"2 Thieves","floor":21,"turns":4},{"damage":36,"enemies":"Cultist and Chosen","floor":22,"turns":9},{"damage":9,"enemies":"Gremlin Leader","floor":23,"turns":5}],"event_choices":[{"event_name":"Big Fish","player_choice":"Donut","floor":3,"damage_taken":0},{"event_name":"Golden Shrine","player_choice":"Pray","floor":5,"damage_taken":0},{"event_name":"Upgrade Shrine","player_choice":"Upgraded","floor":13,"damage_taken":0},{"event_name":"Shining Light","player_choice":"Entered Light","floor":14,"damage_taken":0},{"event_name":"Cursed Tome","player_choice":"Obtained Book","floor":19,"damage_taken":0},{"event_name":"The Library","player_choice":"Heal","floor":20,"damage_taken":0}],"boss_relics":[{"not_picked":["Velvet Choker","Runic Pyramid"],"picked":"Orrery"}],"potions_floor_spawned":[1,7,11,12,21],"seed_played":"-2579800511504506047","killed_by":"Gremlin Leader","ascension_level":13,"is_trial":false}