{"path_per_floor":["M","?","?","?","M","R","$","E","T","M","M","M","R","E","R","B",null,"M","?","M","?","M","R","M","M","T","$","?","R","M","?","R"],"character_chosen":"THE_SILENT","items_purchased":["Malaise","Omamori","Die Die Die"],"gold_per_floor":[118,118,118,118,132,132,55,82,82,96,110,126,126,161,161,238,238,250,340,355,355,375,375,389,400,424,56,56,56,67,67,67,67],"floor_reached":33,"campfire_rested":5,"playtime":3111,"current_hp_per_floor":[59,59,34,34,32,32,32,15,15,15,14,14,33,36,55,26,56,49,25,21,9,9,30,16,12,12,12,12,33,33,17,38,0],"items_purged":["Regret"],"gold":67,"score":437,"play_id":"d8c35f1c-a03b-46c5-a091-579020ffaccf","local_time":"20180402193753","is_prod":false,"is_daily":false,"is_ascension_mode":true,"campfire_upgraded":1,"timestamp":1522712273,"path_taken":["M","?","?","?","M","R","$","E","T","?","M","M","R","E","R","BOSS","M","?","M","?","M","R","?","M","T","$","?","R","M","?","R","BOSS"],"build_version":"2018-03-29","purchased_purges":1,"victory":false,"master_deck":["Defend_G","Defend_G","Defend_G","Defend_G","Defend_G","Strike_G","Strike_G","Strike_G","Strike_G","Survivor","Neutralize+1","AscendersBane","Well Laid Plans","Cloak And Dagger+1","Escape Plan","Malaise","Leg Sweep","Acrobatics","Dagger Throw","Backstab","Escape Plan","Burst","Flash of Steel","Expertise","Eviscerate","Endless Agony","Footwork","Die Die Die","Escape Plan"],"max_hp_per_floor":[66,66,66,66,66,66,66,66,66,66,66,66,66,66,66,66,66,66,66,66,71,71,71,71,71,71,71,71,71,71,71,71,71],"relics":["Ring of the Snake","Ninja Scroll","Happy Flower","Ginger","Orichalcum","Cursed Key","Blood Vial","Omamori","Enchiridion"],"card_choices":[{"not_picked":["Catalyst","Dodge and Roll"],"picked":"Cloak And Dagger","floor":1.0},{"not_picked":["Infinite Blades","Riddle With Holes"],"picked":"Escape Plan","floor":5.0},{"not_picked":["Venomology","Acrobatics"],"picked":"Leg Sweep","floor":8.0},{"not_picked":["Slice","Prepared"],"picked":"Acrobatics","floor":10.0},{"not_picked":["Deflect","Outmaneuver"],"picked":"Dagger Throw","floor":11.0},{"not_picked":["Poisoned Stab","Masterful Stab"],"picked":"Backstab","floor":12.0},{"not_picked":["Concentrate","Leg Sweep"],"picked":"Escape Plan","floor":14.0},{"not_picked":["Tactician","Adrenaline"],"picked":"Burst","floor":16.0},{"not_picked":["Deadly Poison","Outmaneuver"],"picked":"Expertise","floor":20},{"not_picked":["Dagger Spray","Outmaneuver"],"picked":"Eviscerate","floor":22},{"not_picked":["Doppelganger","Dodge and Roll"],"picked":"Endless Agony","floor":24},{"not_picked":["All Out Attack","Deflect"],"picked":"Footwork","floor":25},{"not_picked":["Outmaneuver","Cloak And Dagger"],"picked":"Escape Plan","floor":30}],"player_experience":349607,"potions_floor_usage":[22,24,33],"damage_taken":[{"damage":0.0,"enemies":"Jaw Worm","floor":1.0,"turns":10.0},{"damage":2.0,"enemies":"Cultist","floor":5.0,"turns":4.0},{"damage":17.0,"enemies":"Lagavulin","floor":8.0,"turns":12.0},{"damage":0.0,"enemies":"2 Louse","floor":10.0,"turns":2.0},{"damage":1.0,"enemies":"Exordium Thugs","floor":11.0,"turns":6.0},{"damage":0.0,"enemies":"3 Louse","floor":12.0,"turns":2.0},{"damage":6.0,"enemies":"Gremlin Nob","floor":14.0,"turns":4.0},{"damage":29.0,"enemies":"Slime Boss","floor":16.0,"turns":19.0},{"damage":7,"enemies":"Spheric Guardian","floor":18,"turns":8},{"damage":4,"enemies":"Chosen","floor":20,"turns":7},{"damage":12,"enemies":"Centurion and Healer","floor":22,"turns":12},{"damage":14,"enemies":"3 Cultists","floor":24,"turns":7},{"damage":4,"enemies":"Snake Plant","floor":25,"turns":7},{"damage":2,"enemies":"Slaver and Parasite","floor":30,"turns":8},{"damage":52,"enemies":"Automaton","floor":33,"turns":12}],"event_choices":[{"event_name":"Upgrade Shrine","player_choice":"Upgraded","floor":2.0,"damage_taken":0.0},{"event_name":"Scrap Ooze","player_choice":"success","floor":3.0,"damage_taken":25.0},{"event_name":"The Woman in Blue","player_choice":"Bought 0 Potions","floor":4.0,"damage_taken":0.0},{"event_name":"Knowing Skull","player_choice":"CARD GOLD ","floor":19,"damage_taken":0},{"event_name":"Forgotten Altar","player_choice":"Shed Blood","floor":21,"damage_taken":0},{"event_name":"Ghosts","player_choice":"Ignored","floor":28,"damage_taken":0},{"event_name":"Cursed Tome","player_choice":"Obtained Book","floor":31,"damage_taken":0}],"boss_relics":[],"potions_floor_spawned":[10,12,14,16,20,25],"seed_played":"-7249100977162071447","killed_by":"Automaton","ascension_level":14,"is_trial":false}