{"path_per_floor":["M","?","$","?","?","R","M","M","T","R","?","?","R","M","R","B",null,"M","?","M","M","?","R","E","R","T","T","M","$","M"],"character_chosen":"THE_SILENT","items_purchased":["Cloak And Dagger","Malaise","Meat on the Bone"],"gold_per_floor":[112,112,10,10,10,10,29,43,43,43,43,43,43,58,58,151,151,165,165,179,197,197,197,231,231,308,308,332,10,29,29],"floor_reached":31,"campfire_rested":3,"playtime":1826,"current_hp_per_floor":[63,38,38,38,21,42,37,39,39,39,39,39,39,35,56,11,55,45,68,62,42,42,42,9,30,30,30,24,24,26,0],"items_purged":["Strike_G"],"gold":29,"score":401,"play_id":"e6d9af23-4d3f-4653-af3c-7928c3e6d271","local_time":"20180401065421","is_prod":false,"is_daily":false,"is_ascension_mode":true,"campfire_upgraded":3,"timestamp":1522580061,"path_taken":["M","?","$","?","?","R","?","?","T","R","?","?","R","M","R","BOSS","M","?","M","?","?","R","E","R","T","?","?","$","M","?"],"build_version":"2018-03-29","purchased_purges":1,"victory":false,"master_deck":["Defend_G+1","Defend_G+1","Defend_G+1","Defend_G+1","Defend_G+1","Strike_G+1","Strike_G+1","Strike_G+1","Survivor","Neutralize+1","AscendersBane","Slice","Cloak And Dagger","Dash+1","Crippling Poison","Noxious Fumes+1","Burst","Cloak And Dagger+1","Bane","Terror","Finisher","Footwork+1","Malaise","Bouncing Flask"],"max_hp_per_floor":[70,70,70,70,70,70,70,70,70,70,70,70,70,70,70,70,70,70,70,70,70,70,70,70,70,70,70,70,70,70,70],"relics":["Ring of the Snake","Blood Vial","Golden Idol","Ice Cream","Question Card","Sozu","Frozen Egg 2","Mummified Hand","Toolbox","Meat on the Bone"],"card_choices":[{"not_picked":["Choke","Deflect"],"picked":"Slice","floor":1},{"not_picked":["Sucker Punch","Riddle With Holes"],"picked":"Dash","floor":7},{"not_picked":["Underhanded Strike","Dagger Throw","Cloak And Dagger"],"picked":"Noxious Fumes","floor":14},{"not_picked":["Phantasmal Killer","Corpse Explosion","Wraith Form"],"picked":"Burst","floor":16},{"not_picked":["Dash","Slice","Bouncing Flask"],"picked":"Cloak And Dagger","floor":18},{"not_picked":["All Out Attack","Flechettes","Flying Knee"],"picked":"Bane","floor":20},{"not_picked":["Dagger Throw","Blade Dance","Prepared"],"picked":"Terror","floor":21},{"not_picked":["Underhanded Strike","Dagger Throw","Infinite Blades"],"picked":"Finisher","floor":24},{"not_picked":["Expertise","Dagger Spray","Predator"],"picked":"Footwork","floor":28},{"not_picked":["Poisoned Stab","Flechettes","Cloak And Dagger"],"picked":"Bouncing Flask","floor":30}],"player_experience":324630,"potions_floor_usage":[16],"damage_taken":[{"damage":0,"enemies":"Small Slimes","floor":1,"turns":5},{"damage":7,"enemies":"Jaw Worm","floor":7,"turns":6},{"damage":0,"enemies":"Cultist","floor":8,"turns":5},{"damage":6,"enemies":"Lots of Slimes","floor":14,"turns":5},{"damage":59,"enemies":"Slime Boss","floor":16,"turns":16},{"damage":12,"enemies":"Spheric Guardian","floor":18,"turns":6},{"damage":8,"enemies":"3 Byrds","floor":20,"turns":6},{"damage":22,"enemies":"Snecko","floor":21,"turns":6},{"damage":35,"enemies":"Gremlin Leader","floor":24,"turns":10},{"damage":8,"enemies":"3 Cultists","floor":28,"turns":5},{"damage":12,"enemies":"Chosen and Byrds","floor":30,"turns":9},{"damage":34,"enemies":"Cultist and Chosen","floor":31,"turns":6}],"event_choices":[{"event_name":"Scrap Ooze","player_choice":"success","floor":2,"damage_taken":25},{"event_name":"The Cleric","player_choice":"Leave","floor":4,"damage_taken":0},{"event_name":"Golden Idol","player_choice":"Take Damage","floor":5,"damage_taken":0},{"event_name":"Dead Adventurer","player_choice":"Searched \u00272\u0027 times","floor":11,"damage_taken":0},{"event_name":"Transmorgrifier","player_choice":"Transform","floor":12,"damage_taken":0},{"event_name":"The Library","player_choice":"Heal","floor":19,"damage_taken":0},{"event_name":"Back to Basics","player_choice":"Simplicity","floor":22,"damage_taken":0}],"boss_relics":[{"not_picked":["Velvet Choker","Runic Pyramid"],"picked":"Sozu"}],"potions_floor_spawned":[1,20,28],"seed_played":"3186694989845378661","killed_by":"Cultist and Chosen","ascension_level":13,"is_trial":false}