{"path_per_floor":["M","?","$","M","M","R","?","R","T","M","E","R","?","M","R","B",null,"M","$","?","M","M","R","?","?","T","?","?"],"character_chosen":"THE_SILENT","items_purchased":["Footwork","Acrobatics"],"gold_per_floor":[118,118,40,53,63,63,63,63,63,80,110,110,110,122,122,199,199,213,112,112,82,101,101,134,134,202,202,202,202],"floor_reached":29,"campfire_rested":1,"playtime":1829,"current_hp_per_floor":[63,63,63,63,63,63,63,63,63,63,44,44,37,49,49,40,57,41,41,41,28,19,37,9,9,9,9,9,0],"items_purged":["Strike_G"],"gold":202,"score":391,"play_id":"3981a10e-8af0-4d81-863d-316f1fd14172","local_time":"20180401204950","is_prod":false,"is_daily":false,"is_ascension_mode":true,"campfire_upgraded":4,"timestamp":1522630190,"path_taken":["M","?","$","M","M","R","?","R","T","M","E","R","?","M","R","BOSS","M","$","?","M","M","R","?","?","T","?","?","E"],"build_version":"2018-03-29","purchased_purges":3,"victory":false,"master_deck":["Defend_G","Defend_G","Defend_G","Defend_G","Strike_G","Strike_G","Survivor+1","Neutralize+1","AscendersBane","Backflip+1","Footwork+1","Slice","Dagger Spray+1","Backstab","Calculated Gamble","Flying Knee","Tools of the Trade","Acrobatics","Doppelganger","Escape Plan","Terror","Cloak And Dagger","Decay","Ghostly","Ghostly","Ghostly","Ghostly","Ghostly"],"max_hp_per_floor":[63,63,63,63,63,63,63,63,63,63,63,63,63,63,63,63,63,63,63,63,63,63,63,63,63,63,63,31,31],"relics":["Ring of the Snake","Juzu Bracelet","Sundial","Ornamental Fan","Runic Pyramid","Red Mask","The Courier"],"card_choices":[{"not_picked":["Calculated Gamble","Deflect"],"picked":"Backflip","floor":1},{"not_picked":["PiercingWail","Outmaneuver"],"picked":"Slice","floor":4},{"not_picked":["Prepared","Caltrops"],"picked":"Dagger Spray","floor":5},{"not_picked":["Sucker Punch","Outmaneuver"],"picked":"Backstab","floor":10},{"not_picked":["Phantasmal Killer","PiercingWail"],"picked":"Calculated Gamble","floor":11},{"not_picked":["Quick Slash","Prepared"],"picked":"Flying Knee","floor":14},{"not_picked":["Bullet Time","Grand Finale"],"picked":"Tools of the Trade","floor":16},{"not_picked":["Calculated Gamble","Blade Dance"],"picked":"Escape Plan","floor":21},{"not_picked":["Poisoned Stab","Footwork"],"picked":"Terror","floor":22},{"not_picked":["Dagger Spray","Concentrate"],"picked":"Cloak And Dagger","floor":24}],"player_experience":337170,"potions_floor_usage":[14,16,24,24],"damage_taken":[{"damage":0,"enemies":"Jaw Worm","floor":1,"turns":7},{"damage":0,"enemies":"Cultist","floor":4,"turns":5},{"damage":0,"enemies":"Small Slimes","floor":5,"turns":4},{"damage":0,"enemies":"3 Louse","floor":10,"turns":3},{"damage":19,"enemies":"Gremlin Nob","floor":11,"turns":6},{"damage":0,"enemies":"Large Slime","floor":14,"turns":5},{"damage":9,"enemies":"The Guardian","floor":16,"turns":21},{"damage":16,"enemies":"Chosen","floor":18,"turns":6},{"damage":13,"enemies":"2 Thieves","floor":21,"turns":5},{"damage":9,"enemies":"Centurion and Healer","floor":22,"turns":8},{"damage":28,"enemies":"Masked Bandits","floor":24,"turns":5},{"damage":15,"enemies":"Gremlin Leader","floor":29,"turns":3}],"event_choices":[{"event_name":"Upgrade Shrine","player_choice":"Upgraded","floor":2,"damage_taken":0},{"event_name":"Living Wall","player_choice":"Forget","floor":7,"damage_taken":0},{"event_name":"Scrap Ooze","player_choice":"success","floor":13,"damage_taken":7},{"event_name":"The Library","player_choice":"Read","floor":20,"damage_taken":0},{"event_name":"Masked Bandits","player_choice":"Fought over 101 gold","floor":24,"damage_taken":0},{"event_name":"Cursed Tome","player_choice":"Ignored","floor":25,"damage_taken":0},{"event_name":"Forgotten Altar","player_choice":"Smashed Altar","floor":27,"damage_taken":0},{"event_name":"Ghosts","player_choice":"Became a Ghost","floor":28,"damage_taken":0}],"boss_relics":[{"not_picked":["Eternal Feather","Velvet Choker"],"picked":"Runic Pyramid"}],"potions_floor_spawned":[1,10,11,21],"seed_played":"-7421415700122250391","killed_by":"Gremlin Leader","ascension_level":13,"is_trial":false}