{"path_per_floor":["M","?","M","?","$","R","M","M","T","R","M","R","$","T","R","B",null,"M","$","?","?","M","R","M","R","T","E","R","E","M","M","R","B",null,"M","?","M","?","$","R","E","R","T","R","?","M","R","E","R","B"],"character_chosen":"THE_SILENT","items_purchased":["Noxious Fumes","Backflip","Well Laid Plans","Bird Faced Urn"],"gold_per_floor":[115,115,134,134,63,63,76,88,88,88,106,106,3,3,3,107,107,91,16,16,16,31,31,47,47,70,98,98,127,140,155,155,254,284,298,351,368,368,68,68,93,93,93,93,93,104,104,136,136,136],"floor_reached":51,"campfire_rested":2,"playtime":4943,"current_hp_per_floor":[63,63,63,63,63,63,60,54,54,54,40,40,40,40,40,60,62,53,53,37,31,18,27,21,21,21,16,25,12,12,12,12,29,36,36,36,36,36,36,36,33,33,33,33,28,27,27,33,33,34],"items_purged":["Defend_G"],"gold":136,"score":1141,"play_id":"f8b24c9d-1bc1-4248-b554-4f31bbd6369f","local_time":"20180331111132","is_prod":false,"is_daily":false,"is_ascension_mode":true,"campfire_upgraded":11,"timestamp":1522509092,"path_taken":["M","?","?","?","$","R","M","M","T","R","M","R","$","?","R","BOSS","M","$","?","?","M","R","M","R","T","E","R","E","M","M","R","BOSS","M","?","M","?","$","R","E","R","T","R","?","M","R","E","R","BOSS"],"build_version":"2018-03-29","purchased_purges":2,"victory":true,"master_deck":["Defend_G","Defend_G","Defend_G+1","Survivor","Neutralize+1","AscendersBane","Caltrops+1","Setup+1","Dash+1","Flying Knee+1","Cloak And Dagger","Noxious Fumes+1","Malaise+1","Backflip","Well Laid Plans+1","Burst+1","Bouncing Flask+1","Choke+1","Noxious Fumes+1","Footwork+1","Ghostly","Ghostly","Ghostly","Ghostly","Ghostly","Blur+1","Terror+1","Calculated Gamble+1","Prepared+1","Tools of the Trade+1","Outmaneuver+1","Secret Technique+1","Madness","Madness+1","Prepared+1"],"max_hp_per_floor":[63,63,63,63,63,63,63,63,63,63,63,63,63,63,63,63,63,63,63,63,31,31,31,31,31,31,31,31,31,31,31,31,31,36,36,36,36,36,36,36,36,36,36,36,36,36,36,36,36,36],"relics":["Ring of the Snake","Pantograph","War Paint","Astrolabe","Enchiridion","Whetstone","Pen Nib","Lantern","Tiny House","Tingsha","Bird Faced Urn","Molten Egg 2","Vajra","Mercury Hourglass"],"card_choices":[{"not_picked":["Underhanded Strike","Eviscerate"],"picked":"Dash","floor":1},{"not_picked":["Crippling Poison","PiercingWail"],"picked":"Flying Knee","floor":3},{"not_picked":["Distraction","Blade Dance"],"picked":"Malaise","floor":11},{"not_picked":["Die Die Die","Storm of Steel"],"picked":"Burst","floor":16},{"not_picked":["Bane","PiercingWail"],"picked":"Footwork","floor":18},{"not_picked":["Setup","Deadly Poison"],"picked":"Blur","floor":22},{"not_picked":["Dagger Spray","Leg Sweep"],"picked":"Terror","floor":24},{"not_picked":["Blur","Predator"],"picked":"Calculated Gamble","floor":27},{"not_picked":["Quick Slash","Escape Plan"],"picked":"Prepared","floor":29},{"not_picked":["Venomology","Bullet Time"],"picked":"Tools of the Trade","floor":33},{"not_picked":["Cloak And Dagger","Deadly Poison"],"picked":"Outmaneuver","floor":35},{"not_picked":["Dark Shackles","Deep Breath"],"picked":"Secret Technique","floor":38},{"not_picked":["Bouncing Flask","Outmaneuver"],"picked":"Prepared","floor":48}],"player_experience":302639,"potions_floor_usage":[8,8,24,33,46,50],"damage_taken":[{"damage":0,"enemies":"Jaw Worm","floor":1,"turns":7},{"damage":0,"enemies":"Cultist","floor":3,"turns":4},{"damage":3,"enemies":"Small Slimes","floor":7,"turns":4},{"damage":6,"enemies":"Gremlin Gang","floor":8,"turns":6},{"damage":14,"enemies":"Exordium Thugs","floor":11,"turns":6},{"damage":3,"enemies":"Hexaghost","floor":16,"turns":10},{"damage":9,"enemies":"2 Thieves","floor":18,"turns":5},{"damage":13,"enemies":"3 Byrds","floor":22,"turns":3},{"damage":6,"enemies":"Centurion and Healer","floor":24,"turns":10},{"damage":5,"enemies":"Gremlin Leader","floor":27,"turns":8},{"damage":13,"enemies":"Slavers","floor":29,"turns":7},{"damage":0,"enemies":"Snake Plant","floor":30,"turns":7},{"damage":0,"enemies":"3 Cultists","floor":31,"turns":5},{"damage":2,"enemies":"Champ","floor":33,"turns":12},{"damage":0,"enemies":"Orb Walker","floor":35,"turns":5},{"damage":0,"enemies":"Mysterious Sphere","floor":36,"turns":7},{"damage":0,"enemies":"Flame Bruiser 1 Orb","floor":37,"turns":6},{"damage":5,"enemies":"Giant Head","floor":41,"turns":10},{"damage":11,"enemies":"Sphere and 2 Shapes","floor":46,"turns":6},{"damage":6,"enemies":"Nemesis","floor":48,"turns":7},{"damage":8,"enemies":"Donu and Deca","floor":50,"turns":10}],"event_choices":[{"event_name":"Upgrade Shrine","player_choice":"Upgraded","floor":2,"damage_taken":0},{"event_name":"Transmorgrifier","player_choice":"Transform","floor":4,"damage_taken":0},{"event_name":"Cursed Tome","player_choice":"Obtained Book","floor":20,"damage_taken":0},{"event_name":"Ghosts","player_choice":"Became a Ghost","floor":21,"damage_taken":0},{"event_name":"Mysterious Sphere","player_choice":"Fight","floor":36,"damage_taken":0},{"event_name":"SensoryStone","player_choice":"Memory 1","floor":38,"damage_taken":0},{"event_name":"Winding Halls","player_choice":"Embrace Madness","floor":45,"damage_taken":0}],"boss_relics":[{"not_picked":["White Beast Statue","Calling Bell"],"picked":"Astrolabe"},{"not_picked":["Velvet Choker","Snecko Eye"],"picked":"Tiny House"}],"potions_floor_spawned":[3,7,18,29,30,31,33,35,41],"seed_played":"-2918093252210830080","ascension_level":12,"is_trial":false}