{"path_per_floor":["M","?","?","?","$","R","?","M","T","R","M","R","?","E","R","B",null,"M","$","?","M"],"character_chosen":"THE_SILENT","items_purchased":["Noxious Fumes"],"gold_per_floor":[113,113,63,63,24,24,52,68,91,91,107,107,107,138,138,243,243,258,183,183,198,198],"floor_reached":22,"campfire_rested":1,"playtime":1013,"current_hp_per_floor":[63,63,63,63,63,63,55,54,54,54,54,54,59,31,53,20,61,28,28,28,19,0],"items_purged":["Strike_G"],"gold":198,"score":279,"play_id":"c823c12b-6222-4706-9894-502958e85db9","local_time":"20180329214404","is_prod":false,"is_daily":false,"is_ascension_mode":true,"campfire_upgraded":3,"timestamp":1522374244,"path_taken":["M","?","?","?","$","R","?","M","T","R","M","R","?","E","R","BOSS","M","$","?","M","?"],"build_version":"2018-03-29","purchased_purges":1,"victory":false,"master_deck":["Defend_G","Defend_G","Defend_G","Defend_G+1","Strike_G","Strike_G+1","Strike_G+1","Survivor","Neutralize+1","AscendersBane","Flechettes","Envenom","Noxious Fumes+1","Outmaneuver+1","Footwork+1","Noxious Fumes","Deadly Poison","Tools of the Trade","Acrobatics+1"],"max_hp_per_floor":[70,70,70,70,70,70,70,70,70,70,70,70,75,75,75,75,75,75,75,75,75,75],"relics":["Ring of the Snake","Bag of Marbles","Odd Mushroom","War Paint","Sozu","Nloth\u0027s Gift"],"card_choices":[{"not_picked":["Bane","Underhanded Strike"],"picked":"Flechettes","floor":1},{"not_picked":["Prepared","Sucker Punch"],"picked":"Outmaneuver","floor":7},{"not_picked":["Tactician","PiercingWail"],"picked":"Footwork","floor":8},{"not_picked":["Acrobatics","Escape Plan"],"picked":"Noxious Fumes","floor":11},{"not_picked":["Corpse Explosion","Sucker Punch"],"picked":"Deadly Poison","floor":14},{"not_picked":["Phantasmal Killer","Adrenaline"],"picked":"Tools of the Trade","floor":16},{"not_picked":["Masterful Stab","Choke"],"picked":"Acrobatics","floor":18}],"player_experience":273362,"potions_floor_usage":[7,8],"damage_taken":[{"damage":0,"enemies":"2 Louse","floor":1,"turns":4},{"damage":8,"enemies":"The Mushroom Lair","floor":7,"turns":5},{"damage":1,"enemies":"Jaw Worm","floor":8,"turns":6},{"damage":0,"enemies":"Small Slimes","floor":11,"turns":3},{"damage":28,"enemies":"Gremlin Nob","floor":14,"turns":6},{"damage":33,"enemies":"The Guardian","floor":16,"turns":9},{"damage":33,"enemies":"2 Thieves","floor":18,"turns":5},{"damage":9,"enemies":"Shell Parasite","floor":21,"turns":6},{"damage":22,"enemies":"Snake Plant","floor":22,"turns":4}],"event_choices":[{"event_name":"Living Wall","player_choice":"Forget","floor":2,"damage_taken":0},{"event_name":"The Cleric","player_choice":"Card Removal","floor":3,"damage_taken":0},{"event_name":"Match and Keep!","player_choice":"1 cards matched","floor":4,"damage_taken":0},{"event_name":"Match and Keep!","player_choice":"1 cards matched","floor":4,"damage_taken":0},{"event_name":"Mushrooms","player_choice":"Fought Mushrooms","floor":7,"damage_taken":0},{"event_name":"Big Fish","player_choice":"Donut","floor":13,"damage_taken":0},{"event_name":"N\u0027loth","player_choice":"Traded a Whetstone","floor":20,"damage_taken":0}],"boss_relics":[{"not_picked":["Eternal Feather","Calling Bell"],"picked":"Sozu"}],"potions_floor_spawned":[1,7],"seed_played":"5151839528498265230","killed_by":"Snake Plant","ascension_level":11,"is_trial":false}