{"path_per_floor":["M","?","M","M","?","E","R","M","T","E","?","M","?","$","R"],"character_chosen":"THE_SILENT","items_purchased":["Bronze Scales","Regen Potion"],"gold_per_floor":[117,117,136,147,72,103,103,118,164,194,194,206,206,2,2,2],"floor_reached":16,"campfire_rested":2,"playtime":627,"current_hp_per_floor":[58,58,58,57,57,24,43,41,41,8,8,8,8,8,27,0],"items_purged":[],"gold":2,"score":193,"play_id":"c9de7777-1c37-4737-a15b-9aa33c2b11c0","local_time":"20180413121305","is_prod":false,"is_daily":false,"chose_seed":false,"is_ascension_mode":true,"campfire_upgraded":0,"timestamp":1523635985,"path_taken":["M","?","M","M","?","E","R","M","T","E","?","M","?","$","R","BOSS"],"build_version":"2018-04-12","seed_source_timestamp":155608185669050,"purchased_purges":0,"victory":false,"master_deck":["Defend_G","Defend_G","Defend_G","Defend_G","Strike_G","Strike_G","Strike_G","Survivor","Neutralize+1","AscendersBane","Backstab","Cloak And Dagger","Cloak And Dagger","Finisher","Acrobatics","Bullet Time","Cloak And Dagger"],"max_hp_per_floor":[66,66,66,66,66,66,66,66,66,66,66,66,66,66,66,66],"relics":["Ring of the Snake","Torii","Pen Nib","Blue Candle","Bronze Scales"],"card_choices":[{"not_picked":["Sucker Punch","Outmaneuver"],"picked":"Backstab","floor":1},{"not_picked":["Backflip","Underhanded Strike"],"picked":"Cloak And Dagger","floor":3},{"not_picked":["Sucker Punch","Acrobatics"],"picked":"Cloak And Dagger","floor":4},{"not_picked":["Setup","Deadly Poison"],"picked":"Finisher","floor":6},{"not_picked":["Outmaneuver","Setup"],"picked":"Acrobatics","floor":8},{"not_picked":["Cloak And Dagger","Leg Sweep"],"picked":"Bullet Time","floor":10},{"not_picked":["Poisoned Stab","Dagger Throw"],"picked":"Cloak And Dagger","floor":12}],"player_experience":453981,"potions_floor_usage":[6,16],"damage_taken":[{"damage":1,"enemies":"2 Louse","floor":1,"turns":3},{"damage":0,"enemies":"Cultist","floor":3,"turns":4},{"damage":1,"enemies":"Jaw Worm","floor":4,"turns":3},{"damage":33,"enemies":"Lagavulin","floor":6,"turns":10},{"damage":2,"enemies":"Looter","floor":8,"turns":3},{"damage":33,"enemies":"Gremlin Nob","floor":10,"turns":5},{"damage":0,"enemies":"Exordium Thugs","floor":12,"turns":3},{"damage":47,"enemies":"The Guardian","floor":16,"turns":13}],"event_choices":[{"event_name":"Bonfire Elementals","player_choice":"BASIC","floor":2,"damage_taken":0},{"event_name":"The Cleric","player_choice":"Card Removal","floor":5,"damage_taken":0},{"event_name":"Purifier","player_choice":"One Purge","floor":11,"damage_taken":0},{"event_name":"Shining Light","player_choice":"Ignored","floor":13,"damage_taken":0}],"boss_relics":[],"potions_floor_spawned":[3],"seed_played":"8141479918588754546","killed_by":"The Guardian","ascension_level":15,"is_trial":false}