{"path_per_floor":["M","?","$","?","M","R","?","E","T","E","R","M","M","M","R","B",null,"M","$","?","M","M","E","R","$","T","E","M","M","R","M","R","B",null,"M","M","?","M","?","R","E","R","T","E","M","$","M","$","R","B"],"character_chosen":"THE_SILENT","items_purchased":["Noxious Fumes","Energy Potion"],"gold_per_floor":[114,114,5,5,16,16,16,50,50,84,84,103,118,131,131,206,206,206,206,156,156,156,156,156,156,156,156,156,156,156,156,156,156,156,156,156,156,156,156,156,156,156,156,156,156,156,156,6,6,6],"floor_reached":51,"campfire_rested":4,"playtime":4086,"current_hp_per_floor":[57,53,53,53,53,53,53,38,38,33,57,57,57,56,56,67,77,77,77,77,77,66,48,72,72,72,55,46,46,46,46,70,42,76,76,76,70,70,70,70,67,67,67,63,63,63,63,63,85,72],"items_purged":["Decay","Strike_G"],"gold":6,"score":1262,"play_id":"51119c4a-39f2-45ba-bad2-079d3a72f6a7","local_time":"20180413132133","is_prod":false,"is_daily":false,"chose_seed":false,"is_ascension_mode":true,"campfire_upgraded":5,"timestamp":1523640093,"path_taken":["M","?","$","?","?","R","?","E","T","E","R","M","M","M","R","BOSS","M","?","?","M","M","E","R","$","T","E","M","?","R","M","R","BOSS","M","?","?","M","?","R","E","R","T","E","?","?","M","$","R","BOSS"],"build_version":"2018-04-12","seed_source_timestamp":156245448909284,"purchased_purges":3,"victory":true,"master_deck":["Defend_G","Defend_G","Defend_G","Defend_G","Defend_G","Strike_G","Strike_G","Survivor","Neutralize+1","AscendersBane","Quick Slash","Noxious Fumes+1","Backflip","Calculated Gamble+1","Acrobatics","Glass Knife","Dagger Throw","Concentrate+1","Reflex+1","Unload","Calculated Gamble","Predator+1","Blur+1","Malaise+1","Well Laid Plans+1","Adrenaline+1","Tools of the Trade","Dodge and Roll+1","PiercingWail","PiercingWail"],"max_hp_per_floor":[66,80,80,80,80,80,80,80,80,80,80,80,80,80,80,80,80,80,80,80,80,80,80,80,80,80,80,80,80,80,80,80,80,85,85,85,85,85,85,85,85,85,85,85,85,85,85,85,85,85],"relics":["Ring of the Snake","Tingsha","Mango","Darkstone Periapt","Letter Opener","Tough Bandages","Ectoplasm","Dream Catcher","Molten Egg 2","Pen Nib","Tiny House","Ginger","Bronze Scales","Bottled Lightning","War Paint"],"card_choices":[{"not_picked":["Bouncing Flask","Finisher"],"picked":"Quick Slash","floor":1},{"not_picked":["All Out Attack","Bane"],"picked":"Calculated Gamble","floor":5},{"not_picked":["Bane","Cloak And Dagger"],"picked":"Acrobatics","floor":8},{"not_picked":["Underhanded Strike","Heel Hook"],"picked":"Glass Knife","floor":10},{"not_picked":["PiercingWail","Dodge and Roll"],"picked":"Dagger Throw","floor":12},{"not_picked":["Backflip","Heel Hook"],"picked":"Concentrate","floor":13},{"not_picked":["Prepared","Deflect"],"picked":"Reflex","floor":14},{"not_picked":["Night Terror","Phantasmal Killer"],"picked":"Unload","floor":16},{"not_picked":["Backflip","Underhanded Strike"],"picked":"Calculated Gamble","floor":22},{"not_picked":["Dagger Spray","Poisoned Stab"],"picked":"Predator","floor":23},{"not_picked":["Flying Knee","Bane"],"picked":"Blur","floor":24},{"not_picked":["Finisher","Dodge and Roll"],"picked":"Malaise","floor":27},{"not_picked":["Sucker Punch","Terror"],"picked":"Well Laid Plans","floor":32},{"not_picked":["Venomology","Phantasmal Killer"],"picked":"Adrenaline","floor":33},{"not_picked":["Prepared","Blur"],"picked":"Tools of the Trade","floor":37},{"not_picked":["Slice","All Out Attack"],"picked":"Dodge and Roll","floor":41},{"not_picked":["Dagger Spray","Dagger Throw"],"picked":"PiercingWail","floor":44},{"not_picked":["Terror","Poisoned Stab"],"picked":"PiercingWail","floor":45}],"player_experience":454608,"potions_floor_usage":[8,16,16,21,23,23,36,45,50,50,50],"damage_taken":[{"damage":2,"enemies":"Small Slimes","floor":1,"turns":5},{"damage":0,"enemies":"Jaw Worm","floor":5,"turns":5},{"damage":15,"enemies":"Lagavulin","floor":8,"turns":7},{"damage":5,"enemies":"3 Sentries","floor":10,"turns":6},{"damage":0,"enemies":"2 Louse","floor":12,"turns":2},{"damage":0,"enemies":"2 Fungi Beasts","floor":13,"turns":3},{"damage":1,"enemies":"Red Slaver","floor":14,"turns":3},{"damage":1,"enemies":"Slime Boss","floor":16,"turns":8},{"damage":0,"enemies":"Spheric Guardian","floor":18,"turns":3},{"damage":0,"enemies":"Shell Parasite","floor":21,"turns":2},{"damage":11,"enemies":"Snecko","floor":22,"turns":4},{"damage":18,"enemies":"Book of Stabbing","floor":23,"turns":5},{"damage":17,"enemies":"Slavers","floor":27,"turns":5},{"damage":9,"enemies":"Snake Plant","floor":28,"turns":6},{"damage":0,"enemies":"Sentry and Sphere","floor":29,"turns":3},{"damage":0,"enemies":"Snecko","floor":31,"turns":5},{"damage":28,"enemies":"Automaton","floor":33,"turns":10},{"damage":0,"enemies":"Orb Walker","floor":35,"turns":2},{"damage":0,"enemies":"Flame Bruiser 1 Orb","floor":36,"turns":4},{"damage":6,"enemies":"Mysterious Sphere","floor":37,"turns":4},{"damage":0,"enemies":"3 Darklings","floor":38,"turns":4},{"damage":3,"enemies":"Giant Head","floor":41,"turns":10},{"damage":4,"enemies":"Nemesis","floor":44,"turns":9},{"damage":0,"enemies":"Sphere and 2 Shapes","floor":45,"turns":3},{"damage":0,"enemies":"4 Shapes","floor":47,"turns":5},{"damage":13,"enemies":"Awakened One","floor":50,"turns":15}],"event_choices":[{"event_name":"Scrap Ooze","player_choice":"success","floor":2,"damage_taken":18},{"event_name":"Transmorgrifier","player_choice":"Transform","floor":4,"damage_taken":0},{"event_name":"Liars Game","player_choice":"disagreed","floor":7,"damage_taken":0},{"event_name":"The Joust","player_choice":"Bet on Murderer","floor":20,"damage_taken":0},{"event_name":"Mysterious Sphere","player_choice":"Fight","floor":37,"damage_taken":0}],"boss_relics":[{"not_picked":["Lizard Tail","Orrery"],"picked":"Ectoplasm"},{"not_picked":["Philosopher\u0027s Stone","Calling Bell"],"picked":"Tiny House"}],"potions_floor_spawned":[5,12,13,16,18,22,31,37,38,41],"seed_played":"-5602092069091944094","ascension_level":15,"is_trial":false}