{"path_per_floor":["M","?","?","$","?","R","E","?","T","E","R","$","?","?","R","B",null,"M","?","T","?","?","R","M"],"character_chosen":"THE_SILENT","items_purchased":["Noxious Fumes","Well Laid Plans"],"gold_per_floor":[113,363,363,211,361,361,400,400,400,444,444,275,275,200,200,296,296,317,317,317,317,317,317,338,338],"floor_reached":25,"campfire_rested":2,"playtime":863,"current_hp_per_floor":[59,59,36,36,36,36,36,27,27,27,27,27,27,27,46,35,58,29,20,20,20,20,39,36,0],"items_purged":["Regret","Doubt"],"gold":338,"score":439,"play_id":"22b83f6f-5f7d-4d84-b7c7-2f59611459a5","local_time":"20180410001822","is_prod":false,"is_daily":false,"is_ascension_mode":true,"campfire_upgraded":2,"timestamp":1523333902,"path_taken":["M","?","?","$","?","R","E","?","T","E","R","$","?","?","R","BOSS","M","?","?","?","?","R","M","E"],"build_version":"2018-04-05","purchased_purges":2,"victory":false,"master_deck":["Defend_G","Defend_G","Defend_G","Defend_G","Strike_G","Strike_G","Survivor","Neutralize+1","AscendersBane","Deadly Poison","Noxious Fumes+1","Catalyst+1","Footwork","Well Laid Plans","Venomology","Skewer+1","Escape Plan+1","Flechettes+1","Catalyst","Bane"],"max_hp_per_floor":[66,66,66,66,66,66,66,66,66,66,66,66,66,66,66,66,66,66,66,66,66,66,66,66,66],"relics":["Ring of the Snake","NeowsBlessing","Golden Idol","Juzu Bracelet","Bag of Preparation","Ancient Tea Set","Astrolabe","Peace Pipe"],"card_choices":[{"not_picked":["Accuracy","Heel Hook"],"picked":"Deadly Poison","floor":1},{"not_picked":["Deadly Poison","Sucker Punch"],"picked":"Catalyst","floor":7},{"not_picked":["Endless Agony","Blade Dance"],"picked":"Footwork","floor":10},{"not_picked":["Phantasmal Killer","Storm of Steel"],"picked":"Venomology","floor":16},{"not_picked":["Backflip","PiercingWail"],"picked":"Catalyst","floor":18},{"not_picked":["Quick Slash","Dagger Spray"],"picked":"Bane","floor":24}],"player_experience":404837,"potions_floor_usage":[16,18,18,25],"damage_taken":[{"damage":0,"enemies":"Jaw Worm","floor":1,"turns":1},{"damage":0,"enemies":"3 Sentries","floor":7,"turns":1},{"damage":0,"enemies":"Lagavulin","floor":10,"turns":1},{"damage":11,"enemies":"Slime Boss","floor":16,"turns":9},{"damage":29,"enemies":"Chosen","floor":18,"turns":6},{"damage":3,"enemies":"3 Byrds","floor":24,"turns":5},{"damage":45,"enemies":"Gremlin Leader","floor":25,"turns":7}],"event_choices":[{"event_name":"Golden Shrine","player_choice":"Desecrate","floor":2,"damage_taken":0},{"event_name":"Golden Idol","player_choice":"Take Damage","floor":3,"damage_taken":0},{"event_name":"Liars Game","player_choice":"agreed","floor":5,"damage_taken":0},{"event_name":"Wheel of Change","player_choice":"Damage","floor":8,"damage_taken":0},{"event_name":"Upgrade Shrine","player_choice":"Upgraded","floor":13,"damage_taken":0},{"event_name":"The Cleric","player_choice":"Card Removal","floor":14,"damage_taken":0},{"event_name":"Wheel of Change","player_choice":"Damage","floor":19,"damage_taken":0},{"event_name":"The Mausoleum","player_choice":"No","floor":21,"damage_taken":0},{"event_name":"Drug Dealer","player_choice":"Ignored","floor":22,"damage_taken":0}],"boss_relics":[{"not_picked":["Orrery","Tiny House"],"picked":"Astrolabe"}],"potions_floor_spawned":[1,7],"seed_played":"-740077949915414605","killed_by":"Gremlin Leader","ascension_level":15,"is_trial":false}