{"path_per_floor":["M","?","?","M","M","E","?","M","T","R","M","R","?","M","R","B",null,"M","?","?","?","$","E","R","$","T","E","M","M","R","M","R","B",null,"M","?","M","M","$","R","E","R","T","M","?","M","?","M","R","B"],"character_chosen":"THE_SILENT","items_purchased":["Noxious Fumes"],"gold_per_floor":[99,99,79,79,79,79,79,79,79,79,49,49,49,49,49,49,49,49,49,49,49,15,15,15,15,15,15,15,15,15,15,15,15,15,15,15,15,15,15,15,15,15,15,15,15,15,15,15,15,15],"floor_reached":51,"campfire_rested":5,"playtime":2869,"current_hp_per_floor":[58,58,58,54,54,32,32,31,31,31,30,30,30,22,41,51,62,47,47,66,66,66,30,49,49,51,32,31,33,54,48,48,36,65,65,65,66,55,55,55,54,78,80,77,69,72,72,69,88,81],"items_purged":[],"gold":15,"score":1261,"play_id":"46d5c236-8bca-40ad-8fc5-ae81aefb5bd6","local_time":"20180417004011","is_prod":false,"is_daily":false,"chose_seed":false,"is_ascension_mode":true,"campfire_upgraded":4,"timestamp":1523940011,"path_taken":["M","?","?","M","?","E","?","M","T","R","M","R","?","M","R","BOSS","M","?","?","?","$","E","R","$","T","E","?","M","R","M","R","BOSS","M","?","M","M","$","R","E","R","T","M","?","?","?","M","R","BOSS"],"build_version":"2018-04-13","seed_source_timestamp":457397151021208,"purchased_purges":0,"victory":true,"master_deck":["Survivor","Neutralize+1","AscendersBane","Predator+1","Bouncing Flask+1","Deadly Poison","Backflip","Wraith Form v2+1","Leg Sweep","Catalyst","PiercingWail","Caltrops","PiercingWail","Poisoned Stab+1","Dagger Throw","Noxious Fumes","Escape Plan","Wraith Form v2+1","Catalyst","Well Laid Plans","Bandage Up","Dark Shackles","Accuracy","Poisoned Stab+1"],"max_hp_per_floor":[66,66,66,66,66,66,66,66,66,66,66,66,66,66,66,66,66,66,66,66,66,66,66,66,66,68,68,70,72,72,74,74,74,74,76,76,78,80,80,80,82,82,84,84,86,88,88,88,88,88],"relics":["Ectoplasm","Torii","Letter Opener","Pandora\u0027s Box","Prayer Wheel","Singing Bowl","Whetstone","Philosopher\u0027s Stone","Calipers","Peace Pipe"],"card_choices":[{"not_picked":["Backflip","PiercingWail"],"picked":"Predator","floor":1},{"not_picked":["Eviscerate","Cloak And Dagger"],"picked":"Bouncing Flask","floor":6},{"not_picked":["Choke","Dagger Throw"],"picked":"Deadly Poison","floor":8},{"not_picked":["Prepared","Riddle With Holes"],"picked":"Backflip","floor":11},{"not_picked":["Bullet Time","Storm of Steel"],"picked":"Wraith Form v2","floor":16},{"not_picked":["Sucker Punch","Backflip"],"picked":"Escape Plan","floor":27},{"not_picked":["Tactician","After Image"],"picked":"Wraith Form v2","floor":33},{"not_picked":["Glass Knife","Choke"],"picked":"Well Laid Plans","floor":44},{"not_picked":["Blind","Jack Of All Trades"],"picked":"Bandage Up","floor":45},{"not_picked":["Thinking Ahead","Mind Blast"],"picked":"Dark Shackles","floor":45},{"not_picked":["Predator","Masterful Stab"],"picked":"Poisoned Stab","floor":48}],"player_experience":494099,"potions_floor_usage":[6,16,23,23,33,41,50,50],"damage_taken":[{"damage":1,"enemies":"Cultist","floor":1,"turns":5},{"damage":4,"enemies":"Jaw Worm","floor":4,"turns":4},{"damage":0,"enemies":"2 Louse","floor":5,"turns":3},{"damage":22,"enemies":"Lagavulin","floor":6,"turns":9},{"damage":1,"enemies":"Gremlin Gang","floor":8,"turns":5},{"damage":1,"enemies":"Looter","floor":11,"turns":3},{"damage":8,"enemies":"Exordium Thugs","floor":14,"turns":4},{"damage":2,"enemies":"The Guardian","floor":16,"turns":9},{"damage":15,"enemies":"Chosen","floor":18,"turns":4},{"damage":36,"enemies":"Slavers","floor":23,"turns":7},{"damage":19,"enemies":"Book of Stabbing","floor":27,"turns":5},{"damage":3,"enemies":"3 Byrds","floor":28,"turns":3},{"damage":0,"enemies":"Snake Plant","floor":29,"turns":3},{"damage":8,"enemies":"Cultist and Chosen","floor":31,"turns":6},{"damage":12,"enemies":"Collector","floor":33,"turns":8},{"damage":2,"enemies":"3 Darklings","floor":35,"turns":6},{"damage":1,"enemies":"Orb Walker","floor":37,"turns":3},{"damage":13,"enemies":"Flame Bruiser 2 Orb","floor":38,"turns":6},{"damage":3,"enemies":"Nemesis","floor":41,"turns":7},{"damage":3,"enemies":"Spire Growth","floor":44,"turns":5},{"damage":3,"enemies":"3 Darklings","floor":46,"turns":5},{"damage":3,"enemies":"4 Shapes","floor":48,"turns":4},{"damage":11,"enemies":"Time Eater","floor":50,"turns":11}],"event_choices":[{"event_name":"Golden Idol","player_choice":"Ignored","floor":2,"damage_taken":0},{"event_name":"The Woman in Blue","player_choice":"Bought 1 Potion","floor":3,"damage_taken":0},{"event_name":"Golden Shrine","player_choice":"Pray","floor":7,"damage_taken":0},{"event_name":"The Lab","player_choice":"Got Potions","floor":13,"damage_taken":0},{"event_name":"Purifier","player_choice":"One Purge","floor":19,"damage_taken":0},{"event_name":"Bonfire Elementals","player_choice":"UNCOMMON","floor":20,"damage_taken":0},{"event_name":"Golden Shrine","player_choice":"Pray","floor":21,"damage_taken":0},{"event_name":"Duplicator","player_choice":"One dupe","floor":36,"damage_taken":0},{"event_name":"SensoryStone","player_choice":"Memory 3","floor":45,"damage_taken":0},{"event_name":"Transmorgrifier","player_choice":"Transform","floor":47,"damage_taken":0}],"boss_relics":[{"not_picked":["Runic Pyramid","White Beast Statue"],"picked":"Pandora\u0027s Box"},{"not_picked":["Eternal Feather","Lizard Tail"],"picked":"Philosopher\u0027s Stone"}],"potions_floor_spawned":[4,8,14,16,18,28,33,38,46,48],"seed_played":"363595780133799839","ascension_level":15,"is_trial":false}