{"path_per_floor":["M","?","?","$","?","R","E","M","T","$","E","M","M","?","R"],"character_chosen":"THE_SILENT","items_purchased":["Ninja Scroll","Well Laid Plans"],"gold_per_floor":[119,369,369,32,32,32,62,75,123,123,149,159,172,172,172,172],"floor_reached":16,"campfire_rested":1,"playtime":845,"current_hp_per_floor":[59,59,59,59,52,52,36,36,36,36,28,28,28,28,47,0],"items_purged":[],"gold":172,"score":189,"play_id":"c8f30fba-6eeb-44e3-aa40-b05f2edca27d","local_time":"20180408011513","is_prod":false,"is_daily":false,"is_ascension_mode":true,"campfire_upgraded":1,"timestamp":1523164513,"path_taken":["M","?","?","$","?","R","E","M","T","?","E","?","M","?","R","BOSS"],"build_version":"2018-04-05","purchased_purges":0,"victory":false,"master_deck":["Defend_G","Defend_G","Defend_G","Defend_G","Defend_G","Strike_G","Strike_G","Strike_G","Strike_G","Survivor","Neutralize","AscendersBane","Sucker Punch+1","Well Laid Plans","Grand Finale","Heel Hook","Leg Sweep","Heel Hook"],"max_hp_per_floor":[66,66,66,66,66,66,66,66,66,66,66,66,66,66,66,66],"relics":["Sozu","Ninja Scroll","Du-Vu Doll","Omamori","Bottled Flame"],"card_choices":[{"not_picked":["PiercingWail","Heel Hook"],"picked":"Sucker Punch","floor":1},{"not_picked":["Predator","Cloak And Dagger"],"picked":"Grand Finale","floor":7},{"not_picked":["Storm of Steel","Prepared"],"picked":"Heel Hook","floor":11},{"not_picked":["Deflect","Outmaneuver"],"picked":"Leg Sweep","floor":12},{"not_picked":["Dagger Throw","Cloak And Dagger"],"picked":"Heel Hook","floor":13}],"player_experience":394474,"potions_floor_usage":[],"damage_taken":[{"damage":0,"enemies":"Small Slimes","floor":1,"turns":4},{"damage":16,"enemies":"3 Sentries","floor":7,"turns":12},{"damage":0,"enemies":"Cultist","floor":8,"turns":3},{"damage":8,"enemies":"Lagavulin","floor":11,"turns":8},{"damage":0,"enemies":"2 Louse","floor":12,"turns":2},{"damage":0,"enemies":"2 Fungi Beasts","floor":13,"turns":3},{"damage":50,"enemies":"Hexaghost","floor":16,"turns":14}],"event_choices":[{"event_name":"Golden Shrine","player_choice":"Desecrate","floor":2,"damage_taken":0},{"event_name":"Living Wall","player_choice":"Forget","floor":3,"damage_taken":0},{"event_name":"Golden Wing","player_choice":"Card Removal","floor":5,"damage_taken":0},{"event_name":"Accursed Blacksmith","player_choice":"Ignore","floor":14,"damage_taken":0}],"boss_relics":[],"potions_floor_spawned":[11,13],"seed_played":"-8365132561828722226","killed_by":"Hexaghost","ascension_level":15,"is_trial":false}