{"path_per_floor":["M","M","?","M","?","R","E","R","T","M","M","E","R","E","R","B",null,"M","?","M","$","?","E"],"character_chosen":"THE_SILENT","items_purchased":[],"gold_per_floor":[118,130,130,148,73,73,102,102,149,167,184,210,210,240,240,319,319,332,332,346,346,346,377,377],"floor_reached":24,"campfire_rested":2,"playtime":1098,"current_hp_per_floor":[53,49,49,40,40,40,16,35,35,31,31,30,49,40,40,18,54,47,47,59,59,59,10,0],"items_purged":[],"gold":377,"score":410,"play_id":"7d7f58c2-85e9-44dd-8bf1-2e0a62aa68db","local_time":"20180408225817","is_prod":false,"is_daily":false,"is_ascension_mode":true,"campfire_upgraded":2,"timestamp":1523242697,"path_taken":["M","M","?","M","?","R","E","R","T","M","?","E","R","E","R","BOSS","M","?","M","$","?","E","M"],"build_version":"2018-04-05","purchased_purges":0,"victory":false,"master_deck":["Defend_G","Defend_G","Defend_G","Defend_G+1","Defend_G+1","Strike_G","Strike_G","Strike_G","Survivor","Neutralize+1","AscendersBane","Quick Slash","Cloak And Dagger","Dagger Spray","Backstab","Poisoned Stab","Backstab","After Image","Cloak And Dagger","Accuracy+1","Cloak And Dagger","Blade Dance","Accuracy"],"max_hp_per_floor":[66,66,66,66,66,66,66,66,66,66,66,66,66,66,66,66,66,66,66,66,66,66,66,66],"relics":["Ring of the Snake","Prayer Wheel","Dream Catcher","War Paint","Art of War","Cursed Key","Pen Nib"],"card_choices":[{"not_picked":["Cloak And Dagger","Prepared"],"picked":"Quick Slash","floor":1},{"not_picked":["PiercingWail","Bane"],"picked":"Cloak And Dagger","floor":2},{"not_picked":["Acrobatics","Backflip"],"picked":"Dagger Spray","floor":4},{"not_picked":["Acrobatics","Slice"],"picked":"Backstab","floor":7},{"not_picked":["PiercingWail","Underhanded Strike"],"picked":"Poisoned Stab","floor":9},{"not_picked":["Outmaneuver","Expertise"],"picked":"Backstab","floor":10},{"not_picked":["Blur","Dagger Throw"],"picked":"After Image","floor":11},{"not_picked":["Expertise","Unload"],"picked":"Cloak And Dagger","floor":12},{"not_picked":["Distraction","Bouncing Flask"],"picked":"Accuracy","floor":13},{"not_picked":["Poisoned Stab","Leg Sweep"],"picked":"Cloak And Dagger","floor":14},{"not_picked":["Flechettes","Flying Knee"],"picked":"Blade Dance","floor":18},{"not_picked":["Bane","Prepared"],"picked":"Accuracy","floor":20}],"player_experience":402235,"potions_floor_usage":[7,12,14,16,16,20,23,23],"damage_taken":[{"damage":6,"enemies":"Jaw Worm","floor":1,"turns":6},{"damage":4,"enemies":"Small Slimes","floor":2,"turns":5},{"damage":9,"enemies":"2 Louse","floor":4,"turns":3},{"damage":24,"enemies":"Gremlin Nob","floor":7,"turns":5},{"damage":4,"enemies":"Large Slime","floor":10,"turns":7},{"damage":0,"enemies":"Exordium Wildlife","floor":11,"turns":3},{"damage":1,"enemies":"3 Sentries","floor":12,"turns":6},{"damage":9,"enemies":"Gremlin Nob","floor":14,"turns":4},{"damage":22,"enemies":"Hexaghost","floor":16,"turns":12},{"damage":7,"enemies":"Spheric Guardian","floor":18,"turns":4},{"damage":0,"enemies":"3 Byrds","floor":20,"turns":5},{"damage":49,"enemies":"Gremlin Leader","floor":23,"turns":11},{"damage":13,"enemies":"Snake Plant","floor":24,"turns":1}],"event_choices":[{"event_name":"Living Wall","player_choice":"Forget","floor":3,"damage_taken":0},{"event_name":"The Cleric","player_choice":"Card Removal","floor":5,"damage_taken":0},{"event_name":"The Lab","player_choice":"Got Potions","floor":19,"damage_taken":0},{"event_name":"Vampires","player_choice":"Ignored","floor":22,"damage_taken":0}],"boss_relics":[{"not_picked":["Pandora\u0027s Box","Black Star"],"picked":"Cursed Key"}],"potions_floor_spawned":[2,7,10,11,12,18],"seed_played":"1023134748857235431","killed_by":"Snake Plant","ascension_level":15,"is_trial":false}