{"path_per_floor":["M","M","$","?","M","R","E","R","T","E","M","R","M","?","R","B",null,"M","M","M","?","M","R"],"character_chosen":"THE_SILENT","items_purchased":[],"gold_per_floor":[117,127,52,52,62,62,96,96,96,128,146,146,158,158,158,231,231,242,259,273,273,285,285,285],"floor_reached":24,"campfire_rested":2,"playtime":1572,"current_hp_per_floor":[59,59,59,39,39,39,30,30,30,16,16,35,30,30,30,3,50,50,48,42,42,10,29,0],"items_purged":["Strike_G"],"gold":285,"score":364,"play_id":"113f1aff-ab80-4f4b-b0ef-4ebf8a8b19e0","local_time":"20180415081325","is_prod":false,"is_daily":false,"chose_seed":false,"is_ascension_mode":true,"campfire_upgraded":3,"timestamp":1523794405,"path_taken":["M","M","$","?","M","R","E","R","T","E","M","R","M","?","R","BOSS","M","M","M","?","M","R","M"],"build_version":"2018-04-13","seed_source_timestamp":0,"purchased_purges":1,"victory":false,"master_deck":["Defend_G+1","Defend_G+1","Defend_G","Defend_G","Defend_G+1","Strike_G","Survivor+1","Neutralize+1","AscendersBane","Masterful Stab","Flying Knee","Deflect","Sucker Punch+1","Cloak And Dagger+1","PiercingWail","Dagger Throw","Die Die Die","Prepared+1","Poisoned Stab+1","Slice+1","Dagger Spray","Noxious Fumes","Backstab","Flying Knee+1"],"max_hp_per_floor":[66,66,66,66,66,66,66,66,66,66,66,66,66,66,66,66,66,66,66,66,66,66,66,66],"relics":["Lizard Tail","War Paint","Mummified Hand","Bottled Flame","Astrolabe"],"card_choices":[{"not_picked":["Heel Hook","Dodge and Roll"],"picked":"Masterful Stab","floor":1.0},{"not_picked":["Crippling Poison","Cloak And Dagger"],"picked":"Flying Knee","floor":2.0},{"not_picked":["Poisoned Stab","Heel Hook"],"picked":"Deflect","floor":5.0},{"not_picked":["Predator","Tactician"],"picked":"Sucker Punch","floor":7.0},{"not_picked":["Acrobatics","Quick Slash"],"picked":"Cloak And Dagger","floor":10.0},{"not_picked":["Catalyst","Dagger Throw"],"picked":"PiercingWail","floor":11.0},{"not_picked":["Bane","Underhanded Strike"],"picked":"Dagger Throw","floor":13.0},{"not_picked":["Storm of Steel","Night Terror"],"picked":"Die Die Die","floor":16.0},{"not_picked":["Dagger Throw","Bane"],"picked":"Dagger Spray","floor":18.0},{"not_picked":["Deadly Poison","Bane"],"picked":"Noxious Fumes","floor":19.0},{"not_picked":["Expertise","Sucker Punch"],"picked":"Backstab","floor":20.0},{"not_picked":["Poisoned Stab","Finisher"],"picked":"Flying Knee","floor":22.0}],"player_experience":468177,"potions_floor_usage":[24],"damage_taken":[{"damage":0.0,"enemies":"2 Louse","floor":1.0,"turns":3.0},{"damage":0.0,"enemies":"Cultist","floor":2.0,"turns":5.0},{"damage":0.0,"enemies":"Jaw Worm","floor":5.0,"turns":4.0},{"damage":9.0,"enemies":"3 Sentries","floor":7.0,"turns":13.0},{"damage":14.0,"enemies":"Lagavulin","floor":10.0,"turns":10.0},{"damage":0.0,"enemies":"Looter","floor":11.0,"turns":3.0},{"damage":5.0,"enemies":"3 Louse","floor":13.0,"turns":4.0},{"damage":76.0,"enemies":"Hexaghost","floor":16.0,"turns":17.0},{"damage":0.0,"enemies":"Chosen","floor":18.0,"turns":5.0},{"damage":2.0,"enemies":"Shell Parasite","floor":19.0,"turns":7.0},{"damage":6.0,"enemies":"Centurion and Healer","floor":20.0,"turns":10.0},{"damage":32.0,"enemies":"Cultist and Chosen","floor":22.0,"turns":7.0},{"damage":31,"enemies":"Sentry and Sphere","floor":24,"turns":5}],"event_choices":[{"event_name":"Shining Light","player_choice":"Entered Light","floor":4.0,"damage_taken":0.0},{"event_name":"The Lab","player_choice":"Got Potions","floor":14.0,"damage_taken":0.0},{"event_name":"The Mausoleum","player_choice":"No","floor":21.0,"damage_taken":0.0}],"boss_relics":[],"potions_floor_spawned":[1,2,5,18,20],"seed_played":"2025050825857557450","killed_by":"Sentry and Sphere","ascension_level":15,"is_trial":false}