{"path_per_floor":["M","?","?","M","$","E","$","E","T","R","M","E","$","E","R","B",null,"M","M","?","T","M","E","M","R","T","R","?","?","M","M","R","B",null,"M","M","?","?","?","E","M","R","T","$","M","E","R","M","R","B"],"character_chosen":"THE_SILENT","items_purchased":["Backstab","Pen Nib","Whetstone","Happy Flower","Strength Potion","Weak Potion","Weak Potion"],"gold_per_floor":[12,12,87,101,27,62,62,90,116,116,126,153,5,35,35,108,108,128,141,141,141,157,190,207,207,231,231,231,231,250,266,266,342,342,355,374,374,374,374,401,414,414,460,16,31,57,57,70,70,70],"floor_reached":51,"campfire_rested":6,"playtime":5506,"current_hp_per_floor":[56,66,55,55,55,50,50,20,20,39,39,26,26,22,42,45,62,55,57,57,57,37,21,11,33,33,70,61,61,57,59,59,37,66,59,61,61,61,61,33,22,63,63,63,65,60,60,62,95,29],"items_purged":[],"gold":70,"score":1399,"play_id":"b5fbbec3-5074-42a0-894f-d50da2cd0a8c","local_time":"20180412223952","is_prod":false,"is_daily":false,"chose_seed":false,"is_ascension_mode":true,"campfire_upgraded":2,"timestamp":1523587192,"path_taken":["M","?","?","M","?","E","?","E","T","R","M","E","?","E","R","BOSS","M","M","?","?","M","E","M","R","T","R","?","?","?","M","R","BOSS","M","M","?","?","?","E","M","R","T","$","M","E","R","M","R","BOSS"],"build_version":"2018-04-12","seed_source_timestamp":101910343075300,"purchased_purges":0,"victory":true,"master_deck":["Defend_G","Defend_G","Defend_G","Defend_G","Defend_G","Survivor","Neutralize","AscendersBane","Flying Knee+1","Quick Slash","Backstab+1","Well Laid Plans","Caltrops","Poisoned Stab","PiercingWail","Die Die Die","Crippling Poison","Noxious Fumes+1","Leg Sweep","Corpse Explosion+1","Dagger Throw+1","Choke+1","Footwork+1","Bouncing Flask"],"max_hp_per_floor":[66,66,66,66,66,66,66,66,66,66,66,68,68,68,68,68,68,68,70,70,70,72,74,74,74,74,74,74,74,74,76,76,76,76,78,80,80,80,80,89,89,89,89,89,91,93,93,95,95,95],"relics":["Ring of the Snake","Lantern","Pantograph","Snake Skull","Singing Bowl","Pen Nib","Anchor","Velvet Choker","Letter Opener","Dead Branch","Regal Pillow","Astrolabe","Strawberry","Ancient Tea Set","Whetstone","Happy Flower","Prayer Wheel"],"card_choices":[{"not_picked":["Poisoned Stab","Accuracy"],"picked":"Terror","floor":1},{"not_picked":["PiercingWail","Heel Hook"],"picked":"Quick Slash","floor":4},{"not_picked":["PiercingWail","Acrobatics"],"picked":"Well Laid Plans","floor":6},{"not_picked":["Heel Hook","Prepared"],"picked":"Caltrops","floor":8},{"not_picked":["Calculated Gamble","Wraith Form v2"],"picked":"Poisoned Stab","floor":11},{"not_picked":["Reflex","Grand Finale"],"picked":"PiercingWail","floor":14},{"not_picked":["Corpse Explosion","Phantasmal Killer"],"picked":"Die Die Die","floor":16},{"not_picked":["Dodge and Roll","Calculated Gamble"],"picked":"Crippling Poison","floor":18},{"not_picked":["Choke","Underhanded Strike"],"picked":"Noxious Fumes","floor":24},{"not_picked":["Sucker Punch","Dodge and Roll"],"picked":"Leg Sweep","floor":30},{"not_picked":["Bullet Time","Unload"],"picked":"Corpse Explosion","floor":33},{"not_picked":["Choke","Slice"],"picked":"Bouncing Flask","floor":41}],"player_experience":444318,"potions_floor_usage":[8,14,16,23,30,33,33,40,40,41,50,50,50],"damage_taken":[{"damage":3,"enemies":"Jaw Worm","floor":1,"turns":5},{"damage":0,"enemies":"Cultist","floor":4,"turns":3},{"damage":5,"enemies":"3 Sentries","floor":6,"turns":11},{"damage":30,"enemies":"Gremlin Nob","floor":8,"turns":4},{"damage":0,"enemies":"Small Slimes","floor":11,"turns":3},{"damage":15,"enemies":"Lagavulin","floor":12,"turns":7},{"damage":4,"enemies":"3 Sentries","floor":14,"turns":7},{"damage":22,"enemies":"Hexaghost","floor":16,"turns":9},{"damage":7,"enemies":"3 Byrds","floor":18,"turns":5},{"damage":0,"enemies":"Chosen","floor":19,"turns":4},{"damage":22,"enemies":"Centurion and Healer","floor":22,"turns":8},{"damage":18,"enemies":"Book of Stabbing","floor":23,"turns":5},{"damage":10,"enemies":"Snecko","floor":24,"turns":5},{"damage":4,"enemies":"Snake Plant","floor":30,"turns":3},{"damage":0,"enemies":"3 Cultists","floor":31,"turns":4},{"damage":39,"enemies":"Collector","floor":33,"turns":8},{"damage":9,"enemies":"3 Shapes","floor":35,"turns":5},{"damage":0,"enemies":"Orb Walker","floor":36,"turns":2},{"damage":37,"enemies":"Giant Head","floor":40,"turns":9},{"damage":11,"enemies":"Sphere and 2 Shapes","floor":41,"turns":6},{"damage":0,"enemies":"Flame Bruiser 2 Orb","floor":45,"turns":6},{"damage":7,"enemies":"Nemesis","floor":46,"turns":5},{"damage":0,"enemies":"Maw","floor":48,"turns":7},{"damage":78,"enemies":"Awakened One","floor":50,"turns":16}],"event_choices":[{"event_name":"Bonfire Elementals","player_choice":"UNCOMMON","floor":2,"damage_taken":0},{"event_name":"World of Goop","player_choice":"Gather Gold","floor":3,"damage_taken":0},{"event_name":"The Mausoleum","player_choice":"No","floor":20,"damage_taken":0},{"event_name":"Knowing Skull","player_choice":"","floor":28,"damage_taken":0},{"event_name":"Drug Dealer","player_choice":"Ignored","floor":29,"damage_taken":0},{"event_name":"Tomb of Lord Red Mask","player_choice":"Ignored","floor":37,"damage_taken":0},{"event_name":"Match and Keep!","player_choice":"0 cards matched","floor":38,"damage_taken":0}],"boss_relics":[{"not_picked":["Orrery","Calling Bell"],"picked":"Velvet Choker"},{"not_picked":["Tiny House","White Beast Statue"],"picked":"Astrolabe"}],"potions_floor_spawned":[1,8,12,14,19,23,30,31,35,36,46],"seed_played":"5215427981175844436","ascension_level":15,"is_trial":false}