{"path_per_floor":["M","?","M","M","$","R","E","R","T","?","E","R","$","T","R","B",null,"M","M","?","$","?","R","E","R","T","M","$"],"character_chosen":"THE_SILENT","items_purchased":["Blur","Well Laid Plans","Acrobatics","Tactician"],"gold_per_floor":[116,116,134,148,39,39,71,71,71,71,97,97,15,15,15,87,87,106,120,120,40,40,40,74,74,74,88,22,22],"floor_reached":29,"campfire_rested":4,"playtime":1855,"current_hp_per_floor":[59,52,41,40,40,40,4,23,23,45,23,42,42,42,42,26,56,48,34,34,34,34,53,18,37,37,37,37,0],"items_purged":["Strike_G","Defend_G"],"gold":22,"score":432,"play_id":"e37cad48-020d-4d49-990d-b55e7464822e","local_time":"20180408192249","is_prod":false,"is_daily":false,"is_ascension_mode":true,"campfire_upgraded":2,"timestamp":1523229769,"path_taken":["M","?","M","?","$","R","E","R","T","?","E","R","$","?","R","BOSS","M","?","?","?","?","R","E","R","T","?","$","E"],"build_version":"2018-04-05","purchased_purges":2,"victory":false,"master_deck":["Defend_G","Defend_G","Defend_G","Defend_G","Strike_G","Strike_G","Strike_G","Survivor","Neutralize+1","AscendersBane","Poisoned Stab","Skewer+1","Backflip","Blur","PiercingWail","Backstab","Blur","Well Laid Plans","Acrobatics","Night Terror","Leg Sweep","Burst","Backflip+1","Tactician"],"max_hp_per_floor":[66,66,66,66,66,66,66,66,66,66,66,66,66,66,66,66,66,66,66,66,66,66,66,66,66,66,66,66,66],"relics":["Prayer Wheel","Happy Flower","Mercury Hourglass","The Courier","Bird Faced Urn","Runic Dome","Nloth\u0027s Gift","Art of War","Ninja Scroll"],"card_choices":[{"not_picked":["Dodge and Roll","Underhanded Strike"],"picked":"Poisoned Stab","floor":1},{"not_picked":["Bane","Deadly Poison"],"picked":"Skewer","floor":3},{"not_picked":["Setup","Deadly Poison"],"picked":"Backflip","floor":4},{"not_picked":["Acrobatics","Concentrate"],"picked":"PiercingWail","floor":7},{"not_picked":["Deadly Poison","Venomology"],"picked":"Backstab","floor":9},{"not_picked":["Crippling Poison","Flying Knee"],"picked":"Blur","floor":11},{"not_picked":["Phantasmal Killer","Wraith Form"],"picked":"Night Terror","floor":16},{"not_picked":["Acrobatics","Prepared"],"picked":"Leg Sweep","floor":18},{"not_picked":["Outmaneuver","Dagger Spray"],"picked":"Burst","floor":24},{"not_picked":["PiercingWail","Riddle With Holes"],"picked":"Backflip","floor":26}],"player_experience":396739,"potions_floor_usage":[7,16,16,24,29],"damage_taken":[{"damage":0,"enemies":"Small Slimes","floor":1,"turns":3},{"damage":11,"enemies":"Cultist","floor":3,"turns":5},{"damage":1,"enemies":"Jaw Worm","floor":4,"turns":5},{"damage":36,"enemies":"Lagavulin","floor":7,"turns":9},{"damage":22,"enemies":"Gremlin Nob","floor":11,"turns":4},{"damage":18,"enemies":"Hexaghost","floor":16,"turns":16},{"damage":10,"enemies":"3 Byrds","floor":18,"turns":4},{"damage":16,"enemies":"Spheric Guardian","floor":19,"turns":4},{"damage":37,"enemies":"Book of Stabbing","floor":24,"turns":8},{"damage":2,"enemies":"3 Cultists","floor":27,"turns":8},{"damage":48,"enemies":"Gremlin Leader","floor":29,"turns":8}],"event_choices":[{"event_name":"Golden Wing","player_choice":"Card Removal","floor":2,"damage_taken":0},{"event_name":"Big Fish","player_choice":"Banana","floor":10,"damage_taken":0},{"event_name":"N\u0027loth","player_choice":"Traded a Ring of the Snake","floor":20,"damage_taken":0},{"event_name":"Addict","player_choice":"Ignored","floor":22,"damage_taken":0}],"boss_relics":[{"not_picked":["Eternal Feather","Lizard Tail"],"picked":"Runic Dome"}],"potions_floor_spawned":[4,7,11,19,24],"seed_played":"1238140131799707300","killed_by":"Gremlin Leader","ascension_level":15,"is_trial":false}