{"path_per_floor":["M","M","T","?","?","E","R","E","T","M","M","E","?","M","R","B",null,"M","M","M","?","$","R","E","R","T","$","M","?","M","E","R","B",null,"M","M","M","M","?","E","$","R","T","E","R","?","R","?","R"],"character_chosen":"THE_SILENT","items_purchased":["Noxious Fumes","Regal Pillow","Tiny Chest","Footwork"],"gold_per_floor":[117,130,183,183,183,216,216,248,275,289,299,326,326,342,342,421,421,437,447,463,463,163,163,195,195,195,80,95,95,111,142,142,219,219,235,251,264,274,274,302,120,120,192,220,220,220,220,220,220,220],"floor_reached":50,"campfire_rested":4,"playtime":3710,"current_hp_per_floor":[59,59,59,50,30,30,30,36,36,36,36,9,9,9,28,19,54,32,32,29,29,29,63,37,37,37,37,36,33,32,30,30,28,32,30,28,25,25,25,5,5,29,29,9,33,33,33,33,33,0],"items_purged":["Strike_G","Strike_G"],"gold":220,"score":1071,"play_id":"eaa86621-c742-4316-90d5-920c22e4280d","local_time":"20180408004832","is_prod":false,"is_daily":false,"is_ascension_mode":true,"campfire_upgraded":5,"timestamp":1523162912,"path_taken":["M","M","?","?","?","E","R","E","T","M","M","E","?","M","R","BOSS","M","M","M","?","$","R","E","R","T","?","?","?","M","E","R","BOSS","M","?","M","M","?","E","$","R","T","E","R","?","R","?","R","BOSS"],"build_version":"2018-04-05","purchased_purges":3,"victory":false,"master_deck":["Defend_G+1","Defend_G+1","Defend_G+1","Defend_G+1","Defend_G+1","Strike_G+1","Strike_G+1","Strike_G+1","Survivor","Neutralize+1","AscendersBane","Malaise+1","Flying Knee+1","Skewer","Burst+1","Quick Slash","Escape Plan","PiercingWail","Doppelganger+1","Cloak And Dagger","Backflip+1","Noxious Fumes","Burst","Deadly Poison+1","Malaise+1","Ghostly","Ghostly","Ghostly","Ghostly","Ghostly","Noxious Fumes","Ghostly","Footwork","Deadly Poison+1","Sadistic Nature+1"],"max_hp_per_floor":[66,66,66,66,66,66,66,66,66,66,66,66,66,66,66,66,66,66,66,66,66,66,66,66,66,66,66,66,33,33,33,33,33,33,33,33,33,33,33,33,33,33,33,33,33,33,33,33,33,33],"relics":["Ring of the Snake","NeowsBlessing","Happy Flower","Du-Vu Doll","The Specimen","Dream Catcher","Pen Nib","Sozu","Regal Pillow","Prayer Wheel","Torii","Tiny Chest","Whetstone","Black Star","Juzu Bracelet","Oddly Smooth Stone","Smiling Mask","Ninja Scroll","Darkstone Periapt"],"card_choices":[{"not_picked":["Bane","Distraction"],"picked":"Malaise","floor":1.0},{"not_picked":["Caltrops","Malaise"],"picked":"Flying Knee","floor":2.0},{"not_picked":["Underhanded Strike","Backstab"],"picked":"Skewer","floor":6.0},{"not_picked":["Dagger Spray","Finisher"],"picked":"Die Die Die","floor":8.0},{"not_picked":["Dodge and Roll","Deflect"],"picked":"Burst","floor":11},{"not_picked":["Prepared","Riddle With Holes"],"picked":"Quick Slash","floor":12},{"not_picked":["Caltrops","Sucker Punch"],"picked":"Escape Plan","floor":14},{"not_picked":["Flying Knee","Setup"],"picked":"PiercingWail","floor":15},{"not_picked":["A Thousand Cuts","Burst"],"picked":"Doppelganger","floor":16},{"not_picked":["Poisoned Stab","Sucker Punch"],"picked":"Cloak And Dagger","floor":19},{"not_picked":["Reflex","Sucker Punch"],"picked":"Backflip","floor":20},{"not_picked":["Skewer","Quick Slash"],"picked":"Burst","floor":23},{"not_picked":["Endless Agony","Poisoned Stab"],"picked":"Deadly Poison","floor":24},{"not_picked":["Slice","Deadly Poison"],"picked":"Malaise","floor":26},{"not_picked":["Cloak And Dagger","Deflect"],"picked":"Noxious Fumes","floor":37},{"not_picked":["Venomology","Dagger Throw"],"picked":"Deadly Poison","floor":44},{"not_picked":["Bandage Up","Purity"],"picked":"Sadistic Nature","floor":48}],"player_experience":390034,"potions_floor_usage":[14,16,16],"damage_taken":[{"damage":0.0,"enemies":"Cultist","floor":1.0,"turns":1.0},{"damage":0.0,"enemies":"Jaw Worm","floor":2.0,"turns":1.0},{"damage":0.0,"enemies":"Gremlin Nob","floor":6.0,"turns":1.0},{"damage":6.0,"enemies":"3 Sentries","floor":8.0,"turns":10.0},{"damage":0,"enemies":"Small Slimes","floor":10,"turns":4},{"damage":0,"enemies":"Exordium Wildlife","floor":11,"turns":3},{"damage":27,"enemies":"Lagavulin","floor":12,"turns":9},{"damage":0,"enemies":"3 Louse","floor":14,"turns":2},{"damage":9,"enemies":"The Guardian","floor":16,"turns":16},{"damage":22,"enemies":"Chosen","floor":18,"turns":6},{"damage":0,"enemies":"Spheric Guardian","floor":19,"turns":3},{"damage":3,"enemies":"Centurion and Healer","floor":20,"turns":9},{"damage":26,"enemies":"Book of Stabbing","floor":24,"turns":6},{"damage":1,"enemies":"3 Cultists","floor":28,"turns":4},{"damage":1,"enemies":"Chosen and Byrds","floor":30,"turns":8},{"damage":2,"enemies":"Gremlin Leader","floor":31,"turns":9},{"damage":2,"enemies":"Automaton","floor":33,"turns":14},{"damage":2,"enemies":"3 Shapes","floor":35,"turns":5},{"damage":2,"enemies":"Flame Bruiser 1 Orb","floor":36,"turns":10},{"damage":3,"enemies":"Sphere and 2 Shapes","floor":37,"turns":7},{"damage":0,"enemies":"Flame Bruiser 2 Orb","floor":38,"turns":7},{"damage":20,"enemies":"Nemesis","floor":40,"turns":13},{"damage":20,"enemies":"Giant Head","floor":44,"turns":14},{"damage":52,"enemies":"Donu and Deca","floor":50,"turns":7}],"event_choices":[{"event_name":"Wheel of Change","player_choice":"Damage","floor":4.0,"damage_taken":0.0},{"event_name":"Shining Light","player_choice":"Entered Light","floor":5.0,"damage_taken":0.0},{"event_name":"Dead Adventurer","player_choice":"Searched \u00270\u0027 times","floor":13,"damage_taken":0},{"event_name":"Back to Basics","player_choice":"Simplicity","floor":21,"damage_taken":0},{"event_name":"Ghosts","player_choice":"Became a Ghost","floor":29,"damage_taken":0},{"event_name":"Duplicator","player_choice":"One dupe","floor":39,"damage_taken":0},{"event_name":"SensoryStone","player_choice":"Memory 1","floor":48,"damage_taken":0}],"boss_relics":[{"not_picked":["Eternal Feather","Runic Dome"],"picked":"Sozu"},{"not_picked":["White Beast Statue","Lizard Tail"],"picked":"Black Star"}],"potions_floor_spawned":[2,6,10,12,14,19,24,36,37,38],"seed_played":"4087189661937844736","killed_by":"Donu and Deca","ascension_level":15,"is_trial":false}