{"path_per_floor":["M","?","M","M","M","E","$","?","T","$","M","R","E","M","R","B",null,"M","?","?","M","M","R","M","E","T","?","E","M","R","$","R","B",null,"M","?","?","?","T","R","E","$","T","M","R","M","E","?","R"],"character_chosen":"THE_SILENT","items_purchased":["Bouncing Flask","Wraith Form v2","Regal Pillow","Noxious Fumes","Weak Potion","Swift Potion"],"gold_per_floor":[20,20,36,47,61,93,54,74,74,74,86,86,121,138,138,209,209,222,251,166,177,188,188,204,233,233,233,267,286,286,137,137,208,208,225,276,276,498,498,498,528,112,139,157,157,174,206,206,206,206],"floor_reached":50,"campfire_rested":5,"playtime":3485,"current_hp_per_floor":[71,71,69,69,68,51,51,33,33,33,29,52,30,28,28,18,63,63,48,48,40,48,71,59,52,52,68,50,44,44,44,67,9,61,37,33,49,49,49,49,24,24,24,15,53,55,62,62,78,0],"items_purged":["Strike_G","Writhe"],"gold":206,"score":984,"play_id":"f284c2c0-662c-41fc-b872-330021d23d81","local_time":"20180418231411","is_prod":false,"is_daily":false,"chose_seed":false,"is_ascension_mode":true,"campfire_upgraded":3,"timestamp":1524107651,"path_taken":["M","?","M","M","?","E","?","?","T","$","?","R","E","M","R","BOSS","M","?","?","M","?","R","M","E","T","?","E","M","R","?","R","BOSS","M","?","?","?","?","R","E","$","T","?","R","M","E","?","R","BOSS"],"build_version":"2018-04-17","seed_source_timestamp":624437448747005,"purchased_purges":2,"victory":false,"master_deck":["Survivor","Neutralize+1","AscendersBane","Poisoned Stab","Poisoned Stab","Dagger Spray","Deadly Poison","Poisoned Stab","Bouncing Flask","Footwork+1","Cloak And Dagger","Backflip","Bullet Time","Corpse Explosion+1","Wraith Form v2+1","Die Die Die+1","Slice+1","Slice+1","Quick Slash+1","Outmaneuver","Sucker Punch+1","Deflect","Choke+1","Accuracy","Leg Sweep","Dodge and Roll","Cloak And Dagger+1","Footwork+1","Noxious Fumes","Deadly Poison+1","PiercingWail+1"],"max_hp_per_floor":[78,78,78,78,78,78,78,78,78,78,78,78,78,78,78,78,78,78,78,78,78,78,78,78,78,78,78,78,78,78,78,78,78,78,78,78,78,78,78,78,78,78,78,78,78,78,78,78,78,78],"relics":["Ring of the Snake","The Specimen","Odd Mushroom","Toolbox","Bronze Scales","Velvet Choker","Red Mask","Orichalcum","Mercury Hourglass","Bottled Tornado","Molten Egg 2","Pandora\u0027s Box","Unceasing Top","Girya","Dream Catcher","Regal Pillow","Blood Vial","Meat on the Bone"],"card_choices":[{"not_picked":["PiercingWail","Bane"],"picked":"Poisoned Stab","floor":1},{"not_picked":["Underhanded Strike","Accuracy"],"picked":"Poisoned Stab","floor":3},{"not_picked":["Underhanded Strike","PiercingWail"],"picked":"Dagger Spray","floor":4},{"not_picked":["Calculated Gamble","Backstab"],"picked":"Deadly Poison","floor":5},{"not_picked":["Unload","Slice"],"picked":"Poisoned Stab","floor":6},{"not_picked":["Deflect","Acrobatics"],"picked":"Footwork","floor":8},{"not_picked":["Acrobatics","Terror"],"picked":"Cloak And Dagger","floor":13},{"not_picked":["Riddle With Holes","Flying Knee"],"picked":"Backflip","floor":14},{"not_picked":["Storm of Steel","Wraith Form v2"],"picked":"Bullet Time","floor":16},{"not_picked":["Deflect","Quick Slash"],"picked":"Sucker Punch","floor":19},{"not_picked":["Choke","Eviscerate"],"picked":"Corpse Explosion","floor":25},{"not_picked":["Adrenaline","Tools of the Trade"],"picked":"Die Die Die","floor":33},{"not_picked":["Dagger Spray","Poisoned Stab"],"picked":"Dodge and Roll","floor":35},{"not_picked":["Setup","Prepared"],"picked":"Cloak And Dagger","floor":36},{"not_picked":["Sucker Punch","Backflip"],"picked":"Footwork","floor":41},{"not_picked":["Distraction","Dagger Throw"],"picked":"Deadly Poison","floor":45},{"not_picked":["Dagger Throw","Backflip"],"picked":"PiercingWail","floor":49}],"player_experience":509779,"potions_floor_usage":[8,16,19,22,24,25,25,33,44,47,50,50],"damage_taken":[{"damage":0,"enemies":"Small Slimes","floor":1,"turns":5},{"damage":2,"enemies":"Cultist","floor":3,"turns":4},{"damage":0,"enemies":"2 Louse","floor":4,"turns":2},{"damage":1,"enemies":"Blue Slaver","floor":5,"turns":3},{"damage":17,"enemies":"3 Sentries","floor":6,"turns":8},{"damage":18,"enemies":"The Mushroom Lair","floor":8,"turns":3},{"damage":4,"enemies":"Exordium Wildlife","floor":11,"turns":3},{"damage":22,"enemies":"Lagavulin","floor":13,"turns":5},{"damage":2,"enemies":"Looter","floor":14,"turns":3},{"damage":10,"enemies":"The Guardian","floor":16,"turns":10},{"damage":0,"enemies":"3 Byrds","floor":18,"turns":3},{"damage":15,"enemies":"Masked Bandits","floor":19,"turns":5},{"damage":8,"enemies":"Shell Parasite","floor":21,"turns":5},{"damage":4,"enemies":"Centurion and Healer","floor":22,"turns":7},{"damage":12,"enemies":"Snake Plant","floor":24,"turns":4},{"damage":19,"enemies":"Slavers","floor":25,"turns":4},{"damage":22,"enemies":"Book of Stabbing","floor":28,"turns":5},{"damage":6,"enemies":"Slaver and Parasite","floor":29,"turns":6},{"damage":58,"enemies":"Automaton","floor":33,"turns":12},{"damage":24,"enemies":"3 Darklings","floor":35,"turns":5},{"damage":4,"enemies":"Mysterious Sphere","floor":36,"turns":5},{"damage":25,"enemies":"Nemesis","floor":41,"turns":7},{"damage":11,"enemies":"Flame Bruiser 1 Orb","floor":44,"turns":5},{"damage":0,"enemies":"3 Darklings","floor":46,"turns":5},{"damage":7,"enemies":"2 Orb Walkers","floor":47,"turns":5},{"damage":79,"enemies":"Time Eater","floor":50,"turns":10}],"event_choices":[{"event_name":"Living Wall","player_choice":"Grow","floor":2,"damage_taken":0},{"event_name":"Mushrooms","player_choice":"Fought Mushrooms","floor":8,"damage_taken":0},{"event_name":"Masked Bandits","player_choice":"Fought over 222 gold","floor":19,"damage_taken":0},{"event_name":"Addict","player_choice":"Obtained Relic","floor":20,"damage_taken":0},{"event_name":"The Library","player_choice":"Heal","floor":27,"damage_taken":0},{"event_name":"Mysterious Sphere","player_choice":"Fight","floor":36,"damage_taken":0},{"event_name":"Winding Halls","player_choice":"Writhe","floor":37,"damage_taken":0},{"event_name":"Tomb of Lord Red Mask","player_choice":"Wore Mask","floor":38,"damage_taken":0}],"boss_relics":[{"not_picked":["Ectoplasm","Black Star"],"picked":"Velvet Choker"},{"not_picked":["Sozu","Cursed Key"],"picked":"Pandora\u0027s Box"}],"potions_floor_spawned":[3,8,13,16,19,21,24,29,36,44,46],"seed_played":"1966990507430273937","killed_by":"Time Eater","ascension_level":15,"is_trial":false}