{"path_per_floor":["M","?","?","M","$","R","?","E","T","E","M","R","E","?","R","B",null,"M","?","?","M","?","M","$","M","T","M","?","M","R","E","R","B",null,"M","?","M","M","M","R","E","R","T","$","R","E","$","M","R","B"],"character_chosen":"THE_SILENT","items_purchased":["Caltrops","Mummified Hand","Infinite Blades","Well Laid Plans","Regen Potion","Regen Potion"],"gold_per_floor":[112,112,187,205,94,94,94,121,121,146,164,164,194,194,194,266,266,285,285,285,301,301,321,3,21,47,63,33,53,53,87,87,164,164,177,177,197,217,232,232,258,258,258,91,91,123,21,41,41,41],"floor_reached":51,"campfire_rested":4,"playtime":2595,"current_hp_per_floor":[58,51,40,39,39,39,39,30,44,41,41,41,35,35,35,35,69,67,56,56,29,29,13,13,18,18,29,29,36,36,45,56,18,47,25,25,22,17,19,35,4,20,20,20,36,29,29,35,35,9],"items_purged":["Strike_G","Bite"],"gold":41,"score":1419,"play_id":"2193a65e-4847-4408-96c5-c4d95ff38ccf","local_time":"20180419080901","is_prod":false,"is_daily":false,"chose_seed":false,"is_ascension_mode":true,"campfire_upgraded":5,"timestamp":1524139741,"path_taken":["M","?","?","M","$","R","?","E","T","E","M","R","E","?","R","BOSS","M","?","?","M","?","M","$","M","T","M","?","?","R","E","R","BOSS","M","?","M","M","M","R","E","R","T","$","R","E","$","M","R","BOSS"],"build_version":"2018-04-18","seed_source_timestamp":0,"purchased_purges":2,"victory":true,"master_deck":["Defend_G","Defend_G","Defend_G","Defend_G","Survivor","Neutralize+1","AscendersBane","After Image+1","Dagger Spray","Noxious Fumes+1","Caltrops","Neutralize","Endless Agony","Bane","Catalyst+1","After Image+1","Blur","Bite","Bite","Bite","Bite","Dodge and Roll+1","Footwork+1","Infinite Blades","Footwork","PiercingWail","Infinite Blades","Cloak And Dagger+1","Night Terror","Dash","Quick Slash","Backflip","Well Laid Plans"],"max_hp_per_floor":[66,66,66,66,66,66,66,66,80,80,80,80,80,80,80,80,80,80,56,56,56,56,56,56,56,56,56,56,56,56,56,56,56,56,56,56,56,56,56,56,56,56,56,56,56,63,63,63,63,63],"relics":["Ring of the Snake","Shuriken","Mango","Darkstone Periapt","Prayer Wheel","Philosopher\u0027s Stone","Mummified Hand","Blood Vial","Ancient Tea Set","Black Star","Juzu Bracelet","Vajra","Sundial","Strawberry","Orichalcum"],"card_choices":[{"not_picked":["Acrobatics","Deadly Poison"],"picked":"Dagger Spray","floor":1.0},{"not_picked":["Poisoned Stab","Underhanded Strike"],"picked":"Noxious Fumes","floor":4.0},{"not_picked":["Acrobatics","Dodge and Roll"],"picked":"Endless Agony","floor":8.0},{"not_picked":["Corpse Explosion","Reflex"],"picked":"Bane","floor":10.0},{"not_picked":["Endless Agony","Setup"],"picked":"Catalyst","floor":13.0},{"not_picked":["Phantasmal Killer","Venomology"],"picked":"After Image","floor":16.0},{"not_picked":["Choke","Bane"],"picked":"Blur","floor":18.0},{"not_picked":["Bane","Deflect"],"picked":"Dodge and Roll","floor":21.0},{"not_picked":["Deadly Poison","Poisoned Stab"],"picked":"Footwork","floor":23.0},{"not_picked":["Heel Hook","Die Die Die"],"picked":"Footwork","floor":25.0},{"not_picked":["All Out Attack","Expertise"],"picked":"PiercingWail","floor":26.0},{"not_picked":["Outmaneuver","Prepared"],"picked":"Infinite Blades","floor":27.0},{"not_picked":["Adrenaline","Dagger Spray"],"picked":"Cloak And Dagger","floor":31.0},{"not_picked":["Bullet Time","Venomology"],"picked":"Night Terror","floor":33.0},{"not_picked":["All Out Attack","Distraction"],"picked":"Dash","floor":37},{"not_picked":["Cloak And Dagger","Blade Dance"],"picked":"Quick Slash","floor":39},{"not_picked":["Flying Knee","Glass Knife"],"picked":"Backflip","floor":41}],"player_experience":513264,"potions_floor_usage":[41,46,46,48,50,50],"damage_taken":[{"damage":1.0,"enemies":"Small Slimes","floor":1.0,"turns":6.0},{"damage":1.0,"enemies":"Cultist","floor":4.0,"turns":5.0},{"damage":9.0,"enemies":"3 Sentries","floor":8.0,"turns":6.0},{"damage":3.0,"enemies":"Lagavulin","floor":10.0,"turns":7.0},{"damage":0.0,"enemies":"Jaw Worm","floor":11.0,"turns":4.0},{"damage":6.0,"enemies":"3 Sentries","floor":13.0,"turns":6.0},{"damage":0.0,"enemies":"Hexaghost","floor":16.0,"turns":8.0},{"damage":2.0,"enemies":"Shell Parasite","floor":18.0,"turns":4.0},{"damage":31.0,"enemies":"Chosen","floor":21.0,"turns":6.0},{"damage":24.0,"enemies":"Snake Plant","floor":23.0,"turns":5.0},{"damage":9.0,"enemies":"Centurion and Healer","floor":25.0,"turns":7.0},{"damage":1.0,"enemies":"Snecko","floor":27.0,"turns":6.0},{"damage":17.0,"enemies":"3 Cultists","floor":29.0,"turns":5.0},{"damage":17.0,"enemies":"Gremlin Leader","floor":31.0,"turns":7.0},{"damage":40.0,"enemies":"Champ","floor":33.0,"turns":10.0},{"damage":38,"enemies":"3 Shapes","floor":35,"turns":8},{"damage":17,"enemies":"Flame Bruiser 1 Orb","floor":37,"turns":7},{"damage":15,"enemies":"Sphere and 2 Shapes","floor":38,"turns":8},{"damage":14,"enemies":"Maw","floor":39,"turns":9},{"damage":49,"enemies":"Giant Head","floor":41,"turns":9},{"damage":26,"enemies":"2 Orb Walkers","floor":46,"turns":6},{"damage":16,"enemies":"Flame Bruiser 2 Orb","floor":48,"turns":5},{"damage":46,"enemies":"Time Eater","floor":50,"turns":8}],"event_choices":[{"event_name":"Golden Wing","player_choice":"Card Removal","floor":2.0,"damage_taken":0.0},{"event_name":"World of Goop","player_choice":"Gather Gold","floor":3.0,"damage_taken":0.0},{"event_name":"Match and Keep!","player_choice":"1 cards matched","floor":7.0,"damage_taken":0.0},{"event_name":"The Lab","player_choice":"Got Potions","floor":14.0,"damage_taken":0.0},{"event_name":"Vampires","player_choice":"Became a vampire","floor":19.0,"damage_taken":0.0},{"event_name":"Ghosts","player_choice":"Ignored","floor":20.0,"damage_taken":0.0},{"event_name":"Back to Basics","player_choice":"Elegance","floor":22.0,"damage_taken":0.0},{"event_name":"The Woman in Blue","player_choice":"Bought 2 Potions","floor":28.0,"damage_taken":0.0},{"event_name":"The Moai Head","player_choice":"Ignored","floor":36,"damage_taken":0}],"boss_relics":[],"potions_floor_spawned":[11,13,16,25,29,33,41,48],"seed_played":"279623497871452964","ascension_level":15,"is_trial":false}