{"path_per_floor":["M","M","?","M","M","E","R","E","T","E","$","?","M","$","R","B",null,"M","M","$","?","M","R","M","M","T","?","R","?","R","M","R"],"character_chosen":"THE_SILENT","items_purchased":["Vajra","Dexterity Potion"],"gold_per_floor":[17,34,34,52,65,93,93,120,197,222,23,90,100,25,25,103,103,115,132,32,32,42,42,56,76,76,76,76,76,76,86,86,86],"floor_reached":33,"campfire_rested":5,"playtime":2046,"current_hp_per_floor":[53,53,53,49,42,19,41,25,25,6,6,6,2,2,39,11,60,34,31,31,31,27,64,54,24,31,10,49,25,25,20,61,0],"items_purged":["Strike_G","Strike_G"],"gold":86,"score":492,"play_id":"5168540f-8ecc-4bfc-82ae-ad53140623fc","local_time":"20180420074549","is_prod":false,"is_daily":false,"chose_seed":false,"is_ascension_mode":true,"campfire_upgraded":1,"timestamp":1524224749,"path_taken":["M","M","?","M","M","E","R","E","T","E","$","?","M","?","R","BOSS","M","M","$","?","M","R","?","M","T","?","R","?","R","M","R","BOSS"],"build_version":"2018-04-19","seed_source_timestamp":742983603025464,"purchased_purges":2,"victory":false,"master_deck":["Defend_G","Defend_G","Defend_G","Defend_G","Defend_G","Strike_G","Strike_G","Strike_G","Survivor","Neutralize","AscendersBane","Deadly Poison","Crippling Poison","Sucker Punch+1","Predator","Backstab","Flying Knee","PiercingWail","Storm of Steel","Flying Knee+1","Backflip","Blur","Die Die Die","Tools of the Trade"],"max_hp_per_floor":[66,66,66,66,66,76,76,76,76,76,76,76,76,76,76,76,76,76,76,76,76,76,76,76,76,83,83,83,88,88,88,88,88],"relics":["Ring of the Snake","Bird Faced Urn","Pear","Girya","Matryoshka","Regal Pillow","Vajra","Snecko Eye","Strawberry","Bottled Lightning","Enchiridion"],"card_choices":[{"not_picked":["Poisoned Stab","Underhanded Strike"],"picked":"Deadly Poison","floor":1},{"not_picked":["Caltrops","Distraction"],"picked":"Crippling Poison","floor":2},{"not_picked":["Poisoned Stab","Deflect"],"picked":"Sucker Punch","floor":4},{"not_picked":["Reflex","Footwork"],"picked":"Predator","floor":5},{"not_picked":["Dodge and Roll","Choke"],"picked":"Backstab","floor":6},{"not_picked":["Accuracy","Masterful Stab"],"picked":"Flying Knee","floor":8},{"not_picked":["Dagger Throw","Poisoned Stab"],"picked":"PiercingWail","floor":13},{"not_picked":["Unload","Envenom"],"picked":"Storm of Steel","floor":16},{"not_picked":["Catalyst","Malaise"],"picked":"Flying Knee","floor":18},{"not_picked":["Setup","Sucker Punch"],"picked":"Backflip","floor":19},{"not_picked":["Flying Knee","Bane"],"picked":"Blur","floor":22},{"not_picked":["Deflect","Slice"],"picked":"Die Die Die","floor":24},{"not_picked":["Reflex","Setup"],"picked":"Tools of the Trade","floor":31}],"player_experience":528713,"potions_floor_usage":[6,16,16,16,22,33,33,33],"damage_taken":[{"damage":6,"enemies":"Cultist","floor":1,"turns":6},{"damage":0,"enemies":"2 Louse","floor":2,"turns":2},{"damage":4,"enemies":"Jaw Worm","floor":4,"turns":6},{"damage":7,"enemies":"Exordium Wildlife","floor":5,"turns":5},{"damage":33,"enemies":"Gremlin Nob","floor":6,"turns":5},{"damage":16,"enemies":"3 Sentries","floor":8,"turns":12},{"damage":19,"enemies":"Lagavulin","floor":10,"turns":6},{"damage":4,"enemies":"Blue Slaver","floor":13,"turns":3},{"damage":28,"enemies":"Slime Boss","floor":16,"turns":11},{"damage":26,"enemies":"Spheric Guardian","floor":18,"turns":6},{"damage":3,"enemies":"3 Byrds","floor":19,"turns":5},{"damage":4,"enemies":"Cultist and Chosen","floor":22,"turns":5},{"damage":10,"enemies":"Snake Plant","floor":24,"turns":6},{"damage":30,"enemies":"Chosen and Byrds","floor":25,"turns":8},{"damage":7,"enemies":"Snecko","floor":31,"turns":4},{"damage":72,"enemies":"Automaton","floor":33,"turns":12}],"event_choices":[{"event_name":"The Cleric","player_choice":"Leave","floor":3,"damage_taken":0},{"event_name":"Golden Wing","player_choice":"Gained Gold","floor":12,"damage_taken":0},{"event_name":"Addict","player_choice":"Ignored","floor":21,"damage_taken":0},{"event_name":"Cursed Tome","player_choice":"Obtained Book","floor":27,"damage_taken":0},{"event_name":"Forgotten Altar","player_choice":"Shed Blood","floor":29,"damage_taken":0}],"boss_relics":[{"not_picked":["Pandora\u0027s Box","Ectoplasm"],"picked":"Snecko Eye"}],"potions_floor_spawned":[4,10,13,16,22,25,31],"seed_played":"339476756894017179","killed_by":"Automaton","ascension_level":15,"is_trial":false}