{"path_per_floor":["M","?","M","M","?","R","E","R","T","R","M","M","R","?","R","B",null,"M","M","?","?","$","E","R","M","T","E","M","R","M","M","R","B",null,"M","M","$","?","?","M","?","R","T","M","R","M","R","$","R","B"],"character_chosen":"THE_SILENT","items_purchased":["Ice Cream","Panache","Vajra"],"gold_per_floor":[117,117,130,146,146,146,185,185,185,185,200,221,221,221,221,351,351,366,350,350,350,275,315,315,340,340,374,390,390,415,435,435,566,566,590,610,111,111,111,130,130,130,130,144,144,157,157,14,14,14],"floor_reached":51,"campfire_rested":8,"playtime":4101,"current_hp_per_floor":[65,51,53,55,37,59,33,55,55,55,44,34,56,56,56,41,76,65,52,52,52,52,8,31,27,27,29,31,56,37,19,45,13,88,88,50,50,50,50,41,41,68,68,59,59,33,60,60,60,9],"items_purged":["Strike_G"],"gold":14,"score":687,"play_id":"7bc82118-6590-4182-8a01-83514310b248","local_time":"20180404184043","is_prod":false,"is_daily":false,"is_ascension_mode":false,"campfire_upgraded":4,"timestamp":1522881643,"path_taken":["M","?","?","M","?","R","E","R","T","R","M","M","R","?","R","BOSS","M","M","?","?","?","E","R","M","T","E","M","R","M","M","R","BOSS","M","M","$","?","?","M","?","R","T","M","R","?","R","$","R","BOSS"],"build_version":"2018-03-29v2","purchased_purges":2,"victory":true,"master_deck":["Defend_G","Defend_G","Defend_G","Defend_G","Defend_G","Strike_G","Strike_G","Strike_G","Strike_G","Survivor+1","Neutralize+1","Poisoned Stab+1","Poisoned Stab+1","Poisoned Stab","Adrenaline+1","Footwork+1","Cloak And Dagger+1","Adrenaline","Decay","Adrenaline","Infinite Blades+1","Panache","Accuracy+1","Dramatic Entrance","Backstab","Cloak And Dagger"],"max_hp_per_floor":[70,70,72,74,74,74,74,74,74,74,76,76,76,76,76,76,76,76,76,76,76,76,78,78,80,80,82,84,84,86,88,88,88,88,88,90,90,90,90,90,90,90,90,90,90,90,90,90,90,90],"relics":["Ring of the Snake","Singing Bowl","Golden Idol","Paper Crane","Du-Vu Doll","Lizard Tail","Bottled Tornado","Dead Branch","Smiling Mask","Philosopher\u0027s Stone","Ice Cream","Bag of Preparation","Vajra"],"card_choices":[{"not_picked":["Slice","Dodge and Roll"],"picked":"Poisoned Stab","floor":1},{"not_picked":["Slice","Acrobatics"],"picked":"Poisoned Stab","floor":7},{"not_picked":["Deadly Poison","Flying Knee"],"picked":"Poisoned Stab","floor":12},{"not_picked":["Phantasmal Killer","Doppelganger"],"picked":"Adrenaline","floor":16},{"not_picked":["Concentrate","Setup"],"picked":"Footwork","floor":18},{"not_picked":["Underhanded Strike","Infinite Blades"],"picked":"Cloak And Dagger","floor":19},{"not_picked":["Grand Finale","Wraith Form"],"picked":"Adrenaline","floor":33},{"not_picked":["Flying Knee","Backflip"],"picked":"Infinite Blades","floor":35},{"not_picked":["Leg Sweep","Escape Plan"],"picked":"Accuracy","floor":40},{"not_picked":["Finesse","Deep Breath"],"picked":"Dramatic Entrance","floor":41},{"not_picked":["Bane","Heel Hook"],"picked":"Backstab","floor":44},{"not_picked":["Backflip","Dagger Throw"],"picked":"Cloak And Dagger","floor":46}],"player_experience":128503,"potions_floor_usage":[16,19,19,25,33,33,33,50,50,50],"damage_taken":[{"damage":5,"enemies":"Small Slimes","floor":1,"turns":5},{"damage":0,"enemies":"Jaw Worm","floor":3,"turns":3},{"damage":0,"enemies":"Cultist","floor":4,"turns":4},{"damage":26,"enemies":"3 Sentries","floor":7,"turns":11},{"damage":13,"enemies":"Lots of Slimes","floor":11,"turns":3},{"damage":10,"enemies":"2 Fungi Beasts","floor":12,"turns":5},{"damage":15,"enemies":"The Guardian","floor":16,"turns":9},{"damage":11,"enemies":"3 Byrds","floor":18,"turns":7},{"damage":13,"enemies":"2 Thieves","floor":19,"turns":4},{"damage":46,"enemies":"Slavers","floor":23,"turns":8},{"damage":21,"enemies":"Cultist and Chosen","floor":25,"turns":9},{"damage":0,"enemies":"Book of Stabbing","floor":27,"turns":6},{"damage":0,"enemies":"Centurion and Healer","floor":28,"turns":5},{"damage":21,"enemies":"3 Cultists","floor":30,"turns":10},{"damage":20,"enemies":"Slaver and Parasite","floor":31,"turns":9},{"damage":32,"enemies":"Collector","floor":33,"turns":12},{"damage":0,"enemies":"Orb Walker","floor":35,"turns":3},{"damage":40,"enemies":"3 Darklings","floor":36,"turns":5},{"damage":9,"enemies":"Maw","floor":40,"turns":6},{"damage":9,"enemies":"4 Shapes","floor":44,"turns":2},{"damage":26,"enemies":"Sphere and 2 Shapes","floor":46,"turns":4},{"damage":51,"enemies":"Donu and Deca","floor":50,"turns":6}],"event_choices":[{"event_name":"Shining Light","player_choice":"Entered Light","floor":2,"damage_taken":0},{"event_name":"Golden Idol","player_choice":"Take Damage","floor":5,"damage_taken":0},{"event_name":"The Lab","player_choice":"Got Potions","floor":14,"damage_taken":0},{"event_name":"Duplicator","player_choice":"One dupe","floor":20,"damage_taken":0},{"event_name":"Wheel of Change","player_choice":"Curse","floor":21,"damage_taken":0},{"event_name":"Tomb of Lord Red Mask","player_choice":"Ignored","floor":38,"damage_taken":0},{"event_name":"Fountain of Cleansing","player_choice":"Ignored","floor":39,"damage_taken":0},{"event_name":"SensoryStone","player_choice":"Memory 1","floor":41,"damage_taken":0}],"boss_relics":[{"not_picked":["Velvet Choker","Runic Dome"],"picked":"Lizard Tail"},{"not_picked":["White Beast Statue","Pandora\u0027s Box"],"picked":"Philosopher\u0027s Stone"}],"potions_floor_spawned":[11,16,19,23,25,30,40,44,46],"seed_played":"7710549558778889713","ascension_level":0,"is_trial":false}