{"path_per_floor":["M","M","M","?","M","E","?","$","T","M","M","?","M","M","R","B",null,"M","$","?","M","M","R","?"],"character_chosen":"THE_SILENT","items_purchased":["Ninja Scroll","Deflect","Medical Kit"],"gold_per_floor":[119,135,154,229,243,275,275,14,14,31,42,119,130,146,146,251,251,268,38,38,58,68,68,68,68],"floor_reached":25,"campfire_rested":1,"playtime":2591,"current_hp_per_floor":[69,64,64,53,41,24,24,24,24,24,18,18,13,6,27,5,70,64,64,64,57,54,54,54,0],"items_purged":[],"gold":68,"score":207,"play_id":"7e3a6f32-ab0a-4ca1-9272-ff2799d33afa","local_time":"20180331205818","is_prod":false,"is_daily":false,"is_ascension_mode":false,"campfire_upgraded":1,"timestamp":1522544298,"path_taken":["M","M","?","?","M","E","?","$","T","?","M","?","M","M","R","BOSS","M","$","?","M","M","R","?","E"],"build_version":"2018-03-29v2","purchased_purges":1,"victory":false,"master_deck":["Defend_G","Defend_G","Defend_G","Defend_G","Defend_G","Strike_G","Strike_G","Strike_G","Strike_G","Strike_G","Survivor","Neutralize","Finisher","Acrobatics","Slice","Backstab","Normality","Quick Slash","Cloak And Dagger","After Image","Terror","Footwork","Cloak And Dagger","Prepared+1","Endless Agony+1","Deflect","Good Instincts","Deflect","Accuracy+1"],"max_hp_per_floor":[70,70,70,70,70,70,70,70,70,70,70,70,70,70,70,70,70,70,70,70,70,70,70,70,70],"relics":["Ring of the Snake","Ginger","Kunai","Ninja Scroll","Toolbox","Orrery","Medical Kit"],"card_choices":[{"not_picked":["Quick Slash","Bullet Time"],"picked":"Finisher","floor":1},{"not_picked":["Sucker Punch","Distraction"],"picked":"Acrobatics","floor":2},{"not_picked":["Predator","Reflex"],"picked":"Slice","floor":5},{"not_picked":["Flying Knee","Outmaneuver"],"picked":"Backstab","floor":6},{"not_picked":["Backflip","Bane"],"picked":"Quick Slash","floor":11},{"not_picked":["Leg Sweep","Riddle With Holes"],"picked":"Cloak And Dagger","floor":13},{"not_picked":["Wraith Form","Envenom"],"picked":"After Image","floor":16},{"not_picked":["Finisher","Dagger Spray"],"picked":"Terror","floor":17},{"not_picked":["Dodge and Roll","Escape Plan"],"picked":"Footwork","floor":17},{"not_picked":["Escape Plan","Riddle With Holes"],"picked":"Cloak And Dagger","floor":17},{"not_picked":["Poisoned Stab","Quick Slash"],"picked":"Prepared","floor":17},{"not_picked":["Bane","Backflip"],"picked":"Endless Agony","floor":18},{"not_picked":["Cloak And Dagger","Flying Knee"],"picked":"Deflect","floor":21},{"not_picked":["Burst","Outmaneuver"],"picked":"Accuracy","floor":22}],"player_experience":55419,"potions_floor_usage":[6,16,16,25],"damage_taken":[{"damage":1,"enemies":"Cultist","floor":1,"turns":4},{"damage":5,"enemies":"Small Slimes","floor":2,"turns":3},{"damage":0,"enemies":"Jaw Worm","floor":3,"turns":6},{"damage":12,"enemies":"Lots of Slimes","floor":5,"turns":7},{"damage":17,"enemies":"3 Sentries","floor":6,"turns":7},{"damage":0,"enemies":"2 Fungi Beasts","floor":10,"turns":1},{"damage":6,"enemies":"Red Slaver","floor":11,"turns":2},{"damage":5,"enemies":"3 Louse","floor":13,"turns":2},{"damage":7,"enemies":"Looter","floor":14,"turns":4},{"damage":22,"enemies":"Slime Boss","floor":16,"turns":11},{"damage":6,"enemies":"3 Byrds","floor":18,"turns":10},{"damage":7,"enemies":"2 Thieves","floor":21,"turns":5},{"damage":3,"enemies":"Centurion and Healer","floor":22,"turns":9},{"damage":56,"enemies":"Book of Stabbing","floor":25,"turns":8}],"event_choices":[{"event_name":"World of Goop","player_choice":"Gather Gold","floor":4,"damage_taken":0},{"event_name":"Accursed Blacksmith","player_choice":"Rummage","floor":7,"damage_taken":0},{"event_name":"Golden Wing","player_choice":"Gained Gold","floor":12,"damage_taken":0},{"event_name":"Match and Keep!","player_choice":"1 cards matched","floor":20,"damage_taken":0},{"event_name":"Ghosts","player_choice":"Ignored","floor":24,"damage_taken":0}],"boss_relics":[{"not_picked":["The Specimen","White Beast Statue"],"picked":"Orrery"}],"potions_floor_spawned":[3,5,10,22],"seed_played":"8964397821109143288","killed_by":"Book of Stabbing","ascension_level":0,"is_trial":false}