{"path_per_floor":["M","M","M","$","?","R","?","?","T","R","M","R","E","$","R","B",null,"M","M","?","?","?","M","R","M","T","$","M","M"],"character_chosen":"THE_SILENT","items_purchased":["Noxious Fumes","Bane"],"gold_per_floor":[111,125,143,17,17,17,17,17,17,17,37,37,68,68,68,164,164,175,188,88,88,88,107,107,122,122,47,59,69,69],"floor_reached":30,"campfire_rested":0,"playtime":1754,"current_hp_per_floor":[68,67,62,62,62,62,62,62,72,72,70,70,65,65,65,56,80,67,67,67,67,67,57,57,32,32,32,25,12,0],"items_purged":["Doubt"],"gold":69,"score":230,"play_id":"eaa0db9b-5890-43a3-8ae0-f57ed25daf97","local_time":"20180403145142","is_prod":false,"is_daily":false,"is_ascension_mode":false,"campfire_upgraded":5,"timestamp":1522781502,"path_taken":["M","?","M","$","?","R","?","?","T","R","?","R","E","$","R","BOSS","M","?","?","?","?","M","R","M","T","$","M","M","M"],"build_version":"2018-03-29v2","purchased_purges":1,"victory":false,"master_deck":["Defend_G","Defend_G","Defend_G","Defend_G","Defend_G","Strike_G","Strike_G","Strike_G","Strike_G","Survivor","Neutralize","Bane","Prepared+1","Catalyst+1","Noxious Fumes+1","Bane+1","Riddle With Holes","Backflip+1","Prepared","Deadly Poison","Deadly Poison+1","J.A.X.+1","Escape Plan","Prepared","Quick Slash"],"max_hp_per_floor":[70,70,70,70,70,70,70,70,80,80,80,80,80,80,80,80,80,80,80,80,80,80,80,80,80,80,80,80,80,80],"relics":["The Specimen","Pear","Art of War","Cursed Key","Shuriken"],"card_choices":[{"not_picked":["Dodge and Roll","Outmaneuver"],"picked":"Bane","floor":1},{"not_picked":["Backflip","Sucker Punch"],"picked":"Prepared","floor":2},{"not_picked":["Blur","Cloak And Dagger"],"picked":"Catalyst","floor":3},{"not_picked":["Calculated Gamble","Outmaneuver"],"picked":"Backflip","floor":11},{"not_picked":["Slice","Skewer"],"picked":"Prepared","floor":13},{"not_picked":["Heel Hook","Cloak And Dagger"],"picked":"Deadly Poison","floor":18},{"not_picked":["Dagger Spray","Footwork"],"picked":"Deadly Poison","floor":19},{"not_picked":["Sucker Punch","Acrobatics"],"picked":"Escape Plan","floor":23},{"not_picked":["Slice","Dagger Spray"],"picked":"Prepared","floor":28},{"not_picked":["Dagger Throw","Choke"],"picked":"Quick Slash","floor":29}],"player_experience":117317,"potions_floor_usage":[28,30,30],"damage_taken":[{"damage":2,"enemies":"Cultist","floor":1,"turns":5},{"damage":1,"enemies":"Jaw Worm","floor":2,"turns":5},{"damage":5,"enemies":"Small Slimes","floor":3,"turns":5},{"damage":2,"enemies":"2 Fungi Beasts","floor":11,"turns":4},{"damage":5,"enemies":"Lagavulin","floor":13,"turns":6},{"damage":9,"enemies":"Hexaghost","floor":16,"turns":9},{"damage":13,"enemies":"Chosen","floor":18,"turns":5},{"damage":0,"enemies":"3 Byrds","floor":19,"turns":4},{"damage":10,"enemies":"Snecko","floor":23,"turns":6},{"damage":25,"enemies":"Slaver and Parasite","floor":25,"turns":4},{"damage":19,"enemies":"Sentry and Sphere","floor":28,"turns":5},{"damage":13,"enemies":"Snecko","floor":29,"turns":5},{"damage":24,"enemies":"Cultist and Chosen","floor":30,"turns":4}],"event_choices":[{"event_name":"The Cleric","player_choice":"Leave","floor":5,"damage_taken":0},{"event_name":"Transmorgrifier","player_choice":"Transform","floor":7,"damage_taken":0},{"event_name":"Accursed Blacksmith","player_choice":"Forge","floor":8,"damage_taken":0},{"event_name":"Drug Dealer","player_choice":"Got JAXXED","floor":20,"damage_taken":0},{"event_name":"Ghosts","player_choice":"Ignored","floor":21,"damage_taken":0},{"event_name":"Vampires","player_choice":"Ignored","floor":22,"damage_taken":0}],"boss_relics":[{"not_picked":["Tiny House","Lizard Tail"],"picked":"Cursed Key"}],"potions_floor_spawned":[11,13,18,23],"seed_played":"-1667163724400514568","killed_by":"Cultist and Chosen","ascension_level":0,"is_trial":false}