{"path_per_floor":["M","M","M","$","?","E","M","?","T","$","M","$","R","M","R","B",null,"M","$","M","M","?","R","M","?","T","E","R","E","M","?","R"],"character_chosen":"THE_SILENT","items_purchased":["Lantern","War Paint","Prayer Wheel","Predator"],"gold_per_floor":[361,373,388,313,313,348,368,543,543,22,41,41,41,59,59,154,154,167,67,77,88,88,88,103,103,151,185,185,216,228,143,143,143],"floor_reached":33,"campfire_rested":2,"playtime":3022,"current_hp_per_floor":[31,30,30,30,30,13,13,13,13,13,13,13,34,28,49,37,70,66,66,62,56,56,56,56,56,56,56,56,55,55,55,55,0],"items_purged":["Strike_G","Doubt"],"gold":143,"score":312,"play_id":"909bec9c-e7fe-4945-9113-89760e87c16f","local_time":"20180401195248","is_prod":false,"is_daily":false,"is_ascension_mode":false,"campfire_upgraded":3,"timestamp":1522626768,"path_taken":["M","M","M","$","?","E","?","?","T","$","M","?","R","M","R","BOSS","M","$","M","?","?","R","M","?","T","E","R","E","?","?","R","BOSS"],"build_version":"2018-03-29v2","purchased_purges":2,"victory":false,"master_deck":["Survivor","Neutralize","Backflip","Backstab","Poisoned Stab","Caltrops+1","Bouncing Flask+1","Predator","Backstab","Deadly Poison","Die Die Die","Slice","Backflip","Sucker Punch","Dagger Spray","Deflect","Terror+1","Dodge and Roll","PiercingWail","Flechettes","Deflect+1","Deflect","Backflip","Sucker Punch+1","Dagger Spray+1","Corpse Explosion+1","Predator+1"],"max_hp_per_floor":[70,70,70,70,70,70,70,70,70,70,70,70,70,70,70,70,70,70,70,70,70,70,70,70,70,70,70,70,70,70,70,70,70],"relics":["Ring of the Snake","Anchor","Tingsha","Lantern","War Paint","Prayer Wheel","Pandora\u0027s Box","Snake Skull","Bag of Marbles","Meat on the Bone","Vajra","Unceasing Top"],"card_choices":[{"not_picked":["All Out Attack","Blur"],"picked":"Backflip","floor":1},{"not_picked":["Sucker Punch","Distraction"],"picked":"Backstab","floor":2},{"not_picked":["Choke","Bane"],"picked":"Poisoned Stab","floor":3},{"not_picked":["Underhanded Strike","Calculated Gamble"],"picked":"Caltrops","floor":6},{"not_picked":["Dagger Spray","Cloak And Dagger"],"picked":"Bouncing Flask","floor":7},{"not_picked":["Backflip","Dagger Spray"],"picked":"Backstab","floor":11},{"not_picked":["Wraith Form","Dodge and Roll"],"picked":"Deadly Poison","floor":14},{"not_picked":["Tools of the Trade","Tactician"],"picked":"Die Die Die","floor":16},{"not_picked":["Reflex","Poisoned Stab"],"picked":"Deflect","floor":18},{"not_picked":["Crippling Poison","Underhanded Strike"],"picked":"Deflect","floor":20},{"not_picked":["PiercingWail","Finisher"],"picked":"Backflip","floor":21},{"not_picked":["Underhanded Strike","Reflex"],"picked":"Sucker Punch","floor":24},{"not_picked":["Choke","Terror"],"picked":"Dagger Spray","floor":26},{"not_picked":["Crippling Poison","All Out Attack"],"picked":"Corpse Explosion","floor":27},{"not_picked":["Slice","Reflex"],"picked":"Predator","floor":29}],"player_experience":76599,"potions_floor_usage":[6,7,16,16,29,33,33],"damage_taken":[{"damage":4,"enemies":"Jaw Worm","floor":1,"turns":5},{"damage":1,"enemies":"2 Louse","floor":2,"turns":3},{"damage":0,"enemies":"Cultist","floor":3,"turns":4},{"damage":17,"enemies":"3 Sentries","floor":6,"turns":11},{"damage":0,"enemies":"Exordium Wildlife","floor":7,"turns":3},{"damage":0,"enemies":"3 Louse","floor":11,"turns":3},{"damage":6,"enemies":"Gremlin Gang","floor":14,"turns":7},{"damage":12,"enemies":"The Guardian","floor":16,"turns":8},{"damage":4,"enemies":"Shell Parasite","floor":18,"turns":5},{"damage":4,"enemies":"2 Thieves","floor":20,"turns":3},{"damage":6,"enemies":"Slaver and Parasite","floor":21,"turns":5},{"damage":0,"enemies":"Snecko","floor":24,"turns":2},{"damage":0,"enemies":"Book of Stabbing","floor":27,"turns":4},{"damage":1,"enemies":"Slavers","floor":29,"turns":4},{"damage":0,"enemies":"Cultist and Chosen","floor":30,"turns":2},{"damage":58,"enemies":"Champ","floor":33,"turns":10}],"event_choices":[{"event_name":"Shining Light","player_choice":"Ignored","floor":5,"damage_taken":0},{"event_name":"Liars Game","player_choice":"agreed","floor":8,"damage_taken":0},{"event_name":"Drug Dealer","player_choice":"Ignored","floor":22,"damage_taken":0},{"event_name":"Wheel of Change","player_choice":"Relic","floor":25,"damage_taken":0},{"event_name":"Addict","player_choice":"Obtained Relic","floor":31,"damage_taken":0}],"boss_relics":[{"not_picked":["Tiny House","Snecko Eye"],"picked":"Pandora\u0027s Box"}],"potions_floor_spawned":[1,3,6,11,21,29,30],"seed_played":"-2533516347601414698","killed_by":"Champ","ascension_level":0,"is_trial":false}