{"path_per_floor":["M","?","M","M","M","E","T","R","T","E","R","E","M","M","R","B",null,"M","?","?","M","M","E"],"character_chosen":"THE_SILENT","items_purchased":[],"gold_per_floor":[112,112,124,138,124,150,150,150,150,182,182,207,222,238,238,342,342,353,353,353,363,374,402,402],"floor_reached":24,"campfire_rested":1,"playtime":3276,"current_hp_per_floor":[67,67,67,67,58,33,33,69,69,66,66,57,57,57,57,28,70,69,69,69,69,47,15,0],"items_purged":[],"gold":402,"score":238,"play_id":"bf40b7a3-5c17-44c7-b57e-d116069daeae","local_time":"20180329143505","is_prod":false,"is_daily":false,"is_ascension_mode":false,"campfire_upgraded":2,"timestamp":1522348505,"path_taken":["M","?","M","M","?","E","?","R","T","E","R","E","M","M","R","BOSS","M","?","?","M","M","E","M"],"build_version":"2018-03-22v2","purchased_purges":0,"victory":false,"master_deck":["Defend_G","Defend_G","Defend_G","Defend_G","Defend_G","Strike_G","Strike_G","Strike_G+1","Strike_G+1","Survivor","Neutralize","Slice","Outmaneuver+1","Infinite Blades+1","Flying Knee","Poisoned Stab","Slice","Endless Agony","Deadly Poison","Terror","Malaise","Caltrops+1","Poisoned Stab+1"],"max_hp_per_floor":[70,70,70,70,70,70,70,70,70,70,70,70,70,70,70,70,70,70,70,70,70,70,70,70],"relics":["Ring of the Snake","Regal Pillow","Paper Crane","Thread and Needle","Unceasing Top","Letter Opener","Whetstone","Eternal Feather","Darkstone Periapt"],"card_choices":[{"not_picked":["Quick Slash","Acrobatics"],"picked":"Slice","floor":1},{"not_picked":["All Out Attack","Dodge and Roll"],"picked":"Outmaneuver","floor":3},{"not_picked":["A Thousand Cuts","Deflect"],"picked":"Infinite Blades","floor":4},{"not_picked":["Malaise","Bane"],"picked":"Flying Knee","floor":5},{"not_picked":["Acrobatics","Escape Plan"],"picked":"Poisoned Stab","floor":6},{"not_picked":["Sucker Punch","Eviscerate"],"picked":"Slice","floor":10},{"not_picked":["Tactician","Predator"],"picked":"Endless Agony","floor":12},{"not_picked":["Flying Knee","Dagger Throw"],"picked":"Deadly Poison","floor":13},{"not_picked":["Prepared","Dagger Spray"],"picked":"Terror","floor":14},{"not_picked":["Underhanded Strike","Reflex"],"picked":"Malaise","floor":21},{"not_picked":["Dodge and Roll","Sucker Punch"],"picked":"Caltrops","floor":22},{"not_picked":["Crippling Poison","Dagger Throw"],"picked":"Poisoned Stab","floor":23}],"player_experience":12807,"potions_floor_usage":[6,10,16,16,16,22,23,24],"damage_taken":[{"damage":3,"enemies":"Jaw Worm","floor":1,"turns":6},{"damage":0,"enemies":"2 Louse","floor":3,"turns":3},{"damage":0,"enemies":"Cultist","floor":4,"turns":4},{"damage":9,"enemies":"Exordium Thugs","floor":5,"turns":6},{"damage":25,"enemies":"3 Sentries","floor":6,"turns":10},{"damage":9,"enemies":"Gremlin Nob","floor":10,"turns":5},{"damage":9,"enemies":"3 Sentries","floor":12,"turns":9},{"damage":0,"enemies":"Blue Slaver","floor":13,"turns":3},{"damage":0,"enemies":"Exordium Wildlife","floor":14,"turns":3},{"damage":29,"enemies":"Slime Boss","floor":16,"turns":6},{"damage":1,"enemies":"Chosen","floor":18,"turns":4},{"damage":0,"enemies":"3 Byrds","floor":21,"turns":5},{"damage":22,"enemies":"Sentry and Sphere","floor":22,"turns":8},{"damage":32,"enemies":"Slavers","floor":23,"turns":6},{"damage":16,"enemies":"Slaver and Parasite","floor":24,"turns":4}],"event_choices":[{"event_name":"Big Fish","player_choice":"Box","floor":2,"damage_taken":0},{"event_name":"Back to Basics","player_choice":"Elegance","floor":19,"damage_taken":0},{"event_name":"Purifier","player_choice":"One Purge","floor":20,"damage_taken":0}],"boss_relics":[{"not_picked":["Question Card","Philosopher\u0027s Stone"],"picked":"Eternal Feather"}],"potions_floor_spawned":[5,6,12,13,14,16,21,22],"seed_played":"1746137661455068523","killed_by":"Slaver and Parasite","ascension_level":0,"is_trial":false}