{"path_per_floor":["M","?","?","$","M","M","?","?","T","M","R","?","R","?","R"],"character_chosen":"THE_SILENT","items_purchased":["Bottled Tornado","Prepared"],"gold_per_floor":[119,369,369,10,29,45,45,45,93,112,112,112,112,112,112,112],"floor_reached":16,"campfire_rested":1,"playtime":1217,"current_hp_per_floor":[70,70,70,70,66,51,37,37,37,44,44,32,32,32,53,0],"items_purged":["Regret"],"gold":112,"score":88,"play_id":"50f55f78-4923-4cbc-88c3-a13314fba2a4","local_time":"20180331124157","is_prod":false,"is_daily":false,"is_ascension_mode":false,"campfire_upgraded":1,"timestamp":1522514517,"path_taken":["M","?","?","?","?","M","?","?","T","?","R","?","R","?","R","BOSS"],"build_version":"2018-03-29v2","purchased_purges":1,"victory":false,"master_deck":["Defend_G","Defend_G","Defend_G","Defend_G","Defend_G","Strike_G","Strike_G","Strike_G+1","Strike_G","Strike_G","Survivor","Neutralize+1","Slice","Tools of the Trade+1","Regret","Prepared","Outmaneuver","Outmaneuver","Normality","Flying Knee"],"max_hp_per_floor":[70,70,70,70,70,70,70,70,70,70,70,70,70,70,70,70],"relics":["Ring of the Snake","Letter Opener","Bottled Tornado","Meat on the Bone","Anchor","Shovel","Prayer Wheel"],"card_choices":[{"not_picked":["Finisher","Dodge and Roll"],"picked":"Slice","floor":0.0},{"not_picked":["Flying Knee","Underhanded Strike"],"picked":"Tools of the Trade","floor":1.0},{"not_picked":["Underhanded Strike","Flying Knee"],"picked":"Outmaneuver","floor":5.0},{"not_picked":["Dagger Spray","Malaise"],"picked":"Outmaneuver","floor":6.0},{"not_picked":["Dagger Spray","Underhanded Strike"],"picked":"Flying Knee","floor":10.0}],"player_experience":50727,"potions_floor_usage":[16],"damage_taken":[{"damage":0.0,"enemies":"2 Louse","floor":1.0,"turns":3.0},{"damage":4.0,"enemies":"Cultist","floor":5.0,"turns":4.0},{"damage":15.0,"enemies":"Jaw Worm","floor":6.0,"turns":6.0},{"damage":5.0,"enemies":"Exordium Wildlife","floor":10.0,"turns":5.0},{"damage":56,"enemies":"Hexaghost","floor":16,"turns":11}],"event_choices":[{"event_name":"Golden Shrine","player_choice":"Desecrate","floor":2.0,"damage_taken":0.0},{"event_name":"Big Fish","player_choice":"Box","floor":3.0,"damage_taken":0.0},{"event_name":"Shining Light","player_choice":"Entered Light","floor":7.0,"damage_taken":0.0},{"event_name":"Accursed Blacksmith","player_choice":"Rummage","floor":8.0,"damage_taken":0.0},{"event_name":"Scrap Ooze","player_choice":"success","floor":12.0,"damage_taken":12.0},{"event_name":"Liars Game","player_choice":"disagreed","floor":14.0,"damage_taken":0.0}],"boss_relics":[],"potions_floor_spawned":[10],"seed_played":"-1715261578633417158","killed_by":"Hexaghost","ascension_level":0,"is_trial":false}