{"path_per_floor":["M","M","?","M","?","E","R","?","T","M","$","?","?","M","R"],"character_chosen":"THE_SILENT","items_purchased":["Backstab","Distraction","Blade Dance"],"gold_per_floor":[112,128,128,151,151,182,182,182,182,197,12,12,87,107,107,107],"floor_reached":16,"campfire_rested":2,"playtime":3214,"current_hp_per_floor":[70,69,52,52,52,23,47,47,47,47,47,47,36,36,60,0],"items_purged":[],"gold":107,"score":100,"play_id":"f41c7435-b41c-4901-a7f4-18d63f3fe036","local_time":"20180329133924","is_prod":false,"is_daily":false,"is_ascension_mode":false,"campfire_upgraded":0,"timestamp":1522345164,"path_taken":["M","M","?","M","?","E","R","?","T","M","$","?","?","M","R","BOSS"],"build_version":"2018-03-22v2","purchased_purges":0,"victory":false,"master_deck":["Defend_G","Defend_G","Defend_G","Defend_G","Defend_G","Strike_G","Strike_G","Strike_G","Strike_G","Survivor","Neutralize","Outmaneuver+1","Finisher","Slice","Blur","Slice","Backstab","Distraction","Blade Dance","Caltrops","Blade Dance"],"max_hp_per_floor":[70,70,70,70,70,80,80,80,80,80,80,80,80,80,80,80],"relics":["Ring of the Snake","Golden Idol","Pear","Paper Crane"],"card_choices":[{"not_picked":["Deadly Poison","Doppelganger"],"picked":"Outmaneuver","floor":1.0},{"not_picked":["Slice","Expertise"],"picked":"Finisher","floor":2.0},{"not_picked":["Skewer","Prepared"],"picked":"Slice","floor":4.0},{"not_picked":["Deadly Poison","Choke"],"picked":"Blur","floor":6.0},{"not_picked":["Dagger Spray","Crippling Poison"],"picked":"Slice","floor":10},{"not_picked":["Slice","Dagger Throw"],"picked":"Blade Dance","floor":14}],"player_experience":9573,"potions_floor_usage":[16,16,16],"damage_taken":[{"damage":0.0,"enemies":"2 Louse","floor":1.0,"turns":4.0},{"damage":1.0,"enemies":"Jaw Worm","floor":2.0,"turns":7.0},{"damage":0.0,"enemies":"Cultist","floor":4.0,"turns":5.0},{"damage":39.0,"enemies":"Lagavulin","floor":6.0,"turns":11.0},{"damage":0,"enemies":"2 Fungi Beasts","floor":10,"turns":4},{"damage":0,"enemies":"3 Louse","floor":14,"turns":4},{"damage":81,"enemies":"Slime Boss","floor":16,"turns":20}],"event_choices":[{"event_name":"Golden Idol","player_choice":"Take Damage","floor":3.0,"damage_taken":0.0},{"event_name":"Living Wall","player_choice":"Grow","floor":5.0,"damage_taken":0.0},{"event_name":"The Lab","player_choice":"Got Potions","floor":8.0,"damage_taken":0.0},{"event_name":"Transmorgrifier","player_choice":"Transform","floor":12,"damage_taken":0},{"event_name":"World of Goop","player_choice":"Gather Gold","floor":13,"damage_taken":0}],"boss_relics":[],"potions_floor_spawned":[2,6,10],"seed_played":"3320412214706944114","killed_by":"Slime Boss","ascension_level":0,"is_trial":false}