{"path_per_floor":["M","?","M","?","M","R","E","R","T","M","$","?","M","M","R","B",null,"M","M","?","?","$","R","E","T","T","R","?"],"character_chosen":"THE_SILENT","items_purchased":["Noxious Fumes","Bag of Marbles","Outmaneuver","Poisoned Stab"],"gold_per_floor":[118,118,131,131,145,145,175,175,226,242,91,121,136,152,152,254,254,269,281,281,281,31,31,62,62,87,87,87,87],"floor_reached":29,"campfire_rested":1,"playtime":2103,"current_hp_per_floor":[70,63,63,60,60,60,58,70,70,70,70,63,62,66,66,43,70,70,66,66,50,50,58,44,44,44,52,52,0],"items_purged":["Strike_G"],"gold":87,"score":241,"play_id":"a14826f8-4de2-4faf-ba84-5762acad1779","local_time":"20180401125935","is_prod":false,"is_daily":false,"is_ascension_mode":false,"campfire_upgraded":4,"timestamp":1522601975,"path_taken":["M","?","?","?","M","R","E","R","T","?","?","?","M","M","R","BOSS","M","M","?","?","$","R","E","?","T","R","?","E"],"build_version":"2018-03-29v2","purchased_purges":2,"victory":false,"master_deck":["Defend_G","Defend_G","Defend_G","Defend_G","Defend_G","Strike_G","Strike_G","Survivor","Neutralize","Terror+1","Poisoned Stab","Cloak And Dagger","Bane","Slice","Noxious Fumes+1","PiercingWail","Deadly Poison","Dodge and Roll+1","Caltrops","Necronomicurse","Outmaneuver+1","Poisoned Stab","Prepared+1","Predator"],"max_hp_per_floor":[70,70,70,70,70,70,70,70,70,70,70,70,70,70,70,70,70,70,70,70,70,70,70,70,70,70,70,70,70],"relics":["Ring of the Snake","Vajra","Oddly Smooth Stone","Toolbox","Bag of Preparation","Odd Mushroom","Eternal Feather","Necronomicon","Bag of Marbles","Anchor","Pen Nib","Lantern"],"card_choices":[{"not_picked":["Dagger Spray","Reflex"],"picked":"Terror","floor":1},{"not_picked":["Underhanded Strike","Dagger Spray"],"picked":"Poisoned Stab","floor":3},{"not_picked":["Leg Sweep","Dodge and Roll"],"picked":"Cloak And Dagger","floor":5},{"not_picked":["Dagger Throw","Quick Slash"],"picked":"Bane","floor":7},{"not_picked":["Underhanded Strike","Dash"],"picked":"Slice","floor":10},{"not_picked":["Unload","Bane"],"picked":"PiercingWail","floor":12},{"not_picked":["Dodge and Roll","Backflip"],"picked":"Deadly Poison","floor":13},{"not_picked":["All Out Attack","Sucker Punch"],"picked":"Dodge and Roll","floor":18},{"not_picked":["Acrobatics","Dash"],"picked":"Caltrops","floor":19},{"not_picked":["Underhanded Strike","Doppelganger"],"picked":"Prepared","floor":24}],"player_experience":59744,"potions_floor_usage":[12,12,18,24],"damage_taken":[{"damage":0,"enemies":"Jaw Worm","floor":1,"turns":5},{"damage":0,"enemies":"2 Louse","floor":3,"turns":3},{"damage":0,"enemies":"Cultist","floor":5,"turns":4},{"damage":2,"enemies":"3 Sentries","floor":7,"turns":9},{"damage":0,"enemies":"Red Slaver","floor":10,"turns":1},{"damage":7,"enemies":"The Mushroom Lair","floor":12,"turns":3},{"damage":1,"enemies":"Large Slime","floor":13,"turns":4},{"damage":0,"enemies":"Exordium Wildlife","floor":14,"turns":3},{"damage":27,"enemies":"The Guardian","floor":16,"turns":9},{"damage":0,"enemies":"2 Thieves","floor":18,"turns":4},{"damage":4,"enemies":"Spheric Guardian","floor":19,"turns":4},{"damage":14,"enemies":"Book of Stabbing","floor":24,"turns":6},{"damage":59,"enemies":"Gremlin Leader","floor":29,"turns":7}],"event_choices":[{"event_name":"Golden Wing","player_choice":"Card Removal","floor":2,"damage_taken":0},{"event_name":"Scrap Ooze","player_choice":"success","floor":4,"damage_taken":3},{"event_name":"Mushrooms","player_choice":"Fought Mushrooms","floor":12,"damage_taken":0},{"event_name":"Back to Basics","player_choice":"Elegance","floor":20,"damage_taken":0},{"event_name":"Cursed Tome","player_choice":"Obtained Book","floor":21,"damage_taken":0},{"event_name":"The Library","player_choice":"Read","floor":28,"damage_taken":0}],"boss_relics":[{"not_picked":["Snecko Eye","Cursed Key"],"picked":"Eternal Feather"}],"potions_floor_spawned":[3,7,12,19,24],"seed_played":"4540335621974232645","killed_by":"Gremlin Leader","ascension_level":0,"is_trial":false}