{"path_per_floor":["M","?","$","M","M","E","R","M","T","M","M","R","?","M","R","B",null,"M","$","M","?"],"character_chosen":"THE_SILENT","items_purchased":["Bag of Preparation","Poisoned Stab","Ninja Scroll"],"gold_per_floor":[116,191,16,35,51,81,81,98,122,133,149,149,149,165,165,267,267,282,33,46,46,46],"floor_reached":22,"campfire_rested":3,"playtime":1472,"current_hp_per_floor":[68,57,57,54,49,23,44,35,35,27,24,45,45,35,56,14,70,53,53,35,35,0],"items_purged":[],"gold":46,"score":215,"play_id":"7f73dd4a-4e5a-42b9-8742-b04c2999480d","local_time":"20180404153318","is_prod":false,"is_daily":false,"is_ascension_mode":false,"campfire_upgraded":0,"timestamp":1522870398,"path_taken":["M","?","$","M","M","E","R","M","T","?","M","R","?","M","R","BOSS","M","$","M","?","M"],"build_version":"2018-03-29v2","purchased_purges":0,"victory":false,"master_deck":["Defend_G","Defend_G","Defend_G","Defend_G","Defend_G","Strike_G","Strike_G","Strike_G","Strike_G","Survivor","Neutralize","Corpse Explosion","Outmaneuver","Poisoned Stab","Poisoned Stab","Skewer+1","Poisoned Stab","Envenom","Outmaneuver","Bane","Flying Knee","Prepared","Bane","Poisoned Stab","Prepared","Blur","Flying Knee","Prepared","Outmaneuver","Outmaneuver+1","Setup"],"max_hp_per_floor":[70,70,70,70,70,70,70,70,70,70,70,70,70,70,70,70,70,70,70,70,70,70],"relics":["Ring of the Snake","Bag of Preparation","Dream Catcher","Bag of Marbles","Orrery","Ninja Scroll","Vajra"],"card_choices":[{"not_picked":["Sucker Punch","Underhanded Strike"],"picked":"Outmaneuver","floor":1},{"not_picked":["Dagger Spray","PiercingWail"],"picked":"Poisoned Stab","floor":4},{"not_picked":["Deadly Poison","PiercingWail"],"picked":"Skewer","floor":5},{"not_picked":["Dagger Throw","Deflect"],"picked":"Poisoned Stab","floor":6},{"not_picked":["Predator","Cloak And Dagger"],"picked":"Envenom","floor":7},{"not_picked":["Backstab","Catalyst"],"picked":"Outmaneuver","floor":8},{"not_picked":["Heel Hook","Dodge and Roll"],"picked":"Bane","floor":10},{"not_picked":["Underhanded Strike","Terror"],"picked":"Flying Knee","floor":11},{"not_picked":["Eviscerate","Blur"],"picked":"Prepared","floor":12},{"not_picked":["Dodge and Roll","Reflex"],"picked":"Bane","floor":14},{"not_picked":["Dodge and Roll","Deadly Poison"],"picked":"Poisoned Stab","floor":15},{"not_picked":["Underhanded Strike","Escape Plan"],"picked":"Prepared","floor":17},{"not_picked":["Deflect","Slice"],"picked":"Blur","floor":17},{"not_picked":["Dash","Acrobatics"],"picked":"Flying Knee","floor":17},{"not_picked":["Calculated Gamble","Sucker Punch"],"picked":"Prepared","floor":17},{"not_picked":["Corpse Explosion","Acrobatics"],"picked":"Outmaneuver","floor":17},{"not_picked":["Caltrops","Flying Knee"],"picked":"Outmaneuver","floor":18},{"not_picked":["Dash","Dodge and Roll"],"picked":"Setup","floor":20}],"player_experience":125505,"potions_floor_usage":[6,11,16,18,18],"damage_taken":[{"damage":2,"enemies":"2 Louse","floor":1,"turns":4},{"damage":3,"enemies":"Jaw Worm","floor":4,"turns":6},{"damage":5,"enemies":"Small Slimes","floor":5,"turns":4},{"damage":26,"enemies":"Lagavulin","floor":6,"turns":7},{"damage":9,"enemies":"Red Slaver","floor":8,"turns":5},{"damage":8,"enemies":"2 Fungi Beasts","floor":10,"turns":3},{"damage":18,"enemies":"Exordium Thugs","floor":11,"turns":8},{"damage":10,"enemies":"Large Slime","floor":14,"turns":3},{"damage":42,"enemies":"The Guardian","floor":16,"turns":7},{"damage":17,"enemies":"2 Thieves","floor":18,"turns":3},{"damage":18,"enemies":"Shell Parasite","floor":20,"turns":6},{"damage":40,"enemies":"Sentry and Sphere","floor":22,"turns":5}],"event_choices":[{"event_name":"World of Goop","player_choice":"Gather Gold","floor":2,"damage_taken":0},{"event_name":"Living Wall","player_choice":"Grow","floor":13,"damage_taken":0},{"event_name":"The Mausoleum","player_choice":"Yes","floor":21,"damage_taken":0}],"boss_relics":[{"not_picked":["Snecko Eye","Runic Pyramid"],"picked":"Orrery"}],"potions_floor_spawned":[1,5,8,14,16,18,20],"seed_played":"6291848623770090523","killed_by":"Sentry and Sphere","ascension_level":0,"is_trial":false}