{"path_per_floor":["M","?","?","M","$","E","R","E","T","$","M","R","$","M","R","B",null,"M","M","?","M"],"character_chosen":"THE_SILENT","items_purchased":["Accuracy","Cloak And Dagger","Outmaneuver"],"gold_per_floor":[114,114,114,127,47,82,82,120,146,26,39,39,17,32,32,155,155,171,187,187,212,212],"floor_reached":22,"campfire_rested":2,"playtime":1740,"current_hp_per_floor":[70,70,53,53,53,30,51,25,25,25,25,46,46,46,46,11,70,46,46,46,16,0],"items_purged":["Strike_G"],"gold":212,"score":194,"play_id":"7685eb8c-7111-4f72-bac8-dd7aa66e3e95","local_time":"20180408114343","is_prod":false,"is_daily":false,"is_ascension_mode":false,"campfire_upgraded":1,"timestamp":1523202223,"path_taken":["M","?","?","M","$","E","R","E","T","$","M","R","?","M","R","BOSS","M","?","?","M","M"],"build_version":"2018-04-05v2","purchased_purges":1,"victory":false,"master_deck":["Defend_G","Defend_G","Defend_G","Defend_G","Defend_G","Strike_G","Strike_G","Survivor","Neutralize","Infinite Blades","Prepared","Accuracy","Malaise+1","Cloak And Dagger","Outmaneuver","Cloak And Dagger","A Thousand Cuts","Cloak And Dagger","Noxious Fumes","Terror+1"],"max_hp_per_floor":[70,70,70,70,70,70,70,70,70,70,70,70,70,70,70,70,70,70,70,70,70,70],"relics":["Ring of the Snake","Golden Idol","Du-Vu Doll","Omamori","Lantern","Black Star"],"card_choices":[{"not_picked":["Cloak And Dagger","Backflip"],"picked":"Infinite Blades","floor":1},{"not_picked":["Dagger Spray","Choke"],"picked":"Prepared","floor":4},{"not_picked":["Setup","Poisoned Stab"],"picked":"Malaise","floor":8},{"not_picked":["Finisher","A Thousand Cuts"],"picked":"Cloak And Dagger","floor":14},{"not_picked":["Phantasmal Killer","Doppelganger"],"picked":"A Thousand Cuts","floor":16},{"not_picked":["Quick Slash","Reflex"],"picked":"Cloak And Dagger","floor":18},{"not_picked":["Dagger Spray","Underhanded Strike"],"picked":"Noxious Fumes","floor":19},{"not_picked":["Sucker Punch","PiercingWail"],"picked":"Terror","floor":21}],"player_experience":152232,"potions_floor_usage":[8,22],"damage_taken":[{"damage":0,"enemies":"Small Slimes","floor":1,"turns":4},{"damage":0,"enemies":"Cultist","floor":4,"turns":4},{"damage":23,"enemies":"3 Sentries","floor":6,"turns":10},{"damage":26,"enemies":"Gremlin Nob","floor":8,"turns":5},{"damage":0,"enemies":"2 Louse","floor":11,"turns":2},{"damage":0,"enemies":"Blue Slaver","floor":14,"turns":4},{"damage":35,"enemies":"Hexaghost","floor":16,"turns":16},{"damage":24,"enemies":"Spheric Guardian","floor":18,"turns":6},{"damage":0,"enemies":"Shell Parasite","floor":19,"turns":9},{"damage":30,"enemies":"Cultist and Chosen","floor":21,"turns":9},{"damage":16,"enemies":"3 Cultists","floor":22,"turns":4}],"event_choices":[{"event_name":"Purifier","player_choice":"One Purge","floor":2,"damage_taken":0},{"event_name":"Golden Idol","player_choice":"Take Damage","floor":3,"damage_taken":0},{"event_name":"Back to Basics","player_choice":"Elegance","floor":20,"damage_taken":0}],"boss_relics":[{"not_picked":["Velvet Choker","Runic Pyramid"],"picked":"Black Star"}],"potions_floor_spawned":[1,19],"seed_played":"7612769708753650407","killed_by":"3 Cultists","ascension_level":0,"is_trial":false}