{"path_per_floor":["M","M","?","?","$","E","?","R","T","T","M","R","M","M","R","B",null,"M","?","M"],"character_chosen":"THE_SILENT","items_purchased":[],"gold_per_floor":[109,127,127,202,127,188,188,188,215,215,235,235,248,263,263,365,395,411,411,426,426],"floor_reached":21,"campfire_rested":1,"playtime":1787,"current_hp_per_floor":[70,70,70,59,59,33,33,33,33,33,33,69,63,43,43,35,75,39,39,29,4],"items_purged":["Regret"],"gold":426,"score":205,"play_id":"cbe67f3b-945b-403b-a594-b2ee885c954e","local_time":"20180406104248","is_prod":false,"is_daily":false,"is_ascension_mode":false,"campfire_upgraded":1,"timestamp":1523025768,"path_taken":["M","M","?","?","$","E","?","R","T","?","?","R","M","?","R","BOSS","M","?","?","M"],"build_version":"2018-04-05v2","purchased_purges":1,"victory":false,"master_deck":["Defend_G","Defend_G","Defend_G","Defend_G","Defend_G","Survivor","Neutralize","Distraction+1","Cloak And Dagger","Cloak And Dagger","Adrenaline","Endless Agony","Storm of Steel","Footwork","Bite","Bite","Bite","Bite","Bite","Prepared"],"max_hp_per_floor":[70,70,70,70,70,70,70,70,70,70,70,70,70,70,70,70,75,75,52,52,52],"relics":["Ring of the Snake","Dream Catcher","Tiny Chest","Regal Pillow","Shovel","Matryoshka","Tiny House"],"card_choices":[{"not_picked":["Bane","Deflect"],"picked":"Distraction","floor":1.0},{"not_picked":["Dodge and Roll","Finisher"],"picked":"Cloak And Dagger","floor":2.0},{"not_picked":["Finisher","Slice"],"picked":"Cloak And Dagger","floor":12},{"not_picked":["Heel Hook","Cloak And Dagger"],"picked":"Adrenaline","floor":13},{"not_picked":["Sucker Punch","Blur"],"picked":"Endless Agony","floor":14},{"not_picked":["Tactician","Night Terror"],"picked":"Storm of Steel","floor":16},{"not_picked":["Catalyst","Outmaneuver"],"picked":"Footwork","floor":17},{"not_picked":["Infinite Blades","Poisoned Stab"],"picked":"Prepared","floor":20}],"player_experience":139273,"potions_floor_usage":[16,16,21,21],"damage_taken":[{"damage":0.0,"enemies":"Small Slimes","floor":1.0,"turns":4.0},{"damage":0.0,"enemies":"2 Louse","floor":2.0,"turns":3.0},{"damage":26,"enemies":"Gremlin Nob","floor":6,"turns":4},{"damage":0,"enemies":"Jaw Worm","floor":11,"turns":3},{"damage":6,"enemies":"3 Louse","floor":13,"turns":5},{"damage":20,"enemies":"Large Slime","floor":14,"turns":7},{"damage":8,"enemies":"Hexaghost","floor":16,"turns":9},{"damage":36,"enemies":"3 Byrds","floor":18,"turns":11},{"damage":32,"enemies":"Chosen","floor":20,"turns":9},{"damage":72,"enemies":"Centurion and Healer","floor":21,"turns":15}],"event_choices":[{"event_name":"Big Fish","player_choice":"Box","floor":3.0,"damage_taken":0.0},{"event_name":"World of Goop","player_choice":"Gather Gold","floor":4,"damage_taken":0},{"event_name":"The Woman in Blue","player_choice":"Bought 0 Potions","floor":7,"damage_taken":0},{"event_name":"Vampires","player_choice":"Became a vampire","floor":19,"damage_taken":0}],"boss_relics":[{"not_picked":["Eternal Feather","Runic Pyramid"],"picked":"Tiny House"}],"potions_floor_spawned":[1,6,13,20],"seed_played":"-2428345800286487556","killed_by":"Centurion and Healer","ascension_level":0,"is_trial":false}