{"path_per_floor":["M","M","$","M","?","E","M","?","T","R","M","M","R","E","R"],"character_chosen":"THE_SILENT","items_purchased":[],"gold_per_floor":[118,136,61,80,80,119,142,142,142,142,161,182,182,220,220,220],"floor_reached":16,"campfire_rested":2,"playtime":1425,"current_hp_per_floor":[70,70,70,60,43,23,8,8,8,29,29,23,44,59,59,0],"items_purged":["Doubt"],"gold":220,"score":137,"play_id":"15b2b45a-603f-4c3c-b3e9-63d209786927","local_time":"20180408120739","is_prod":false,"is_daily":false,"is_ascension_mode":false,"campfire_upgraded":1,"timestamp":1523203659,"path_taken":["M","?","$","M","?","E","M","?","T","R","M","M","R","E","R","BOSS"],"build_version":"2018-04-05v2","purchased_purges":1,"victory":false,"master_deck":["Defend_G","Defend_G","Defend_G","Defend_G","Defend_G","Strike_G","Strike_G","Strike_G","Strike_G","Strike_G","Survivor","Neutralize","Malaise+1","Prepared","Malaise","Venomology+1","Escape Plan","Calculated Gamble","Slice+1"],"max_hp_per_floor":[70,70,70,70,70,70,70,70,70,70,70,70,70,70,70,70],"relics":["Ring of the Snake","Dead Branch","Golden Idol","Torii","Lantern","Molten Egg 2"],"card_choices":[{"not_picked":["Tools of the Trade","Deadly Poison"],"picked":"Malaise","floor":1},{"not_picked":["Underhanded Strike","Dodge and Roll"],"picked":"Prepared","floor":2},{"not_picked":["Crippling Poison","Poisoned Stab"],"picked":"Malaise","floor":4},{"not_picked":["Underhanded Strike","Slice"],"picked":"Venomology","floor":6},{"not_picked":["Poisoned Stab","Flying Knee"],"picked":"Escape Plan","floor":11},{"not_picked":["Sucker Punch","Bane"],"picked":"Calculated Gamble","floor":12},{"not_picked":["After Image","Bane"],"picked":"Slice","floor":14}],"player_experience":153972,"potions_floor_usage":[11,11,12,12,14,14,14,14,14,16],"damage_taken":[{"damage":0,"enemies":"Cultist","floor":1,"turns":5},{"damage":0,"enemies":"2 Louse","floor":2,"turns":4},{"damage":10,"enemies":"Jaw Worm","floor":4,"turns":8},{"damage":20,"enemies":"3 Sentries","floor":6,"turns":6},{"damage":15,"enemies":"Large Slime","floor":7,"turns":13},{"damage":0,"enemies":"3 Louse","floor":11,"turns":1},{"damage":6,"enemies":"Exordium Thugs","floor":12,"turns":3},{"damage":0,"enemies":"Lagavulin","floor":14,"turns":8},{"damage":62,"enemies":"Slime Boss","floor":16,"turns":17}],"event_choices":[{"event_name":"Golden Idol","player_choice":"Take Damage","floor":5,"damage_taken":0},{"event_name":"Upgrade Shrine","player_choice":"Upgraded","floor":8,"damage_taken":0}],"boss_relics":[],"potions_floor_spawned":[1,11,12],"seed_played":"-6790377289211491336","killed_by":"Slime Boss","ascension_level":0,"is_trial":false}