{"path_per_floor":["M","M","M","?","M","E","R","?","T","R","M","M","R","M","R","B",null,"M","$","?","?","M","R","E","$","T","M","E","M","$","M","R","B",null,"M","?","$","M","$","R","M","E","T","M","?","R","M","?","R"],"character_chosen":"THE_SILENT","items_purchased":["Apotheosis","Bottled Lightning"],"gold_per_floor":[115,131,146,146,161,190,190,190,271,271,282,300,300,320,320,421,421,438,363,363,363,380,380,412,216,216,232,258,270,32,42,42,138,138,152,152,52,70,70,70,90,123,123,139,139,139,157,157,157,157],"floor_reached":50,"campfire_rested":5,"playtime":3698,"current_hp_per_floor":[70,69,68,61,53,46,67,70,70,70,70,62,62,50,50,21,70,66,66,66,50,49,70,52,52,52,48,54,54,54,54,54,33,80,80,80,80,54,54,78,78,48,48,41,41,65,66,66,84,0],"items_purged":["Sucker Punch","Doubt"],"gold":157,"score":514,"play_id":"349f2f11-beb2-4577-bd5f-8be76d167510","local_time":"20180408203050","is_prod":false,"is_daily":false,"is_ascension_mode":false,"campfire_upgraded":4,"timestamp":1523233850,"path_taken":["M","?","M","?","M","E","R","?","T","R","?","M","R","M","R","BOSS","M","$","?","?","M","R","E","$","T","M","E","M","?","?","R","BOSS","M","?","$","M","$","R","M","E","T","M","?","R","M","?","R","BOSS"],"build_version":"2018-04-05v2","purchased_purges":2,"victory":false,"master_deck":["Survivor","Neutralize","Skewer+1","Outmaneuver+1","Noxious Fumes+1","Crippling Poison","Venomology","Dagger Spray","Heel Hook","Cloak And Dagger","Riddle With Holes","Dodge and Roll","Expertise","Caltrops","Necronomicurse","Apotheosis+1","Distraction","Skewer","Venomology","Clumsy","Decay","Skewer"],"max_hp_per_floor":[70,70,70,70,70,70,70,70,70,70,70,70,70,70,70,70,70,70,70,70,70,70,70,70,70,70,70,80,80,80,80,80,80,80,80,80,80,80,80,80,80,80,80,82,82,82,84,84,84,84],"relics":["Velvet Choker","Mummified Hand","Tough Bandages","Pandora\u0027s Box","Necronomicon","Matryoshka","Bag of Marbles","Du-Vu Doll","Pear","Bottled Lightning","Calling Bell","Orichalcum","Juzu Bracelet","Thread and Needle","Singing Bowl","Dodecahedron","Art of War"],"card_choices":[{"not_picked":["Dagger Spray","Flechettes"],"picked":"Malaise","floor":1},{"not_picked":["Bane","Caltrops"],"picked":"Skewer","floor":3},{"not_picked":["Caltrops","Cloak And Dagger"],"picked":"Outmaneuver","floor":5},{"not_picked":["PiercingWail","Prepared"],"picked":"Noxious Fumes","floor":6},{"not_picked":["Infinite Blades","Footwork"],"picked":"Crippling Poison","floor":11},{"not_picked":["Grand Finale","Tactician"],"picked":"Venomology","floor":16},{"not_picked":["Riddle With Holes","Accuracy"],"picked":"Distraction","floor":27},{"not_picked":["Dagger Throw","Prepared"],"picked":"Skewer","floor":29},{"not_picked":["Wraith Form","Tools of the Trade"],"picked":"Venomology","floor":33},{"not_picked":["PiercingWail","Bane"],"picked":"Skewer","floor":42}],"player_experience":158051,"potions_floor_usage":[6,11,24,24,24,27,28,29,33,33,38,38,41,42,42,47,47,50,50,50,50],"damage_taken":[{"damage":0,"enemies":"Cultist","floor":1,"turns":4},{"damage":1,"enemies":"2 Louse","floor":2,"turns":3},{"damage":1,"enemies":"Small Slimes","floor":3,"turns":5},{"damage":8,"enemies":"Exordium Wildlife","floor":5,"turns":5},{"damage":7,"enemies":"3 Sentries","floor":6,"turns":7},{"damage":0,"enemies":"3 Louse","floor":11,"turns":2},{"damage":8,"enemies":"Gremlin Gang","floor":12,"turns":5},{"damage":12,"enemies":"Exordium Thugs","floor":14,"turns":4},{"damage":29,"enemies":"Hexaghost","floor":16,"turns":11},{"damage":4,"enemies":"Shell Parasite","floor":18,"turns":5},{"damage":1,"enemies":"3 Byrds","floor":22,"turns":4},{"damage":18,"enemies":"Slavers","floor":24,"turns":4},{"damage":4,"enemies":"Sentry and Sphere","floor":27,"turns":4},{"damage":13,"enemies":"Book of Stabbing","floor":28,"turns":4},{"damage":0,"enemies":"Centurion and Healer","floor":29,"turns":4},{"damage":0,"enemies":"Snake Plant","floor":31,"turns":2},{"damage":27,"enemies":"Collector","floor":33,"turns":3},{"damage":0,"enemies":"3 Darklings","floor":35,"turns":2},{"damage":26,"enemies":"3 Shapes","floor":38,"turns":4},{"damage":0,"enemies":"3 Darklings","floor":41,"turns":2},{"damage":30,"enemies":"2 Orb Walkers","floor":42,"turns":4},{"damage":9,"enemies":"Sphere and 2 Shapes","floor":44,"turns":4},{"damage":1,"enemies":"Maw","floor":47,"turns":5},{"damage":102,"enemies":"Awakened One","floor":50,"turns":8}],"event_choices":[{"event_name":"Golden Wing","player_choice":"Card Removal","floor":4,"damage_taken":0},{"event_name":"Bonfire Elementals","player_choice":"UNCOMMON","floor":8,"damage_taken":0},{"event_name":"The Lab","player_choice":"Got Potions","floor":20,"damage_taken":0},{"event_name":"Cursed Tome","player_choice":"Obtained Book","floor":21,"damage_taken":0},{"event_name":"Tomb of Lord Red Mask","player_choice":"Ignored","floor":36,"damage_taken":0},{"event_name":"Mysterious Sphere","player_choice":"Ignore","floor":45,"damage_taken":0}],"boss_relics":[{"not_picked":["Astrolabe","Black Star"],"picked":"Pandora\u0027s Box"},{"not_picked":["Runic Dome","Runic Pyramid"],"picked":"Calling Bell"}],"potions_floor_spawned":[2,5,12,16,18,22,28,31,42],"seed_played":"8353199367346028918","killed_by":"Awakened One","ascension_level":0,"is_trial":false}