{"path_per_floor":["M","?","?","M","M","R","E","R","T","R","M","?","E","M","R","B",null,"M","?","$","?","$","E","M","E","T","?","$","?","M","?","R","B",null,"M","?","?","?","?","R","?","R","T","?","M","M","M","?","R","B"],"character_chosen":"IRONCLAD","items_purchased":["Darkstone Periapt","Strength Potion"],"gold_per_floor":[118,118,193,211,225,225,256,256,280,280,293,323,357,368,368,465,465,483,398,68,68,16,45,65,98,122,122,22,22,38,38,38,133,133,146,146,0,45,45,45,45,45,45,45,55,67,80,80,80,80],"floor_reached":51,"campfire_rested":2,"playtime":2803,"current_hp_per_floor":[75,75,64,56,55,55,32,56,56,80,69,49,49,49,49,19,80,60,60,60,66,66,50,52,20,20,26,26,32,67,67,67,42,98,88,88,88,84,74,74,65,65,72,72,66,38,46,95,95,39],"items_purged":["Strike_R","Decay"],"gold":80,"play_id":"0dca9f00-4888-4e67-8031-f18fdcb4eb16","is_prod":false,"is_daily":false,"is_ascension_mode":false,"campfire_upgraded":6,"path_taken":["M","?","?","M","M","R","E","R","T","R","M","?","E","M","R","BOSS","M","?","$","?","$","E","M","E","T","?","?","?","M","?","R","BOSS","M","?","?","?","?","R","?","R","T","?","M","M","M","?","R","BOSS"],"build_version":"2018-01-25-PROD3","purchased_purges":2,"victory":true,"master_deck":["Strike_R","Strike_R","Strike_R","Defend_R","Defend_R","Defend_R","Defend_R","Bash+1","Shrug It Off","Heavy Blade+1","Inflame+1","Heavy Blade","Heavy Blade","Demon Form+1","Heavy Blade","Headbutt","Reaper","Whirlwind","Armaments+1","Writhe","Limit Break+1","Flex","Offering","Demon Form","Inflame+1","Madness","Madness","Reaper","Twin Strike+1","Armaments+1","Seeing Red+1"],"max_hp_per_floor":[80,80,80,80,80,80,80,80,80,80,80,80,80,80,80,80,80,80,80,80,86,86,86,86,86,86,92,92,98,98,98,98,98,98,98,98,98,98,98,98,98,98,105,105,105,105,105,95,95,95],"relics":["Snecko Eye","Letter Opener","Pen Nib","Odd Mushroom","Bottled Tornado","Orrery","Blood Vial","Darkstone Periapt","Happy Flower","Peace Pipe","Magic Flower","Juzu Bracelet","Mark of Pain","Red Mask","Unceasing Top","Strawberry"],"card_choices":[{"not_picked":["Cleave","Feel No Pain"],"picked":"Shrug It Off"},{"not_picked":["Sever Soul","Power Through"],"picked":"Heavy Blade"},{"not_picked":["Sever Soul","Limit Break"],"picked":"Inflame"},{"not_picked":["Corruption","Flame Barrier"],"picked":"Heavy Blade"},{"not_picked":["Iron Wave","Thunderclap"],"picked":"Heavy Blade"},{"not_picked":["Berserk","Reaper"],"picked":"Demon Form"},{"not_picked":["Thunderclap","Clothesline"],"picked":"Heavy Blade"},{"not_picked":["Thunderclap","Cleave"],"picked":"Headbutt"},{"not_picked":["Shrug It Off","Spot Weakness"],"picked":"Reaper"},{"not_picked":["Shrug It Off","Flex"],"picked":"Whirlwind"},{"not_picked":["Corruption","Sword Boomerang"],"picked":"Armaments"},{"not_picked":["Shrug It Off","Clash"],"picked":"Limit Break"},{"not_picked":["Iron Wave","Headbutt"],"picked":"Flex"},{"not_picked":["Dropkick","Clash"],"picked":"Offering"},{"not_picked":["Brutality","Fiend Fire"],"picked":"Demon Form"},{"not_picked":["Armaments","Twin Strike"],"picked":"Inflame"},{"not_picked":["Thunderclap","True Grit"],"picked":"Twin Strike"},{"not_picked":["Inflame","Sword Boomerang"],"picked":"Armaments"},{"not_picked":["Perfected Strike","Infernal Blade"],"picked":"Seeing Red"}],"player_experience":8726,"potions_floor_usage":[7,25,25,47,50],"damage_taken":[{"damage":5,"enemies":"Cultist","floor":1,"turns":4},{"damage":8,"enemies":"Blue Slaver","floor":4,"turns":4},{"damage":1,"enemies":"Jaw Worm","floor":5,"turns":4},{"damage":32,"enemies":"3 Sentries","floor":7,"turns":10},{"damage":11,"enemies":"3 Louse","floor":11,"turns":3},{"damage":20,"enemies":"The Mushroom Lair","floor":12,"turns":3},{"damage":0,"enemies":"Gremlin Nob","floor":13,"turns":3},{"damage":0,"enemies":"Large Slime","floor":14,"turns":4},{"damage":30,"enemies":"Hexaghost","floor":16,"turns":4},{"damage":20,"enemies":"2 Thieves","floor":18,"turns":2},{"damage":28,"enemies":"Book of Stabbing","floor":23,"turns":4},{"damage":0,"enemies":"Spheric Guardian","floor":24,"turns":3},{"damage":61,"enemies":"Gremlin Leader","floor":25,"turns":4},{"damage":13,"enemies":"3 Cultists","floor":30,"turns":4},{"damage":60,"enemies":"Automaton","floor":33,"turns":5},{"damage":25,"enemies":"Orb Walker","floor":35,"turns":4},{"damage":42,"enemies":"Mysterious Sphere","floor":38,"turns":3},{"damage":39,"enemies":"3 Shapes","floor":45,"turns":2},{"damage":55,"enemies":"Maw","floor":46,"turns":7},{"damage":39,"enemies":"3 Darklings","floor":47,"turns":3},{"damage":56,"enemies":"Donu and Deca","floor":50,"turns":5}],"event_choices":[{"event_name":"Upgrade Shrine","player_choice":"Upgraded","floor":2,"damage_taken":0},{"event_name":"World of Goop","player_choice":"Gather Gold","floor":3,"damage_taken":0},{"event_name":"Mushrooms","player_choice":"Fought Mushrooms","floor":12,"damage_taken":0},{"event_name":"Addict","player_choice":"Obtained Relic","floor":19,"damage_taken":0},{"event_name":"The Mausoleum","player_choice":"Yes","floor":21,"damage_taken":0},{"event_name":"Forgotten Altar","player_choice":"Smashed Altar","floor":27,"damage_taken":0},{"event_name":"Wheel of Change","player_choice":"Curse","floor":29,"damage_taken":0},{"event_name":"Purifier","player_choice":"One Purge","floor":31,"damage_taken":0},{"event_name":"Tomb of Lord Red Mask","player_choice":"Paid","floor":37,"damage_taken":0},{"event_name":"Mysterious Sphere","player_choice":"Fight","floor":38,"damage_taken":0},{"event_name":"Winding Halls","player_choice":"Embrace Madness","floor":39,"damage_taken":0},{"event_name":"Wheel of Change","player_choice":"Damage","floor":41,"damage_taken":0},{"event_name":"Duplicator","player_choice":"One dupe","floor":44,"damage_taken":0},{"event_name":"The Moai Head","player_choice":"Heal","floor":48,"damage_taken":0}],"boss_relics":[{"not_picked":["Runic Dome","Sozu"],"picked":"Orrery"},{"not_picked":["Philosopher\u0027s Stone","White Beast Statue"],"picked":"Mark of Pain"}],"potions_floor_spawned":[4,5,12,16,24,25,35,46,47],"seed_played":"4041050378977390053","ascension_level":0,"is_trial":false}