{"path_per_floor":["M","M","?","$","M","R","E","?","T","?","R","M","M","?","R","B",null,"M","$","M","M","?"],"character_chosen":"IRONCLAD","items_purchased":["Bag of Preparation","War Paint","Seeing Red"],"gold_per_floor":[118,131,306,79,93,93,121,121,189,189,189,205,222,177,177,273,273,283,2,18,30,30],"floor_reached":23,"campfire_rested":2,"playtime":1558,"current_hp_per_floor":[69,70,70,70,70,70,21,7,7,7,28,27,24,24,45,28,72,57,57,47,23,23],"items_purged":["Doubt","Regret"],"gold":30,"play_id":"6040f63c-76a9-4f3f-98a5-15f5a899e1de","is_prod":false,"is_daily":false,"is_ascension_mode":false,"campfire_upgraded":1,"path_taken":["M","M","?","$","M","R","E","?","T","?","R","?","M","?","R","BOSS","M","$","M","M","?","E"],"build_version":"2018-01-25-PROD3","purchased_purges":2,"victory":false,"master_deck":["Strike_R+1","Strike_R+1","Strike_R+1","Defend_R+1","Defend_R+1","Defend_R+1","Defend_R+1","Bash","Rage+1","Spot Weakness","Dual Wield+1","Flex","Warcry+1","Inflame","Limit Break","Pummel","Reaper","Writhe","Injury","Seeing Red","Headbutt","Demon Form"],"max_hp_per_floor":[72,72,72,72,72,72,72,72,72,72,72,72,72,72,72,72,72,72,72,72,72,72],"relics":["Burning Blood","Bag of Preparation","Thread and Needle","Paper Frog","Calling Bell","Bag of Marbles","Vajra","Dream Catcher","War Paint"],"card_choices":[{"not_picked":["Shrug It Off","Clothesline"],"picked":"Dual Wield"},{"not_picked":["Dropkick","Iron Wave"],"picked":"Flex"},{"not_picked":["True Grit","Clothesline"],"picked":"Warcry"},{"not_picked":["Flex","Clash"],"picked":"Inflame"},{"not_picked":["Shrug It Off","Anger"],"picked":"Limit Break"},{"not_picked":["Searing Blow","Rage"],"picked":"Pummel"},{"not_picked":["Bludgeon","Offering"],"picked":"Reaper"},{"not_picked":["Thunderclap","True Grit"],"picked":"Headbutt"},{"not_picked":["Twin Strike","Flex"],"picked":"Demon Form"}],"player_experience":14999,"potions_floor_usage":[16,23],"damage_taken":[{"damage":9,"enemies":"Cultist","floor":1,"turns":5},{"damage":5,"enemies":"Small Slimes","floor":2,"turns":5},{"damage":6,"enemies":"Jaw Worm","floor":5,"turns":3},{"damage":55,"enemies":"Gremlin Nob","floor":7,"turns":6},{"damage":7,"enemies":"3 Louse","floor":12,"turns":2},{"damage":9,"enemies":"Exordium Wildlife","floor":13,"turns":5},{"damage":23,"enemies":"Slime Boss","floor":16,"turns":7},{"damage":21,"enemies":"Spheric Guardian","floor":18,"turns":4},{"damage":32,"enemies":"Shell Parasite","floor":20,"turns":6},{"damage":46,"enemies":"Centurion and Healer","floor":21,"turns":8},{"damage":59,"enemies":"Slavers","floor":23,"turns":4}],"event_choices":[{"event_name":"Liars Game","player_choice":"agreed","floor":3,"damage_taken":0},{"event_name":"Shining Light","player_choice":"Entered Light","floor":8,"damage_taken":0},{"event_name":"Golden Wing","player_choice":"Ignored","floor":10,"damage_taken":0},{"event_name":"World of Goop","player_choice":"Left","floor":14,"damage_taken":0},{"event_name":"Back to Basics","player_choice":"Simplicity","floor":22,"damage_taken":0}],"boss_relics":[{"not_picked":["Cursed Key","Philosopher\u0027s Stone"],"picked":"Calling Bell"}],"potions_floor_spawned":[2,5,7],"seed_played":"8304727675291383784","killed_by":"Slavers","ascension_level":0,"is_trial":false}