{"path_per_floor":["M","?","M","M","M","R","?","R","T","E","R","M","M","M","R","B",null,"M","M","?","$","M"],"character_chosen":"IRONCLAD","items_purchased":["Berserk"],"gold_per_floor":[111,111,136,155,168,168,168,168,168,201,201,217,242,265,265,396,396,374,388,288,74,92],"floor_reached":23,"campfire_rested":0,"playtime":1376,"current_hp_per_floor":[76,56,49,42,42,42,80,80,87,64,64,64,60,55,55,31,87,62,40,40,40,11],"items_purged":["Strike_R"],"gold":92,"play_id":"83649150-c78a-4806-ae9e-2daacc10cf0e","is_prod":false,"is_daily":false,"is_ascension_mode":false,"campfire_upgraded":4,"path_taken":["M","?","M","M","M","R","?","R","T","E","R","M","?","M","R","BOSS","M","M","?","$","M","E"],"build_version":"2018-01-25-PROD3","purchased_purges":1,"victory":false,"master_deck":["Strike_R","Strike_R","Strike_R","Strike_R","Defend_R","Defend_R","Defend_R","Defend_R","Bash","Shrug It Off","Heavy Blade+1","Inflame+1","Dual Wield+1","Flex+1","Twin Strike","Demon Form","Warcry+1","J.A.X.","Berserk","Sword Boomerang+1"],"max_hp_per_floor":[80,80,80,80,80,80,80,80,87,87,87,87,87,87,87,87,87,87,87,87,87,87],"relics":["Mark of Pain","Golden Idol","Strawberry","Mummified Hand","Velvet Choker"],"card_choices":[{"not_picked":["Rupture","Clothesline"],"picked":"Shrug It Off"},{"not_picked":["Shockwave","Hemokinesis"],"picked":"Heavy Blade"},{"not_picked":["Headbutt","Twin Strike"],"picked":"Inflame"},{"not_picked":["Second Wind","Feel No Pain"],"picked":"Dual Wield"},{"not_picked":["Heavy Blade","Shrug It Off"],"picked":"Flex"},{"not_picked":["Corruption","Clothesline"],"picked":"Twin Strike"},{"not_picked":["Feed","Barricade"],"picked":"Demon Form"},{"not_picked":["Feel No Pain","Shockwave"],"picked":"Warcry"},{"not_picked":["Disarm","Corruption"],"picked":"Sword Boomerang"}],"player_experience":7350,"potions_floor_usage":[16,16,23],"damage_taken":[{"damage":4,"enemies":"Small Slimes","floor":1,"turns":3},{"damage":7,"enemies":"2 Louse","floor":3,"turns":3},{"damage":7,"enemies":"Blue Slaver","floor":4,"turns":4},{"damage":0,"enemies":"2 Fungi Beasts","floor":5,"turns":3},{"damage":23,"enemies":"Lagavulin","floor":10,"turns":6},{"damage":0,"enemies":"Exordium Thugs","floor":12,"turns":4},{"damage":4,"enemies":"Gremlin Gang","floor":13,"turns":3},{"damage":5,"enemies":"Red Slaver","floor":14,"turns":2},{"damage":39,"enemies":"Hexaghost","floor":16,"turns":9},{"damage":25,"enemies":"2 Thieves","floor":18,"turns":5},{"damage":22,"enemies":"Chosen","floor":19,"turns":4},{"damage":29,"enemies":"Centurion and Healer","floor":22,"turns":5},{"damage":12,"enemies":"Book of Stabbing","floor":23,"turns":2}],"event_choices":[{"event_name":"Golden Idol","player_choice":"Take Damage","floor":2,"damage_taken":0},{"event_name":"Wheel of Change","player_choice":"Full Heal","floor":7,"damage_taken":0},{"event_name":"Drug Dealer","player_choice":"Got JAXXED","floor":20,"damage_taken":0}],"boss_relics":[{"not_picked":["Lizard Tail","Eternal Feather"],"picked":"Velvet Choker"}],"potions_floor_spawned":[4,10,14,16,18],"seed_played":"8484218457824630393","killed_by":"Book of Stabbing","ascension_level":0,"is_trial":false}