{"path_per_floor":["M","M","M","?","$","E","R","E","T","M","R","$","?","E","R","B",null,"M","M","$","?","?","E","R","E","T","?","M","M","R","M","R","B",null,"M","M","M","M","$","R","E","?","T","?","R","M","M","M","R","B"],"character_chosen":"IRONCLAD","items_purchased":["Rampage","Lee\u0027s Waffle","Inflame","Lantern"],"gold_per_floor":[109,124,142,142,142,174,174,209,209,220,220,153,153,185,185,284,284,300,314,37,37,37,62,62,94,94,54,68,82,82,97,97,197,197,214,225,241,258,37,37,62,62,362,362,362,374,392,403,403,403],"floor_reached":51,"campfire_rested":1,"playtime":4953,"current_hp_per_floor":[80,80,71,64,64,24,24,39,39,52,52,52,52,42,66,42,80,80,57,87,87,71,29,29,41,41,41,50,65,65,53,53,18,87,83,57,79,83,83,83,40,40,40,40,40,84,61,74,74,26],"items_purged":["Bash"],"gold":403,"play_id":"f8e80e9e-4cd1-4d87-a8e0-6e14197c4642","is_prod":false,"is_daily":false,"is_ascension_mode":false,"campfire_upgraded":8,"path_taken":["M","M","M","?","?","E","R","E","T","M","R","$","?","E","R","BOSS","M","M","$","?","?","E","R","E","T","?","M","?","R","M","R","BOSS","M","M","M","M","$","R","E","?","T","?","R","M","M","M","R","BOSS"],"build_version":"2018-01-25-PROD3","purchased_purges":2,"victory":true,"master_deck":["Strike_R+1","Strike_R+1","Defend_R","Defend_R","Defend_R","Reaper","Armaments+1","Pommel Strike+1","Impervious","Clash","Flex+1","Rampage+1","Berserk+1","Barricade+1","Armaments+1","Blood for Blood+1","Whirlwind+1","Inflame+1","Necronomicurse","Battle Trance+1","Pommel Strike+1","Reaper+1","Thunderclap+1","Warcry+1","Pommel Strike+1"],"max_hp_per_floor":[80,80,80,80,80,80,80,80,80,80,80,80,80,80,80,80,80,80,80,87,87,87,87,87,87,87,87,87,87,87,87,87,87,87,87,87,87,87,87,87,87,87,87,87,87,87,87,87,87,87],"relics":["Burning Blood","Red Skull","Whetstone","Magic Flower","Ginger","Astrolabe","Lee\u0027s Waffle","Necronomicon","Bottled Flame","Mercury Hourglass","Ancient Tea Set","Velvet Choker","Lantern","Darkstone Periapt","Old Coin"],"card_choices":[{"not_picked":["Anger","Burning Pact"],"picked":"Armaments"},{"not_picked":["Iron Wave","Anger"],"picked":"Pommel Strike"},{"not_picked":["Hemokinesis","Flex"],"picked":"Impervious"},{"not_picked":["Power Through","Infernal Blade"],"picked":"Clash"},{"not_picked":["Iron Wave","Anger"],"picked":"Flex"},{"not_picked":["Feed","Armaments"],"picked":"Berserk"},{"not_picked":["Berserk","Dark Embrace"],"picked":"Barricade"},{"not_picked":["Clash","Twin Strike"],"picked":"Warcry"},{"not_picked":["Sever Soul","Dropkick"],"picked":"Battle Trance"},{"not_picked":["Cleave","Blood for Blood"],"picked":"Pommel Strike"},{"not_picked":["Brutality","Barricade"],"picked":"Reaper"},{"not_picked":["Flame Barrier","Perfected Strike"],"picked":"Thunderclap"},{"not_picked":["Shockwave","Whirlwind"],"picked":"Warcry"},{"not_picked":["Searing Blow","Shrug It Off"],"picked":"Pommel Strike"}],"player_experience":2397,"potions_floor_usage":[6,23,23,33,33,41,50,50,50],"damage_taken":[{"damage":11,"enemies":"2 Louse","floor":1,"turns":3},{"damage":0,"enemies":"Small Slimes","floor":2,"turns":5},{"damage":21,"enemies":"Blue Slaver","floor":3,"turns":5},{"damage":50,"enemies":"Lagavulin","floor":6,"turns":10},{"damage":12,"enemies":"3 Sentries","floor":8,"turns":8},{"damage":10,"enemies":"Looter","floor":10,"turns":2},{"damage":19,"enemies":"Gremlin Nob","floor":14,"turns":4},{"damage":39,"enemies":"Slime Boss","floor":16,"turns":11},{"damage":13,"enemies":"3 Byrds","floor":18,"turns":4},{"damage":37,"enemies":"Spheric Guardian","floor":19,"turns":9},{"damage":74,"enemies":"Book of Stabbing","floor":23,"turns":6},{"damage":47,"enemies":"Gremlin Leader","floor":25,"turns":8},{"damage":0,"enemies":"Centurion and Healer","floor":28,"turns":6},{"damage":31,"enemies":"3 Cultists","floor":29,"turns":5},{"damage":21,"enemies":"Snake Plant","floor":31,"turns":3},{"damage":44,"enemies":"Champ","floor":33,"turns":8},{"damage":13,"enemies":"3 Darklings","floor":35,"turns":2},{"damage":59,"enemies":"3 Shapes","floor":36,"turns":3},{"damage":19,"enemies":"Maw","floor":37,"turns":6},{"damage":5,"enemies":"3 Darklings","floor":38,"turns":2},{"damage":56,"enemies":"Giant Head","floor":41,"turns":9},{"damage":12,"enemies":"Sphere and 2 Shapes","floor":46,"turns":2},{"damage":51,"enemies":"Maw","floor":47,"turns":7},{"damage":22,"enemies":"3 Darklings","floor":48,"turns":2},{"damage":91,"enemies":"Awakened One","floor":50,"turns":10}],"event_choices":[{"event_name":"Golden Wing","player_choice":"Card Removal","floor":4,"damage_taken":0},{"event_name":"The Cleric","player_choice":"Leave","floor":13,"damage_taken":0},{"event_name":"Bonfire Elementals","player_choice":"COMMON","floor":21,"damage_taken":0},{"event_name":"Cursed Tome","player_choice":"Obtained Book","floor":22,"damage_taken":0},{"event_name":"The Woman in Blue","player_choice":"Bought 3 Potions","floor":27,"damage_taken":0},{"event_name":"Upgrade Shrine","player_choice":"Upgraded","floor":42,"damage_taken":0},{"event_name":"The Moai Head","player_choice":"Ignored","floor":44,"damage_taken":0}],"boss_relics":[{"not_picked":["Runic Dome","Lizard Tail"],"picked":"Astrolabe"},{"not_picked":["Tiny House","Philosopher\u0027s Stone"],"picked":"Velvet Choker"}],"potions_floor_spawned":[3,10,16,18,19,28,29,33,37,41,46],"seed_played":"-2495904646838076220","ascension_level":0,"is_trial":false}