{"path_per_floor":["M","?","$","?","M","E","R","M","T","?","M","$","M","E","R","B",null,"M","?","M","M","M","R","?","R","T","$","M","R","M","$","R"],"character_chosen":"IRONCLAD","items_purchased":["Cleave","Lantern","Whirlwind"],"gold_per_floor":[111,61,13,13,25,52,52,66,66,141,161,13,26,55,55,158,158,168,168,183,202,217,217,217,217,217,61,77,77,97,97,97],"floor_reached":33,"campfire_rested":1,"playtime":1415,"current_hp_per_floor":[80,80,80,64,68,46,46,40,40,29,28,28,23,18,42,31,82,75,75,67,58,46,46,46,46,46,46,58,58,57,57,57],"items_purged":["Decay"],"gold":97,"play_id":"09e98c48-af07-4780-b614-05e9330267ef","is_prod":false,"is_daily":false,"is_ascension_mode":false,"campfire_upgraded":5,"path_taken":["M","?","?","?","M","E","R","M","T","?","M","$","M","E","R","BOSS","M","?","M","M","?","R","?","R","T","$","M","R","?","?","R","BOSS"],"build_version":"2018-01-25-PROD3","purchased_purges":1,"victory":false,"master_deck":["Strike_R","Strike_R","Strike_R+1","Strike_R","Defend_R+1","Defend_R","Defend_R","Defend_R","Bash","Cleave","Spot Weakness+1","Inflame+1","Offering+1","Flex+1","Heavy Blade+1","Impervious","Whirlwind+1","Bloodletting+1"],"max_hp_per_floor":[80,80,80,80,80,80,80,80,80,80,80,80,80,82,82,82,82,82,82,84,84,86,86,86,86,86,86,88,88,88,88,88],"relics":["Black Blood","Bronze Scales","Ancient Tea Set","Self Forming Clay","Lantern","Singing Bowl","Orichalcum"],"card_choices":[{"not_picked":["Thunderclap","Shrug It Off"],"picked":"Spot Weakness"},{"not_picked":["Entrench","Perfected Strike"],"picked":"Inflame"},{"not_picked":["Brutality","Double Tap"],"picked":"Offering"},{"not_picked":["Iron Wave","Wild Strike"],"picked":"Flex"},{"not_picked":["Intimidate","Power Through"],"picked":"Impervious"},{"not_picked":["Flex","Cleave"],"picked":"Bloodletting"}],"player_experience":86852,"potions_floor_usage":[16,28,28,28,33],"damage_taken":[{"damage":6,"enemies":"Cultist","floor":1,"turns":3},{"damage":2,"enemies":"Small Slimes","floor":5,"turns":3},{"damage":28,"enemies":"Gremlin Nob","floor":6,"turns":4},{"damage":12,"enemies":"Blue Slaver","floor":8,"turns":3},{"damage":7,"enemies":"Looter","floor":11,"turns":3},{"damage":11,"enemies":"Large Slime","floor":13,"turns":4},{"damage":13,"enemies":"Lagavulin","floor":14,"turns":6},{"damage":17,"enemies":"The Guardian","floor":16,"turns":8},{"damage":17,"enemies":"3 Byrds","floor":18,"turns":4},{"damage":20,"enemies":"2 Thieves","floor":20,"turns":3},{"damage":19,"enemies":"Snake Plant","floor":21,"turns":3},{"damage":24,"enemies":"Sentry and Sphere","floor":22,"turns":5},{"damage":0,"enemies":"3 Cultists","floor":28,"turns":3},{"damage":11,"enemies":"Snecko","floor":30,"turns":3},{"damage":77,"enemies":"Automaton","floor":33,"turns":6}],"event_choices":[{"event_name":"The Cleric","player_choice":"Card Removal","floor":2,"damage_taken":0},{"event_name":"Shining Light","player_choice":"Entered Light","floor":4,"damage_taken":0},{"event_name":"World of Goop","player_choice":"Gather Gold","floor":10,"damage_taken":0},{"event_name":"The Library","player_choice":"Read","floor":19,"damage_taken":0},{"event_name":"Forgotten Altar","player_choice":"Smashed Altar","floor":24,"damage_taken":0}],"boss_relics":[{"not_picked":["Calling Bell","Snecko Eye"],"picked":"Black Blood"}],"potions_floor_spawned":[5,6,14,21,28],"seed_played":"-5319117885398919120","killed_by":"Automaton","ascension_level":0,"is_trial":false}