{"path_per_floor":["M","?","?","M","$","R","M","R","T","R","M","M","?","M","R","B",null,"M","M","M","?"],"character_chosen":"IRONCLAD","items_purchased":["Happy Flower","Cleave"],"gold_per_floor":[112,112,287,306,37,37,50,50,123,123,143,156,156,168,168,270,270,288,269,287,287],"floor_reached":22,"campfire_rested":0,"playtime":1429,"current_hp_per_floor":[80,73,73,76,76,76,73,73,73,73,77,80,64,70,70,52,80,74,60,41,41],"items_purged":["Doubt"],"gold":287,"play_id":"b879f476-ae92-4c9b-8112-e8020b559731","is_prod":false,"is_daily":false,"is_ascension_mode":false,"campfire_upgraded":4,"path_taken":["M","?","?","M","$","R","?","R","T","R","M","M","?","M","R","BOSS","M","M","M","?","M"],"build_version":"2018-02-01-PROD3","purchased_purges":1,"victory":false,"master_deck":["Strike_R","Defend_R","Defend_R+1","Defend_R","Defend_R","Bash+1","Shrug It Off+1","Heavy Blade+1","Cleave+1","Iron Wave+1","Barricade","Warcry+1","Perfected Strike+1","Rage+1","Seeing Red+1","Flex"],"max_hp_per_floor":[80,80,80,80,80,80,80,80,80,80,80,80,80,80,80,80,80,80,80,80,80],"relics":["Burning Blood","Happy Flower","Kunai","Nloth\u0027s Gift"],"card_choices":[{"not_picked":["Clothesline","Warcry"],"picked":"Shrug It Off"},{"not_picked":["Warcry","Clash"],"picked":"Heavy Blade"},{"not_picked":["Havoc","Double Tap"],"picked":"Iron Wave"},{"not_picked":["Double Tap","Impervious"],"picked":"Barricade"},{"not_picked":["Warcry","Hemokinesis"],"picked":"Seeing Red"},{"not_picked":["Body Slam","Fire Breathing"],"picked":"Flex"}],"player_experience":122359,"potions_floor_usage":[19,22],"damage_taken":[{"damage":3,"enemies":"2 Louse","floor":1,"turns":3},{"damage":3,"enemies":"Small Slimes","floor":4,"turns":6},{"damage":9,"enemies":"Blue Slaver","floor":7,"turns":4},{"damage":2,"enemies":"Exordium Wildlife","floor":11,"turns":4},{"damage":0,"enemies":"3 Louse","floor":12,"turns":3},{"damage":0,"enemies":"2 Fungi Beasts","floor":14,"turns":3},{"damage":24,"enemies":"Slime Boss","floor":16,"turns":12},{"damage":12,"enemies":"Shell Parasite","floor":18,"turns":11},{"damage":20,"enemies":"2 Thieves","floor":19,"turns":4},{"damage":25,"enemies":"Snake Plant","floor":20,"turns":7},{"damage":56,"enemies":"Slaver and Parasite","floor":22,"turns":4}],"event_choices":[{"event_name":"Golden Wing","player_choice":"Card Removal","floor":2,"damage_taken":0},{"event_name":"Liars Game","player_choice":"agreed","floor":3,"damage_taken":0},{"event_name":"Shining Light","player_choice":"Entered Light","floor":13,"damage_taken":0},{"event_name":"N\u0027loth","player_choice":"Traded a Astrolabe","floor":21,"damage_taken":0}],"boss_relics":[{"not_picked":["Velvet Choker","Runic Cube"],"picked":"Astrolabe"}],"potions_floor_spawned":[4,7],"seed_played":"3253720384614579636","killed_by":"Slaver and Parasite","ascension_level":0,"is_trial":false}