{"path_per_floor":["M","?","?","T","M","E","?","$","T","E","R","?","E","M","R","B",null,"M","$","?","T","?","R","M","M","T","R","E","$","M","M","R","B",null,"M","M","M","?","M","R"],"character_chosen":"IRONCLAD","items_purchased":["Omamori","Demon Form","Matryoshka","Rupture"],"gold_per_floor":[116,195,195,195,209,238,303,84,109,142,142,142,168,188,188,286,286,300,25,25,72,72,72,88,102,148,148,179,104,119,130,130,230,230,244,257,268,268,284,284],"floor_reached":41,"campfire_rested":2,"playtime":2628,"current_hp_per_floor":[80,80,80,80,80,71,50,50,50,25,49,49,29,31,55,44,80,66,66,66,66,66,66,67,67,74,74,44,44,39,35,35,28,87,75,57,53,43,36,36],"items_purged":["Doubt"],"gold":284,"play_id":"e1631801-5e58-4233-8527-8a212d10dc97","is_prod":false,"is_daily":false,"is_ascension_mode":false,"campfire_upgraded":0,"path_taken":["M","?","?","?","?","E","?","?","T","E","R","?","E","M","R","BOSS","M","$","?","?","?","R","?","M","T","R","E","?","M","M","R","BOSS","M","M","?","?","M","R","E"],"build_version":"2018-01-25-PROD3","purchased_purges":1,"victory":false,"master_deck":["Strike_R","Strike_R","Strike_R","Defend_R","Defend_R","Defend_R","Defend_R","Bash+1","Cleave","Twin Strike","Pommel Strike","Demon Form","Spot Weakness","Headbutt","Armaments+1","Double Tap","Sword Boomerang+1","Rupture","Sentinel","Twin Strike+1","Shockwave+1","Heavy Blade","Armaments+1","Madness","Madness"],"max_hp_per_floor":[80,80,80,80,80,80,80,80,80,80,80,80,80,80,80,80,80,80,80,80,80,80,80,80,80,87,87,87,87,87,87,87,87,87,87,87,87,87,87,87],"relics":["Burning Blood","Sundial","Ancient Tea Set","Mummified Hand","Omamori","Lantern","Vajra","Blood Vial","Calling Bell","Shovel","Gambling Chip","Oddly Smooth Stone","Matryoshka","Toxic Egg","Anchor","Darkstone Periapt","Shuriken","Strawberry","Bird Faced Urn","Happy Flower","Meat on the Bone","Runic Pyramid","Magic Flower"],"card_choices":[{"not_picked":["Thunderclap","Whirlwind"],"picked":"Cleave"},{"not_picked":["Corruption","Clash"],"picked":"Twin Strike"},{"not_picked":["Flame Barrier","Seeing Red"],"picked":"Pommel Strike"},{"not_picked":["Perfected Strike","Wild Strike"],"picked":"Spot Weakness"},{"not_picked":["Perfected Strike","Wild Strike"],"picked":"Headbutt"},{"not_picked":["Hemokinesis","Body Slam"],"picked":"Armaments"},{"not_picked":["Bludgeon","Feed"],"picked":"Double Tap"},{"not_picked":["Dual Wield","Warcry"],"picked":"Sword Boomerang"},{"not_picked":["Hemokinesis","Dual Wield"],"picked":"Twin Strike"},{"not_picked":["Headbutt","Combust"],"picked":"Shockwave"},{"not_picked":["Burning Pact","Twin Strike"],"picked":"Heavy Blade"},{"not_picked":["Warcry","Clothesline"],"picked":"Armaments"}],"player_experience":39644,"potions_floor_usage":[16,28,33,33,39,39,39],"damage_taken":[{"damage":5,"enemies":"Cultist","floor":1,"turns":4},{"damage":5,"enemies":"2 Louse","floor":5,"turns":2},{"damage":15,"enemies":"Gremlin Nob","floor":6,"turns":4},{"damage":27,"enemies":"Gremlin Nob","floor":7,"turns":4},{"damage":31,"enemies":"3 Sentries","floor":10,"turns":6},{"damage":26,"enemies":"Lagavulin","floor":13,"turns":4},{"damage":6,"enemies":"Jaw Worm","floor":14,"turns":2},{"damage":19,"enemies":"Hexaghost","floor":16,"turns":6},{"damage":20,"enemies":"Shell Parasite","floor":18,"turns":5},{"damage":7,"enemies":"3 Byrds","floor":24,"turns":3},{"damage":8,"enemies":"Centurion and Healer","floor":25,"turns":6},{"damage":40,"enemies":"Slavers","floor":28,"turns":6},{"damage":15,"enemies":"3 Cultists","floor":30,"turns":4},{"damage":16,"enemies":"Sentry and Sphere","floor":31,"turns":4},{"damage":31,"enemies":"Champ","floor":33,"turns":7},{"damage":18,"enemies":"3 Shapes","floor":35,"turns":4},{"damage":26,"enemies":"3 Darklings","floor":36,"turns":4},{"damage":28,"enemies":"4 Shapes","floor":37,"turns":6},{"damage":40,"enemies":"Sphere and 2 Shapes","floor":39,"turns":5},{"damage":51,"enemies":"2 Orb Walkers","floor":41,"turns":3}],"event_choices":[{"event_name":"Golden Wing","player_choice":"Gained Gold","floor":2,"damage_taken":0},{"event_name":"The Cleric","player_choice":"Leave","floor":3,"damage_taken":0},{"event_name":"Dead Adventurer","player_choice":"Searched \u00273\u0027 times","floor":7,"damage_taken":0},{"event_name":"Purifier","player_choice":"One Purge","floor":12,"damage_taken":0},{"event_name":"The Lab","player_choice":"Got Potions","floor":20,"damage_taken":0},{"event_name":"Transmorgrifier","player_choice":"Transform","floor":22,"damage_taken":0},{"event_name":"Winding Halls","player_choice":"Embrace Madness","floor":38,"damage_taken":0}],"boss_relics":[{"not_picked":["Snecko Eye","Ectoplasm"],"picked":"Calling Bell"},{"not_picked":["Black Blood","Eternal Feather"],"picked":"Runic Pyramid"}],"potions_floor_spawned":[6,10,14,18,30,31,35,36,37],"seed_played":"-5608741161896920678","killed_by":"2 Orb Walkers","ascension_level":0,"is_trial":false}