{"path_per_floor":["M","?","M","$","?","R","?","E","T","M","R","$","?","E","R","B",null,"M","$","?","?","M","R"],"character_chosen":"IRONCLAD","items_purchased":["Immolate","Pantograph","Toolbox"],"gold_per_floor":[110,110,125,49,124,124,124,162,235,259,259,14,189,230,230,353,353,373,123,173,173,192,192],"floor_reached":24,"campfire_rested":0,"playtime":1550,"current_hp_per_floor":[76,76,80,80,69,69,69,54,54,57,57,57,57,31,31,21,80,80,80,80,80,60,60],"items_purged":[],"gold":192,"play_id":"a69f8e06-7ca7-45b4-8ac6-df714c47d9f6","is_prod":false,"is_daily":false,"is_ascension_mode":false,"campfire_upgraded":4,"path_taken":["M","?","M","$","?","R","?","E","T","?","R","$","?","E","R","BOSS","M","$","?","?","M","R","E"],"build_version":"2018-01-25-PROD3","purchased_purges":2,"victory":false,"master_deck":["Strike_R","Strike_R","Strike_R","Strike_R","Strike_R","Defend_R","Defend_R","Defend_R","Defend_R","Bash","Flex+1","Pummel+1","Pommel Strike+1","Immolate","Injury","Doubt","Metallicize+1","Double Tap+1"],"max_hp_per_floor":[80,80,80,80,80,80,80,80,80,80,80,80,80,80,80,80,80,80,80,80,80,80,80],"relics":["Burning Blood","Golden Idol","Dead Branch","Kunai","Pantograph","Cursed Key","Toolbox","Nloth\u0027s Gift"],"card_choices":[{"not_picked":["Headbutt","Thunderclap"],"picked":"Flex"},{"not_picked":["Shrug It Off","Clothesline"],"picked":"Pummel"},{"not_picked":["Flex","Warcry"],"picked":"Pommel Strike"},{"not_picked":["Cleave","True Grit"],"picked":"Metallicize"},{"not_picked":["Fiend Fire","Exhume"],"picked":"Double Tap"}],"player_experience":59466,"potions_floor_usage":[8,14],"damage_taken":[{"damage":10,"enemies":"Small Slimes","floor":1,"turns":3},{"damage":0,"enemies":"2 Louse","floor":3,"turns":1},{"damage":36,"enemies":"3 Sentries","floor":8,"turns":8},{"damage":3,"enemies":"Jaw Worm","floor":10,"turns":4},{"damage":32,"enemies":"Gremlin Nob","floor":14,"turns":4},{"damage":41,"enemies":"Slime Boss","floor":16,"turns":13},{"damage":0,"enemies":"Chosen","floor":18,"turns":6},{"damage":26,"enemies":"Spheric Guardian","floor":22,"turns":6},{"damage":60,"enemies":"Gremlin Leader","floor":24,"turns":6}],"event_choices":[{"event_name":"Living Wall","player_choice":"Grow","floor":2,"damage_taken":0},{"event_name":"World of Goop","player_choice":"Gather Gold","floor":5,"damage_taken":0},{"event_name":"Golden Idol","player_choice":"Take Wound","floor":7,"damage_taken":0},{"event_name":"Liars Game","player_choice":"agreed","floor":13,"damage_taken":0},{"event_name":"The Joust","player_choice":"Bet on Murderer","floor":20,"damage_taken":0},{"event_name":"N\u0027loth","player_choice":"Traded a Orichalcum","floor":21,"damage_taken":0}],"boss_relics":[{"not_picked":["White Beast Statue","Tiny House"],"picked":"Cursed Key"}],"potions_floor_spawned":[3,8,22],"seed_played":"-6787806672359652488","killed_by":"Gremlin Leader","ascension_level":0,"is_trial":false}