{"path_per_floor":["M","?","M","M","M","E","R","M","T","?","?","$","M","?","R","B",null,"M","M","?","M"],"character_chosen":"IRONCLAD","items_purchased":["Apotheosis"],"gold_per_floor":[114,114,126,139,157,190,190,203,228,228,228,23,39,4,4,109,109,126,141,141,159],"floor_reached":22,"campfire_rested":1,"playtime":1786,"current_hp_per_floor":[80,80,80,80,71,55,55,24,24,24,21,21,31,51,75,28,80,69,54,38,43],"items_purged":[],"gold":159,"play_id":"cf2a42a7-b278-4832-b070-0ad7862f0207","is_prod":false,"is_daily":false,"is_ascension_mode":false,"campfire_upgraded":1,"path_taken":["M","?","?","M","M","E","R","M","T","?","?","?","M","?","R","BOSS","M","M","?","M","M"],"build_version":"2018-01-25-PROD3","purchased_purges":0,"victory":false,"master_deck":["Strike_R","Strike_R","Strike_R","Strike_R","Strike_R","Defend_R","Defend_R","Defend_R","Defend_R","Juggernaut+1","Inflame","Shrug It Off","Inflame+1","Apotheosis","Warcry","Juggernaut","Heavy Blade"],"max_hp_per_floor":[80,80,80,80,80,80,80,80,80,80,80,80,80,80,80,80,80,80,80,80,80],"relics":["Burning Blood","Oddly Smooth Stone","Bag of Marbles","Kunai","Cursed Key","Enchiridion"],"card_choices":[{"not_picked":["Wild Strike","Thunderclap"],"picked":"Inflame"},{"not_picked":["Disarm","Battle Trance"],"picked":"Shrug It Off"},{"not_picked":["Iron Wave","Dark Embrace"],"picked":"Inflame"},{"not_picked":["Sword Boomerang","Sentinel"],"picked":"Warcry"},{"not_picked":["Double Tap","Immolate"],"picked":"Juggernaut"},{"not_picked":["Body Slam","Sword Boomerang"],"picked":"Heavy Blade"}],"player_experience":32922,"potions_floor_usage":[13,21,22,22],"damage_taken":[{"damage":0,"enemies":"2 Louse","floor":1,"turns":4},{"damage":6,"enemies":"Jaw Worm","floor":3,"turns":5},{"damage":4,"enemies":"Blue Slaver","floor":4,"turns":4},{"damage":15,"enemies":"Exordium Wildlife","floor":5,"turns":7},{"damage":22,"enemies":"Lagavulin","floor":6,"turns":9},{"damage":37,"enemies":"Exordium Thugs","floor":8,"turns":8},{"damage":11,"enemies":"3 Louse","floor":13,"turns":7},{"damage":53,"enemies":"The Guardian","floor":16,"turns":13},{"damage":17,"enemies":"Shell Parasite","floor":18,"turns":5},{"damage":21,"enemies":"Spheric Guardian","floor":19,"turns":5},{"damage":16,"enemies":"Centurion and Healer","floor":21,"turns":8},{"damage":43,"enemies":"Slaver and Parasite","floor":22,"turns":4}],"event_choices":[{"event_name":"Living Wall","player_choice":"Grow","floor":2,"damage_taken":0},{"event_name":"Bonfire Elementals","player_choice":"BASIC","floor":10,"damage_taken":0},{"event_name":"Scrap Ooze","player_choice":"success","floor":11,"damage_taken":3},{"event_name":"The Cleric","player_choice":"Healed","floor":14,"damage_taken":0},{"event_name":"Cursed Tome","player_choice":"Obtained Book","floor":20,"damage_taken":0}],"boss_relics":[{"not_picked":["Eternal Feather","White Beast Statue"],"picked":"Cursed Key"}],"potions_floor_spawned":[3,5,8,13,19],"seed_played":"-1404254414824902249","killed_by":"Slaver and Parasite","ascension_level":0,"is_trial":false}