{"path_per_floor":["M","?","?","M","M","R","M","M","T","M","?","$","M","$","R","B",null,"M","M","?","$","M","R","M","R","T","R","M","?","?","?","R","B",null,"M","M","?","?","?","R","$","R","T","R","?","E","$","?","R"],"character_chosen":"IRONCLAD","items_purchased":["Jack Of All Trades","Juzu Bracelet","Bloodletting","Spot Weakness","Dexterity Potion"],"gold_per_floor":[115,115,290,309,327,327,337,356,380,395,395,75,88,19,19,120,120,139,152,152,13,31,31,47,47,74,74,86,11,11,11,11,116,116,134,146,146,146,197,197,23,23,49,49,0,30,30,30,30],"floor_reached":50,"campfire_rested":3,"playtime":2524,"current_hp_per_floor":[77,77,77,63,64,64,62,59,59,61,61,61,67,67,67,28,80,51,50,35,35,21,21,48,48,48,48,33,33,33,33,58,15,85,71,74,74,64,23,49,49,49,56,56,56,29,29,29,57],"items_purged":["Doubt","Normality","Writhe"],"gold":30,"play_id":"13649112-fb81-4ebc-be4d-67e7de98bd04","is_prod":false,"is_daily":false,"is_ascension_mode":false,"campfire_upgraded":7,"path_taken":["M","?","?","M","?","R","M","M","T","M","?","$","M","$","R","BOSS","M","M","?","$","M","R","M","R","T","R","M","?","?","?","R","BOSS","M","M","?","?","?","R","?","R","T","R","?","E","$","?","R","BOSS"],"build_version":"2018-01-25-PROD3","purchased_purges":3,"victory":false,"master_deck":["Strike_R","Strike_R","Strike_R","Strike_R","Defend_R","Defend_R","Defend_R","Defend_R+1","Bash+1","Warcry+1","Flex+1","Jack Of All Trades+1","Bloodletting+1","Burning Pact+1","Whirlwind+1","Spot Weakness+1","Battle Trance+1","Feed","Seeing Red+1","Twin Strike+1","Madness+1","Madness+1"],"max_hp_per_floor":[80,80,80,80,80,80,80,80,80,80,80,80,80,80,80,80,80,80,80,85,85,85,85,85,85,85,85,85,85,85,85,85,85,85,85,85,85,85,88,88,88,88,95,95,95,95,95,95,95],"relics":["Burning Blood","Bag of Preparation","Molten Egg","Juzu Bracelet","Lizard Tail","Lantern","Oddly Smooth Stone","Mark of Pain","Champion Belt","Strawberry","Red Mask","War Paint"],"card_choices":[{"not_picked":["Reckless Charge","Inflame"],"picked":"Whirlwind"},{"not_picked":["Twin Strike","Wild Strike"],"picked":"Warcry"},{"not_picked":["Rupture","Bloodletting"],"picked":"Flex"},{"not_picked":["Sword Boomerang","Bloodletting"],"picked":"Burning Pact"},{"not_picked":["Dual Wield","Sever Soul"],"picked":"Whirlwind"},{"not_picked":["Intimidate","Shockwave"],"picked":"Battle Trance"},{"not_picked":["Juggernaut","Exhume"],"picked":"Feed"},{"not_picked":["Headbutt","Shrug It Off"],"picked":"Seeing Red"},{"not_picked":["Havoc","True Grit"],"picked":"Twin Strike"}],"player_experience":108833,"potions_floor_usage":[16,16,16,24,24,33,39,46,46],"damage_taken":[{"damage":9,"enemies":"Jaw Worm","floor":1,"turns":4},{"damage":20,"enemies":"Blue Slaver","floor":4,"turns":7},{"damage":5,"enemies":"Cultist","floor":5,"turns":4},{"damage":8,"enemies":"Exordium Wildlife","floor":7,"turns":3},{"damage":9,"enemies":"2 Fungi Beasts","floor":8,"turns":3},{"damage":4,"enemies":"Gremlin Gang","floor":10,"turns":3},{"damage":0,"enemies":"Lots of Slimes","floor":13,"turns":1},{"damage":64,"enemies":"Slime Boss","floor":16,"turns":11},{"damage":35,"enemies":"Spheric Guardian","floor":18,"turns":5},{"damage":7,"enemies":"3 Byrds","floor":19,"turns":6},{"damage":20,"enemies":"Centurion and Healer","floor":22,"turns":5},{"damage":30,"enemies":"Sentry and Sphere","floor":24,"turns":4},{"damage":21,"enemies":"Snake Plant","floor":28,"turns":3},{"damage":49,"enemies":"Champ","floor":33,"turns":13},{"damage":20,"enemies":"3 Shapes","floor":35,"turns":2},{"damage":3,"enemies":"Orb Walker","floor":36,"turns":1},{"damage":50,"enemies":"Mysterious Sphere","floor":39,"turns":4},{"damage":33,"enemies":"2 Orb Walkers","floor":46,"turns":3},{"damage":62,"enemies":"Awakened One","floor":50,"turns":12}],"event_choices":[{"event_name":"Accursed Blacksmith","player_choice":"Rummage","floor":2,"damage_taken":0},{"event_name":"Liars Game","player_choice":"agreed","floor":3,"damage_taken":0},{"event_name":"The Lab","player_choice":"Got Potions","floor":11,"damage_taken":0},{"event_name":"Forgotten Altar","player_choice":"Shed Blood","floor":20,"damage_taken":0},{"event_name":"Beggar","player_choice":"Gave Gold","floor":29,"damage_taken":0},{"event_name":"Drug Dealer","player_choice":"Ignored","floor":30,"damage_taken":0},{"event_name":"The Mausoleum","player_choice":"Yes","floor":31,"damage_taken":0},{"event_name":"Upgrade Shrine","player_choice":"Upgraded","floor":37,"damage_taken":0},{"event_name":"Winding Halls","player_choice":"Embrace Madness","floor":38,"damage_taken":0},{"event_name":"Mysterious Sphere","player_choice":"Fight","floor":39,"damage_taken":0},{"event_name":"Tomb of Lord Red Mask","player_choice":"Paid","floor":45,"damage_taken":0}],"boss_relics":[{"not_picked":["Cursed Key","Orrery"],"picked":"Lizard Tail"},{"not_picked":["Runic Dome","Black Star"],"picked":"Mark of Pain"}],"potions_floor_spawned":[1,5,8,18,19,28,33,36],"seed_played":"1461895729362402816","killed_by":"Awakened One","ascension_level":0,"is_trial":false}