{"path_per_floor":["M","M","?","?","?","R","M","R","T","M","M","E","M","$","R","B",null,"M","?","$","$","M"],"character_chosen":"IRONCLAD","items_purchased":["Bandage Up","Regen Potion","Happy Flower"],"gold_per_floor":[116,129,129,129,129,129,150,150,218,241,261,297,310,82,82,201,201,222,222,74,74,92],"floor_reached":23,"campfire_rested":0,"playtime":921,"current_hp_per_floor":[80,80,80,60,44,44,50,50,50,56,53,29,35,35,35,33,80,80,80,80,80,80],"items_purged":["Strike_R"],"gold":92,"play_id":"46ce766a-cbc6-4eb3-834a-727f4ae031c6","is_prod":false,"is_daily":false,"is_ascension_mode":false,"campfire_upgraded":3,"path_taken":["M","M","?","?","?","R","M","R","T","M","M","E","M","$","R","BOSS","M","?","?","$","M","E"],"build_version":"2018-01-25-PROD3","purchased_purges":2,"victory":false,"master_deck":["Strike_R+1","Strike_R","Strike_R","Defend_R","Defend_R","Defend_R","Defend_R","Bash+1","Double Tap+1","Bludgeon+1","Bandage Up+1","Offering"],"max_hp_per_floor":[80,80,80,80,80,80,80,80,80,80,80,80,80,80,80,80,80,80,80,80,80,80],"relics":["Burning Blood","Bag of Marbles","Golden Idol","Dodecahedron","Lantern","Black Star","Happy Flower"],"card_choices":[{"not_picked":["Warcry","Flex"],"picked":"Bludgeon"},{"not_picked":["Dark Embrace","Fiend Fire"],"picked":"Offering"}],"player_experience":58545,"potions_floor_usage":[16,23],"damage_taken":[{"damage":0,"enemies":"Small Slimes","floor":1,"turns":2},{"damage":1,"enemies":"Cultist","floor":2,"turns":3},{"damage":0,"enemies":"2 Louse","floor":7,"turns":2},{"damage":0,"enemies":"2 Fungi Beasts","floor":10,"turns":2},{"damage":9,"enemies":"Exordium Wildlife","floor":11,"turns":3},{"damage":30,"enemies":"3 Sentries","floor":12,"turns":5},{"damage":0,"enemies":"Large Slime","floor":13,"turns":1},{"damage":14,"enemies":"The Guardian","floor":16,"turns":9},{"damage":0,"enemies":"Shell Parasite","floor":18,"turns":2},{"damage":0,"enemies":"Chosen","floor":22,"turns":2},{"damage":100,"enemies":"Gremlin Leader","floor":23,"turns":6}],"event_choices":[{"event_name":"Transmorgrifier","player_choice":"Transform","floor":3,"damage_taken":0},{"event_name":"Golden Idol","player_choice":"Take Damage","floor":4,"damage_taken":0},{"event_name":"Shining Light","player_choice":"Entered Light","floor":5,"damage_taken":0},{"event_name":"The Lab","player_choice":"Got Potions","floor":19,"damage_taken":0}],"boss_relics":[{"not_picked":["Eternal Feather","Runic Dome"],"picked":"Black Star"}],"potions_floor_spawned":[2,11,13,16,22],"seed_played":"-3450714586686065453","killed_by":"Gremlin Leader","ascension_level":0,"is_trial":false}