{"path_per_floor":["M","M","?","M","M","R","E","R","T","?","E","R","$","$","R","B",null,"M","$","?","$","M","R","?","R","T","M","M","M","$","M","R","B",null,"M","M","?","?"],"character_chosen":"IRONCLAD","items_purchased":[],"gold_per_floor":[114,131,81,95,106,106,138,138,163,163,190,190,115,15,15,111,141,161,36,36,36,55,55,55,55,55,72,88,100,100,117,117,221,221,232,244,244,244],"floor_reached":39,"campfire_rested":2,"playtime":2495,"current_hp_per_floor":[80,80,80,75,76,76,48,48,48,36,26,26,26,26,50,51,85,82,82,67,67,73,73,73,73,73,61,58,50,50,39,66,19,90,86,59,59,59],"items_purged":["Strike_R","Strike_R","Strike_R"],"gold":244,"play_id":"5da3bd25-5be2-4ca5-ad91-6a77c4a557e5","is_prod":false,"is_daily":false,"is_ascension_mode":false,"campfire_upgraded":5,"path_taken":["M","M","?","M","M","R","E","R","T","?","E","R","?","$","R","BOSS","M","?","?","$","M","R","?","R","T","M","M","M","$","M","R","BOSS","M","M","?","?","M"],"build_version":"2018-02-01-PROD3","purchased_purges":3,"victory":false,"master_deck":["Defend_R","Defend_R","Defend_R","Bash+1","Spot Weakness+1","Whirlwind+1","Double Tap+1","Heavy Blade+1","Reaper","Iron Wave+1","Iron Wave+1"],"max_hp_per_floor":[80,80,80,80,80,80,80,80,80,80,80,80,80,80,80,80,85,85,85,90,90,90,90,90,90,90,90,90,90,90,90,90,90,90,90,90,90,90],"relics":["Burning Blood","Meat on the Bone","Bag of Preparation","Prayer Wheel","Omamori","Tiny House","Bronze Scales","Eternal Feather"],"card_choices":[{"not_picked":["Double Tap","Infernal Blade"],"picked":"Inflame"},{"not_picked":["Heavy Blade","Inflame"],"picked":"Spot Weakness"},{"not_picked":["Warcry","Shockwave"],"picked":"Whirlwind"},{"not_picked":["Brutality","Fiend Fire"],"picked":"Double Tap"},{"not_picked":["Headbutt","Flex"],"picked":"Heavy Blade"},{"not_picked":["Second Wind","Heavy Blade"],"picked":"Reaper"},{"not_picked":["Wild Strike","Cleave"],"picked":"Iron Wave"}],"player_experience":119864,"potions_floor_usage":[7,11,16,33,33,39],"damage_taken":[{"damage":4,"enemies":"Small Slimes","floor":1,"turns":6},{"damage":1,"enemies":"Cultist","floor":2,"turns":4},{"damage":11,"enemies":"Jaw Worm","floor":4,"turns":3},{"damage":5,"enemies":"Looter","floor":5,"turns":4},{"damage":34,"enemies":"Lagavulin","floor":7,"turns":6},{"damage":28,"enemies":"3 Sentries","floor":11,"turns":8},{"damage":29,"enemies":"Slime Boss","floor":16,"turns":5},{"damage":9,"enemies":"Shell Parasite","floor":18,"turns":4},{"damage":0,"enemies":"3 Byrds","floor":22,"turns":2},{"damage":30,"enemies":"Snake Plant","floor":27,"turns":5},{"damage":21,"enemies":"Centurion and Healer","floor":28,"turns":3},{"damage":26,"enemies":"Cultist and Chosen","floor":29,"turns":4},{"damage":29,"enemies":"Slaver and Parasite","floor":31,"turns":6},{"damage":72,"enemies":"Automaton","floor":33,"turns":8},{"damage":10,"enemies":"Orb Walker","floor":35,"turns":3},{"damage":44,"enemies":"3 Darklings","floor":36,"turns":5},{"damage":78,"enemies":"Maw","floor":39,"turns":9}],"event_choices":[{"event_name":"The Cleric","player_choice":"Card Removal","floor":3,"damage_taken":0},{"event_name":"Scrap Ooze","player_choice":"success","floor":10,"damage_taken":12},{"event_name":"Forgotten Altar","player_choice":"Shed Blood","floor":20,"damage_taken":0},{"event_name":"Back to Basics","player_choice":"Elegance","floor":24,"damage_taken":0},{"event_name":"Duplicator","player_choice":"One dupe","floor":37,"damage_taken":0}],"boss_relics":[{"not_picked":["Snecko Eye","Mark of Pain"],"picked":"Tiny House"},{"not_picked":["Philosopher\u0027s Stone","Question Card"],"picked":"Eternal Feather"}],"potions_floor_spawned":[1,2,4,11,18,27,28,29,31,35],"seed_played":"6753885674430647129","killed_by":"Maw","ascension_level":0,"is_trial":false}