{"path_per_floor":["M","?","?","?","M","E","R","M","T","E","$","T","M","M","R","B",null,"M","?","?","M","M"],"character_chosen":"IRONCLAD","items_purchased":["Tiny Chest"],"gold_per_floor":[115,115,115,115,135,165,165,182,182,212,13,13,30,47,47,145,145,160,160,160,170,189],"floor_reached":23,"campfire_rested":0,"playtime":2149,"current_hp_per_floor":[80,80,80,64,66,35,35,47,47,28,28,28,42,50,50,18,80,62,47,47,40,30],"items_purged":["Strike_R"],"gold":189,"play_id":"d8b3f88d-af7d-46e1-a1b1-9c64189cd633","is_prod":false,"is_daily":false,"is_ascension_mode":false,"campfire_upgraded":2,"path_taken":["M","?","?","?","?","E","R","M","T","E","$","?","?","M","R","BOSS","M","?","?","M","?","E"],"build_version":"2018-01-25-PROD3","purchased_purges":2,"victory":false,"master_deck":["Strike_R","Strike_R","Strike_R","Strike_R","Defend_R","Defend_R+1","Defend_R+1","Defend_R","Bash","Armaments+1","Iron Wave+1","Reaper","Metallicize+1","Whirlwind","Fiend Fire","Shrug It Off+1","Jack Of All Trades","Disarm+1","Infernal Blade+1"],"max_hp_per_floor":[80,80,80,80,80,80,80,80,80,80,80,80,80,80,80,80,80,80,85,85,85,85],"relics":["Burning Blood","Anchor","Pen Nib","Dead Branch","Lantern","Tiny Chest","Frozen Eye","Question Card"],"card_choices":[{"not_picked":["Pummel","Combust"],"picked":"Armaments"},{"not_picked":["Combust","Bludgeon"],"picked":"Iron Wave"},{"not_picked":["Havoc","Twin Strike"],"picked":"Reaper"},{"not_picked":["Body Slam","Anger"],"picked":"Metallicize"},{"not_picked":["Pummel","True Grit"],"picked":"Whirlwind"},{"not_picked":["Impervious","Berserk"],"picked":"Fiend Fire"},{"not_picked":["Wild Strike","Havoc","Flex"],"picked":"Shrug It Off"},{"not_picked":["Thunderclap","Headbutt","Wild Strike"],"picked":"Disarm"},{"not_picked":["Pummel","Pommel Strike","Burning Pact"],"picked":"Infernal Blade"}],"player_experience":71823,"potions_floor_usage":[16,16,16,23],"damage_taken":[{"damage":1,"enemies":"Cultist","floor":1,"turns":4},{"damage":4,"enemies":"Blue Slaver","floor":5,"turns":4},{"damage":37,"enemies":"3 Sentries","floor":6,"turns":12},{"damage":2,"enemies":"Small Slimes","floor":8,"turns":4},{"damage":29,"enemies":"Gremlin Nob","floor":10,"turns":6},{"damage":0,"enemies":"2 Fungi Beasts","floor":13,"turns":4},{"damage":2,"enemies":"Looter","floor":14,"turns":4},{"damage":45,"enemies":"Hexaghost","floor":16,"turns":14},{"damage":24,"enemies":"Chosen","floor":18,"turns":7},{"damage":13,"enemies":"Shell Parasite","floor":21,"turns":7},{"damage":16,"enemies":"Sentry and Sphere","floor":22,"turns":7},{"damage":37,"enemies":"Gremlin Leader","floor":23,"turns":7}],"event_choices":[{"event_name":"Wheel of Change","player_choice":"Relic","floor":2,"damage_taken":0},{"event_name":"Living Wall","player_choice":"Grow","floor":3,"damage_taken":0},{"event_name":"Shining Light","player_choice":"Entered Light","floor":4,"damage_taken":0},{"event_name":"Forgotten Altar","player_choice":"Shed Blood","floor":19,"damage_taken":0},{"event_name":"Match and Keep!","player_choice":"1 cards matched","floor":20,"damage_taken":0}],"boss_relics":[{"not_picked":["Runic Cube","Runic Pyramid"],"picked":"Question Card"}],"potions_floor_spawned":[6,8,10,14,16,18,21],"seed_played":"8906664933211153039","killed_by":"Gremlin Leader","ascension_level":0,"is_trial":false}