{"path_per_floor":["M","$","M","M","?","$","M","M","T","R","M","T","?","E","R","B",null,"M","$","M","?","?","R","E","R","T","?","M","E","M","E","R"],"character_chosen":"IRONCLAD","items_purchased":["Metallicize","Whirlwind","Frozen Egg","Metallicize"],"gold_per_floor":[111,40,54,68,318,15,33,49,49,49,60,60,60,93,93,194,194,214,80,95,95,95,95,125,125,201,201,213,240,255,289,289],"floor_reached":33,"campfire_rested":0,"playtime":2928,"current_hp_per_floor":[72,72,72,72,72,72,72,72,72,72,72,72,69,55,55,49,72,66,66,65,65,65,71,56,62,62,47,48,49,51,25,31],"items_purged":["Regret","Strike_R"],"gold":289,"play_id":"7d9b4c3f-3780-44c0-8ae6-108a3ba3f1f8","is_prod":false,"is_daily":false,"is_ascension_mode":false,"campfire_upgraded":5,"path_taken":["M","$","M","?","?","?","M","?","T","R","M","?","?","E","R","BOSS","M","$","?","?","?","R","E","R","T","?","M","E","?","E","R","BOSS"],"build_version":"2018-01-25-PROD3","purchased_purges":2,"victory":false,"master_deck":["Strike_R","Strike_R","Strike_R","Strike_R","Defend_R","Defend_R","Defend_R+1","Defend_R+1","Bash","Metallicize+1","Whirlwind+1","Metallicize+1","Offering","Metallicize+1","Metallicize+1","Metallicize+1","True Grit+1","Battle Trance","Rampage+1"],"max_hp_per_floor":[72,72,72,72,72,72,72,72,72,72,72,72,72,72,72,72,72,72,72,72,72,72,72,72,72,72,77,77,77,77,77,77],"relics":["Burning Blood","Torii","Frozen Egg","Dead Branch","Sundial","Bag of Marbles","War Paint","Eternal Feather","Regal Pillow","Blue Candle","Prayer Wheel","Blood Vial"],"card_choices":[{"not_picked":["Iron Wave","Clash"],"picked":"Metallicize"},{"not_picked":["Reaper","Berserk"],"picked":"Offering"},{"not_picked":["Pommel Strike","Thunderclap"],"picked":"True Grit"},{"not_picked":["Flex","Warcry"],"picked":"Battle Trance"},{"not_picked":["Dual Wield","Infernal Blade"],"picked":"Rampage"}],"player_experience":68895,"potions_floor_usage":[29,29,33,33,33],"damage_taken":[{"damage":6,"enemies":"Blue Slaver","floor":1,"turns":7},{"damage":3,"enemies":"Cultist","floor":3,"turns":5},{"damage":3,"enemies":"Jaw Worm","floor":4,"turns":4},{"damage":1,"enemies":"Large Slime","floor":7,"turns":6},{"damage":2,"enemies":"Exordium Wildlife","floor":8,"turns":4},{"damage":2,"enemies":"Lots of Slimes","floor":11,"turns":3},{"damage":20,"enemies":"Gremlin Nob","floor":14,"turns":4},{"damage":12,"enemies":"Slime Boss","floor":16,"turns":9},{"damage":12,"enemies":"Chosen","floor":18,"turns":4},{"damage":7,"enemies":"Shell Parasite","floor":20,"turns":7},{"damage":21,"enemies":"Book of Stabbing","floor":24,"turns":8},{"damage":5,"enemies":"Sentry and Sphere","floor":28,"turns":9},{"damage":17,"enemies":"Gremlin Leader","floor":29,"turns":22},{"damage":4,"enemies":"Snake Plant","floor":30,"turns":7},{"damage":32,"enemies":"Slavers","floor":31,"turns":8},{"damage":38,"enemies":"Automaton","floor":33,"turns":12}],"event_choices":[{"event_name":"Golden Shrine","player_choice":"Desecrate","floor":5,"damage_taken":0},{"event_name":"Scrap Ooze","player_choice":"success","floor":13,"damage_taken":3},{"event_name":"Duplicator","player_choice":"One dupe","floor":21,"damage_taken":0},{"event_name":"The Library","player_choice":"Read","floor":22,"damage_taken":0},{"event_name":"Forgotten Altar","player_choice":"Shed Blood","floor":27,"damage_taken":0}],"boss_relics":[{"not_picked":["Black Blood","Snecko Eye"],"picked":"Eternal Feather"}],"potions_floor_spawned":[4,8,11,28,29,31],"seed_played":"8823114013260385180","killed_by":"Automaton","ascension_level":0,"is_trial":false}