{"path_per_floor":["M","$","?","?","M","E","R","M","T","R","?","$","?","$","R","B",null,"M","?","M","?","?","M","$","M","T","$","?","M","T","M","R"],"character_chosen":"IRONCLAD","items_purchased":["Rupture","Shockwave","Hemokinesis","Orichalcum"],"gold_per_floor":[112,77,177,177,193,224,224,235,235,235,235,83,83,4,4,101,101,116,116,131,131,131,145,1,16,16,16,16,32,32,47,47],"floor_reached":33,"campfire_rested":1,"playtime":1780,"current_hp_per_floor":[80,80,80,80,73,22,46,51,51,51,51,51,35,35,35,12,80,47,47,16,16,16,17,17,10,10,10,10,23,23,24,24],"items_purged":["Strike_R"],"gold":47,"play_id":"6082659c-fcd7-4b0d-b80e-f9e44185961d","is_prod":false,"is_daily":false,"is_ascension_mode":false,"campfire_upgraded":3,"path_taken":["M","$","?","?","M","E","R","M","T","R","?","$","?","?","R","BOSS","M","?","M","?","?","M","$","M","T","$","?","M","?","M","R","BOSS"],"build_version":"2018-02-01-PROD3","purchased_purges":1,"victory":false,"master_deck":["Defend_R","Defend_R+1","Bash+1","Cleave+1","Rupture","Iron Wave","Shockwave","Hemokinesis+1","Limit Break+1","Shockwave","Battle Trance","Inflame","Bite","Bite","Bite","Bite","Bite","Spot Weakness"],"max_hp_per_floor":[80,80,80,80,80,80,80,80,80,80,80,80,80,80,80,80,80,80,80,80,80,80,80,80,80,80,80,56,56,56,56,56],"relics":["Burning Blood","Juzu Bracelet","Gremlin Horn","Bottled Lightning","Calling Bell","Bag of Preparation","Bag of Marbles","Shuriken","Orichalcum","Gambling Chip","Peace Pipe"],"card_choices":[{"not_picked":["Entrench","Shrug It Off"],"picked":"Cleave"},{"not_picked":["Barricade","Feed"],"picked":"Limit Break"},{"not_picked":["Entrench","Clash"],"picked":"Shockwave"},{"not_picked":["Reckless Charge","Body Slam"],"picked":"Inflame"},{"not_picked":["Disarm","Shrug It Off"],"picked":"Spot Weakness"}],"player_experience":133063,"potions_floor_usage":[23,25,29,33],"damage_taken":[{"damage":2,"enemies":"2 Louse","floor":1,"turns":2},{"damage":13,"enemies":"Blue Slaver","floor":5,"turns":5},{"damage":57,"enemies":"Lagavulin","floor":6,"turns":8},{"damage":1,"enemies":"Cultist","floor":8,"turns":3},{"damage":29,"enemies":"Hexaghost","floor":16,"turns":9},{"damage":39,"enemies":"3 Byrds","floor":18,"turns":6},{"damage":37,"enemies":"Spheric Guardian","floor":20,"turns":6},{"damage":5,"enemies":"3 Cultists","floor":23,"turns":4},{"damage":13,"enemies":"Snake Plant","floor":25,"turns":4},{"damage":11,"enemies":"Cultist and Chosen","floor":29,"turns":5},{"damage":15,"enemies":"Slaver and Parasite","floor":31,"turns":4},{"damage":54,"enemies":"Automaton","floor":33,"turns":6}],"event_choices":[{"event_name":"Golden Shrine","player_choice":"Pray","floor":3,"damage_taken":0},{"event_name":"Bonfire Elementals","player_choice":"BASIC","floor":4,"damage_taken":0},{"event_name":"Transmorgrifier","player_choice":"Transform","floor":11,"damage_taken":0},{"event_name":"Shining Light","player_choice":"Entered Light","floor":13,"damage_taken":0},{"event_name":"Transmorgrifier","player_choice":"Transform","floor":19,"damage_taken":0},{"event_name":"Forgotten Altar","player_choice":"Smashed Altar","floor":21,"damage_taken":0},{"event_name":"Fountain of Cleansing","player_choice":"Removed Curse","floor":22,"damage_taken":0},{"event_name":"Vampires","player_choice":"Became a vampire","floor":28,"damage_taken":0}],"boss_relics":[{"not_picked":["Runic Pyramid","Lizard Tail"],"picked":"Calling Bell"}],"potions_floor_spawned":[8,16,20,25],"seed_played":"-382703986603826692","killed_by":"Automaton","ascension_level":0,"is_trial":false}