{"path_per_floor":["M","?","M","?","$","R","M","M","T","R","E","R","M","E","R","B",null,"M","?","M","M","?","R","M","M","T","$","R","M","M","?","R","B",null,"M","M","?","M","$","R","$","M","T","?"],"character_chosen":"IRONCLAD","items_purchased":["Reckless Charge","Toolbox","Dexterity Potion"],"gold_per_floor":[110,110,124,124,9,9,26,40,63,63,89,89,105,130,130,225,255,272,272,290,300,225,225,241,257,283,183,183,199,218,133,133,233,263,276,291,291,305,66,66,15,34,34,34],"floor_reached":45,"campfire_rested":1,"playtime":2922,"current_hp_per_floor":[80,47,53,53,53,53,59,62,62,62,68,68,67,59,59,32,80,80,80,79,57,57,57,61,55,55,55,55,39,45,52,79,72,98,89,71,71,67,67,67,67,46,46,46],"items_purged":["Regret","Normality"],"gold":34,"score":427,"play_id":"d347c488-ce69-45f0-af02-aaf15d0f1780","is_prod":false,"is_daily":false,"is_ascension_mode":false,"campfire_upgraded":7,"path_taken":["M","?","?","?","?","R","M","?","T","R","E","R","M","E","R","BOSS","M","?","?","M","?","R","M","?","T","$","R","?","M","?","R","BOSS","M","M","?","?","$","R","$","M","T","?","E"],"build_version":"2018-02-08-PROD1","purchased_purges":2,"victory":false,"master_deck":["Strike_R","Strike_R","Strike_R","Strike_R","Strike_R","Defend_R","Defend_R","Defend_R","Defend_R","Bash","Reckless Charge","Iron Wave+1","Reckless Charge","Iron Wave+1","Barricade+1","Cleave","Fiend Fire+1","Offering+1","Doubt","Burning Pact+1","Flame Barrier+1","Sever Soul+1","True Grit+1","True Grit+1"],"max_hp_per_floor":[80,80,80,80,80,80,80,80,80,80,80,80,80,80,80,80,80,80,80,80,80,80,80,80,80,80,80,80,82,84,91,91,93,98,98,100,100,102,102,102,102,104,104,104],"relics":["Burning Blood","NeowsBlessing","Champion Belt","Bird Faced Urn","Oddly Smooth Stone","Mercury Hourglass","Dead Branch","Calling Bell","Self Forming Clay","Sundial","Tiny Chest","Singing Bowl","Strawberry","Tiny House","Toolbox","Peace Pipe"],"card_choices":[{"not_picked":["Second Wind","Clothesline"],"picked":"Reckless Charge"},{"not_picked":["Sentinel","Perfected Strike"],"picked":"Iron Wave"},{"not_picked":["Dropkick","Wild Strike"],"picked":"Iron Wave"},{"not_picked":["Sword Boomerang","True Grit"],"picked":"Cleave"},{"not_picked":["Pommel Strike","Armaments"],"picked":"Barricade"},{"not_picked":["True Grit","Corruption"],"picked":"Cleave"},{"not_picked":["Headbutt","Flex"],"picked":"Fiend Fire"},{"not_picked":["Exhume","Juggernaut"],"picked":"Offering"},{"not_picked":["Sword Boomerang","Shockwave"],"picked":"Burning Pact"},{"not_picked":["Cleave","Infernal Blade"],"picked":"Sever Soul"},{"not_picked":["Body Slam","Second Wind"],"picked":"True Grit"},{"not_picked":["Shrug It Off","Rampage"],"picked":"True Grit"}],"player_experience":170966,"potions_floor_usage":[8,29,33,45,45],"damage_taken":[{"damage":0,"enemies":"Small Slimes","floor":1,"turns":1},{"damage":0,"enemies":"Blue Slaver","floor":3,"turns":1},{"damage":0,"enemies":"2 Louse","floor":7,"turns":1},{"damage":3,"enemies":"Exordium Thugs","floor":8,"turns":3},{"damage":0,"enemies":"Gremlin Nob","floor":11,"turns":3},{"damage":7,"enemies":"Lots of Slimes","floor":13,"turns":2},{"damage":16,"enemies":"3 Sentries","floor":14,"turns":5},{"damage":37,"enemies":"Hexaghost","floor":16,"turns":13},{"damage":0,"enemies":"Spheric Guardian","floor":18,"turns":2},{"damage":7,"enemies":"Chosen","floor":20,"turns":2},{"damage":29,"enemies":"Snake Plant","floor":21,"turns":4},{"damage":4,"enemies":"Sentry and Sphere","floor":24,"turns":3},{"damage":14,"enemies":"Centurion and Healer","floor":25,"turns":5},{"damage":24,"enemies":"Chosen and Byrds","floor":29,"turns":4},{"damage":4,"enemies":"Snecko","floor":30,"turns":3},{"damage":33,"enemies":"Automaton","floor":33,"turns":11},{"damage":19,"enemies":"3 Darklings","floor":35,"turns":7},{"damage":28,"enemies":"Orb Walker","floor":36,"turns":5},{"damage":14,"enemies":"4 Shapes","floor":38,"turns":7},{"damage":31,"enemies":"Sphere and 2 Shapes","floor":42,"turns":4},{"damage":91,"enemies":"Giant Head","floor":45,"turns":8}],"event_choices":[{"event_name":"Scrap Ooze","player_choice":"success","floor":2,"damage_taken":33},{"event_name":"Big Fish","player_choice":"Box","floor":4,"damage_taken":0},{"event_name":"The Library","player_choice":"Read","floor":19,"damage_taken":0},{"event_name":"Beggar","player_choice":"Gave Gold","floor":22,"damage_taken":0},{"event_name":"Addict","player_choice":"Obtained Relic","floor":31,"damage_taken":0},{"event_name":"Mysterious Sphere","player_choice":"Ignore","floor":44,"damage_taken":0}],"boss_relics":[{"not_picked":["Lizard Tail","Runic Dome"],"picked":"Calling Bell"},{"not_picked":["Snecko Eye","White Beast Statue"],"picked":"Tiny House"}],"potions_floor_spawned":[1,3,11,14,20,21,25,33,36,42],"seed_played":"-1603224028788197837","killed_by":"Giant Head","ascension_level":0,"is_trial":false}