{"path_per_floor":["M","M","?","$","?","E","R","M","T","R","$","R","E","?","R","B",null,"M","?","?","M","$","R","M","M","T","?","E","?","?","T","R"],"character_chosen":"IRONCLAD","items_purchased":["Flash of Steel"],"gold_per_floor":[109,129,129,27,27,62,62,77,147,147,72,72,101,51,51,148,148,164,134,134,153,53,53,72,84,84,84,109,109,109,132,132],"floor_reached":33,"campfire_rested":1,"playtime":778,"current_hp_per_floor":[80,80,80,80,80,87,87,86,86,86,86,86,80,80,80,19,87,70,70,70,60,60,60,53,53,53,53,23,23,23,23,49],"items_purged":["Strike_R","Strike_R"],"gold":132,"score":294,"play_id":"83230a6c-74d0-45ec-bf90-69f5ea5a21e3","is_prod":false,"is_daily":false,"is_ascension_mode":false,"campfire_upgraded":5,"path_taken":["M","M","?","$","?","E","R","M","T","R","$","R","E","?","R","BOSS","M","?","?","?","$","R","M","M","T","?","E","?","?","?","R","BOSS"],"build_version":"2018-02-12-PROD1","purchased_purges":2,"victory":false,"master_deck":["Strike_R","Strike_R+1","Defend_R","Defend_R+1","Bash+1","Flash of Steel+1","Inflame+1","Infernal Blade"],"max_hp_per_floor":[80,80,80,80,80,87,87,87,87,87,87,87,87,87,87,87,87,87,87,87,87,87,87,87,87,87,87,87,87,87,87,87],"relics":["Burning Blood","NeowsBlessing","Ancient Tea Set","Strawberry","Dodecahedron","Champion Belt","Runic Dome","Charon\u0027s Ashes","Self Forming Clay","Blood Vial"],"card_choices":[{"not_picked":["Whirlwind","Clash"],"picked":"Inflame"}],"player_experience":196297,"potions_floor_usage":[16,21,28,28,33,33],"damage_taken":[{"damage":0,"enemies":"2 Louse","floor":1,"turns":1},{"damage":0,"enemies":"Blue Slaver","floor":2,"turns":1},{"damage":0,"enemies":"Gremlin Nob","floor":6,"turns":1},{"damage":7,"enemies":"Small Slimes","floor":8,"turns":3},{"damage":12,"enemies":"Lagavulin","floor":13,"turns":5},{"damage":82,"enemies":"Hexaghost","floor":16,"turns":10},{"damage":23,"enemies":"3 Byrds","floor":18,"turns":6},{"damage":16,"enemies":"Spheric Guardian","floor":21,"turns":4},{"damage":13,"enemies":"Snake Plant","floor":24,"turns":3},{"damage":6,"enemies":"Snecko","floor":25,"turns":4},{"damage":45,"enemies":"Gremlin Leader","floor":28,"turns":5},{"damage":70,"enemies":"Automaton","floor":33,"turns":6}],"event_choices":[{"event_name":"Bonfire Elementals","player_choice":"BASIC","floor":3,"damage_taken":0},{"event_name":"Big Fish","player_choice":"Box","floor":5,"damage_taken":0},{"event_name":"The Cleric","player_choice":"Card Removal","floor":14,"damage_taken":0},{"event_name":"The Woman in Blue","player_choice":"Bought 2 Potions","floor":19,"damage_taken":0},{"event_name":"Back to Basics","player_choice":"Elegance","floor":20,"damage_taken":0},{"event_name":"Transmorgrifier","player_choice":"Transform","floor":27,"damage_taken":0},{"event_name":"Forgotten Altar","player_choice":"Smashed Altar","floor":29,"damage_taken":0},{"event_name":"Purifier","player_choice":"One Purge","floor":30,"damage_taken":0}],"boss_relics":[{"not_picked":["Snecko Eye","Cursed Key"],"picked":"Runic Dome"}],"potions_floor_spawned":[2,16,24,25,28],"seed_played":"5390402736033244354","killed_by":"Automaton","ascension_level":0,"is_trial":false}