{"path_per_floor":["M","M","?","M","?","R","E","M","T","?","$","M","R","M","R","B",null,"M","?","?","M","M","R","$","E","T","?","M","?","M","M","R","B",null,"M","?","?","?","M","R","M","$","T","M","E","$","M","M","R","B"],"character_chosen":"IRONCLAD","items_purchased":["Membership Card","Evolve","Seeing Red","Havoc","True Grit","War Paint"],"gold_per_floor":[115,133,192,209,209,209,235,247,247,247,25,39,39,59,59,159,159,173,173,98,114,124,124,20,47,47,47,58,8,27,39,39,139,139,155,155,155,155,165,165,184,47,47,62,96,36,46,57,57,57],"floor_reached":51,"campfire_rested":1,"playtime":3223,"current_hp_per_floor":[27,28,28,36,33,33,32,43,43,71,71,60,60,63,63,41,100,92,92,92,69,55,55,55,78,78,117,117,117,81,65,101,103,120,108,108,120,120,120,120,123,123,123,119,51,51,44,41,41,30],"items_purged":["Writhe"],"gold":57,"score":752,"play_id":"2c434218-3adb-433f-8c55-f7673413069b","is_prod":false,"is_daily":false,"is_ascension_mode":false,"campfire_upgraded":6,"path_taken":["M","M","?","?","?","R","E","M","T","?","?","M","R","M","R","BOSS","M","?","?","M","?","R","$","E","T","?","M","?","M","M","R","BOSS","M","?","?","?","M","R","M","$","T","M","E","$","M","M","R","BOSS"],"build_version":"2018-02-12-PROD1","purchased_purges":1,"victory":true,"master_deck":["Strike_R","Strike_R","Defend_R","Defend_R","Defend_R","Bash","Battle Trance","Burning Pact","Feed+1","Feed","Second Wind","Evolve+1","Spot Weakness","Whirlwind+1","Immolate+1","Carnage","True Grit+1","Seeing Red+1","Havoc+1","Impervious","Decay","True Grit","Carnage","Sentinel+1","Immolate","Injury","Pain","Decay","Warcry+1","Brutality","Clumsy","Havoc+1","Infernal Blade","True Grit","Writhe","True Grit+1","Disarm+1","Shockwave","Corruption+1"],"max_hp_per_floor":[80,80,80,83,83,83,83,86,86,86,86,93,93,100,100,100,100,100,100,100,100,100,100,100,117,117,117,117,117,117,120,120,120,120,120,120,120,120,120,120,123,123,123,123,126,126,126,130,130,130],"relics":["Burning Blood","Dead Branch","Meat on the Bone","Unceasing Top","Membership Card","Cursed Key","Mango","Charon\u0027s Ashes","Calling Bell","Art of War","Ancient Tea Set","Orichalcum","War Paint","Peace Pipe","Omamori"],"card_choices":[{"not_picked":["Metallicize","Sentinel"],"picked":"Feed"},{"not_picked":["Armaments","Dual Wield"],"picked":"Feed"},{"not_picked":["Perfected Strike","Heavy Blade"],"picked":"Second Wind"},{"not_picked":["Sword Boomerang","Combust"],"picked":"Spot Weakness"},{"not_picked":["Pummel","Armaments"],"picked":"Whirlwind"},{"not_picked":["Double Tap","Dark Embrace"],"picked":"Immolate"},{"not_picked":["Perfected Strike","Thunderclap"],"picked":"Carnage"},{"not_picked":["Bloodletting","Bludgeon"],"picked":"True Grit"},{"not_picked":["Flex","Shrug It Off"],"picked":"Impervious"},{"not_picked":["Blood for Blood","Clash"],"picked":"True Grit"},{"not_picked":["Iron Wave","Perfected Strike"],"picked":"Carnage"},{"not_picked":["Clash","Carnage"],"picked":"Sentinel"},{"not_picked":["Impervious","Berserk"],"picked":"Immolate"},{"not_picked":["Armaments","Carnage"],"picked":"Warcry"},{"not_picked":["Sword Boomerang","Thunderclap"],"picked":"Havoc"},{"not_picked":["Wild Strike","Flex"],"picked":"Infernal Blade"},{"not_picked":["Hemokinesis","Rupture"],"picked":"True Grit"},{"not_picked":["Thunderclap","Flex"],"picked":"Disarm"},{"not_picked":["Dual Wield","Heavy Blade"],"picked":"Shockwave"},{"not_picked":["Clash","Second Wind"],"picked":"Corruption"}],"player_experience":198406,"potions_floor_usage":[8,16,33,33,50],"damage_taken":[{"damage":19,"enemies":"Blue Slaver","floor":1,"turns":3},{"damage":5,"enemies":"Small Slimes","floor":2,"turns":4},{"damage":1,"enemies":"Jaw Worm","floor":4,"turns":3},{"damage":7,"enemies":"Lagavulin","floor":7,"turns":8},{"damage":10,"enemies":"Looter","floor":8,"turns":2},{"damage":36,"enemies":"Exordium Wildlife","floor":12,"turns":7},{"damage":22,"enemies":"2 Fungi Beasts","floor":14,"turns":4},{"damage":40,"enemies":"Hexaghost","floor":16,"turns":13},{"damage":14,"enemies":"Chosen","floor":18,"turns":5},{"damage":29,"enemies":"2 Thieves","floor":21,"turns":3},{"damage":32,"enemies":"Snake Plant","floor":22,"turns":5},{"damage":12,"enemies":"Book of Stabbing","floor":25,"turns":4},{"damage":3,"enemies":"Centurion and Healer","floor":28,"turns":5},{"damage":42,"enemies":"Slaver and Parasite","floor":30,"turns":7},{"damage":43,"enemies":"Chosen and Byrds","floor":31,"turns":6},{"damage":16,"enemies":"Automaton","floor":33,"turns":6},{"damage":18,"enemies":"Orb Walker","floor":35,"turns":4},{"damage":6,"enemies":"3 Shapes","floor":39,"turns":2},{"damage":26,"enemies":"Maw","floor":41,"turns":7},{"damage":10,"enemies":"3 Darklings","floor":44,"turns":2},{"damage":89,"enemies":"Giant Head","floor":45,"turns":8},{"damage":25,"enemies":"Sphere and 2 Shapes","floor":47,"turns":5},{"damage":25,"enemies":"Maw","floor":48,"turns":4},{"damage":29,"enemies":"Time Eater","floor":50,"turns":7}],"event_choices":[{"event_name":"Golden Wing","player_choice":"Gained Gold","floor":3,"damage_taken":0},{"event_name":"Scrap Ooze","player_choice":"success","floor":5,"damage_taken":3},{"event_name":"Big Fish","player_choice":"Banana","floor":10,"damage_taken":0},{"event_name":"Bonfire Elementals","player_choice":"BASIC","floor":19,"damage_taken":0},{"event_name":"Beggar","player_choice":"Gave Gold","floor":20,"damage_taken":0},{"event_name":"The Library","player_choice":"Heal","floor":27,"damage_taken":0},{"event_name":"The Joust","player_choice":"Bet on Murderer","floor":29,"damage_taken":0},{"event_name":"Tomb of Lord Red Mask","player_choice":"Ignored","floor":36,"damage_taken":0},{"event_name":"Winding Halls","player_choice":"Writhe","floor":37,"damage_taken":0},{"event_name":"Match and Keep!","player_choice":"2 cards matched","floor":38,"damage_taken":0}],"boss_relics":[{"not_picked":["Runic Cube","Black Star"],"picked":"Cursed Key"},{"not_picked":["Lizard Tail","Black Blood"],"picked":"Calling Bell"}],"potions_floor_spawned":[4,7,12,14,25,28,31,39,41,47],"seed_played":"-4649357615362657676","ascension_level":0,"is_trial":false}