{"path_per_floor":["M","?","?","$","T","R","E","$","T","M","E","M","E","M","R","B",null,"M","$","?","?","?","R","E","M","T"],"character_chosen":"IRONCLAD","items_purchased":["Oddly Smooth Stone"],"gold_per_floor":[117,117,117,42,120,120,150,50,74,86,117,133,159,179,179,276,276,288,6,6,6,6,6,39,52,52],"floor_reached":27,"campfire_rested":1,"playtime":923,"current_hp_per_floor":[80,73,65,65,65,65,9,9,9,15,18,24,24,19,58,16,80,29,29,29,29,29,29,8,11,11],"items_purged":["Defend_R","Strike_R","Defend_R"],"gold":52,"score":247,"play_id":"43c53788-4cc0-478e-a0f5-f268098d7fef","is_prod":false,"is_daily":false,"is_ascension_mode":false,"campfire_upgraded":2,"path_taken":["M","?","?","?","?","R","E","$","T","?","E","M","E","M","R","BOSS","M","$","?","?","?","R","E","M","T","E"],"build_version":"2018-02-12-PROD1","purchased_purges":3,"victory":false,"master_deck":["Strike_R","Defend_R","Defend_R","Bash+1","Limit Break+1","Bloodletting","Pummel+1","Pummel+1","Flex","Spot Weakness"],"max_hp_per_floor":[80,80,80,80,80,80,80,80,80,80,80,80,80,80,80,80,80,80,80,80,80,80,80,80,80,80],"relics":["Burning Blood","Bottled Flame","Red Skull","Regal Pillow","Bottled Lightning","Dream Catcher","Velvet Choker","Oddly Smooth Stone","Happy Flower","Du-Vu Doll","Girya"],"card_choices":[{"not_picked":["Wild Strike","Perfected Strike"],"picked":"Bloodletting"},{"not_picked":["Disarm","Shockwave"],"picked":"Pummel"},{"not_picked":["Warcry","Twin Strike"],"picked":"Pummel"},{"not_picked":["Headbutt","Perfected Strike"],"picked":"Flex"},{"not_picked":["Flame Barrier","Headbutt"],"picked":"Spot Weakness"}],"player_experience":197483,"potions_floor_usage":[14,16,24],"damage_taken":[{"damage":5,"enemies":"Jaw Worm","floor":1,"turns":5},{"damage":62,"enemies":"Lagavulin","floor":7,"turns":8},{"damage":0,"enemies":"Cultist","floor":10,"turns":2},{"damage":3,"enemies":"Gremlin Nob","floor":11,"turns":2},{"damage":0,"enemies":"Small Slimes","floor":12,"turns":2},{"damage":6,"enemies":"3 Sentries","floor":13,"turns":6},{"damage":11,"enemies":"Exordium Thugs","floor":14,"turns":2},{"damage":48,"enemies":"Slime Boss","floor":16,"turns":6},{"damage":57,"enemies":"3 Byrds","floor":18,"turns":8},{"damage":27,"enemies":"Slavers","floor":24,"turns":3},{"damage":3,"enemies":"Chosen","floor":25,"turns":1},{"damage":15,"enemies":"Gremlin Leader","floor":27,"turns":1}],"event_choices":[{"event_name":"Golden Wing","player_choice":"Card Removal","floor":2,"damage_taken":0},{"event_name":"Wheel of Change","player_choice":"Damage","floor":3,"damage_taken":0},{"event_name":"Purifier","player_choice":"One Purge","floor":20,"damage_taken":0},{"event_name":"Accursed Blacksmith","player_choice":"Forge","floor":21,"damage_taken":0},{"event_name":"The Mausoleum","player_choice":"Yes","floor":22,"damage_taken":0}],"boss_relics":[{"not_picked":["Black Blood","Tiny House"],"picked":"Velvet Choker"}],"potions_floor_spawned":[10,12,14,16,25],"seed_played":"-156047027246045440","killed_by":"Gremlin Leader","ascension_level":0,"is_trial":false}