{"path_per_floor":["M","M","?","M","$","R","?","?","T","M","?","M","R","M","R","B",null,"M","M","?","M","M","R","M","R","T","E","$","M","M","$","R","B",null,"M","?","?","?","$","E","$","E","T","?","M","R","M","M","R","B"],"character_chosen":"IRONCLAD","items_purchased":["Singing Bowl","Deep Breath","Regen Potion","Meat on the Bone"],"gold_per_floor":[111,130,380,400,32,32,32,32,32,46,46,64,64,82,82,181,181,194,214,139,158,178,178,193,193,245,279,28,47,60,60,60,158,158,177,177,177,177,77,102,102,129,129,129,146,146,163,182,182,182],"floor_reached":51,"campfire_rested":3,"playtime":2197,"current_hp_per_floor":[74,74,74,73,73,73,73,73,73,60,60,60,60,60,60,25,80,74,68,68,62,60,60,54,79,79,71,71,76,63,63,90,76,90,86,86,74,74,74,54,54,63,63,63,63,63,60,63,91,78],"items_purged":["Defend_R","Strike_R"],"gold":182,"score":643,"play_id":"cfba9efa-8121-4608-a725-2a4c2dae59d1","is_prod":false,"is_daily":false,"is_ascension_mode":false,"campfire_upgraded":5,"path_taken":["M","M","?","M","$","R","?","?","T","M","?","M","R","M","R","BOSS","M","M","?","?","M","R","M","R","T","E","$","?","M","$","R","BOSS","M","?","?","?","$","E","$","E","T","?","M","R","M","M","R","BOSS"],"build_version":"2018-02-22-PROD2","purchased_purges":2,"victory":true,"master_deck":["Strike_R","Strike_R","Strike_R","Strike_R","Defend_R","Bash+1","Seeing Red+1","Deep Breath","Dropkick","Corruption+1","Burning Pact","Offering","Shockwave+1","Disarm+1","Shockwave+1","Fiend Fire+1","Madness","Madness","Pommel Strike+1","Seeing Red","Second Wind+1"],"max_hp_per_floor":[80,80,80,80,80,80,80,80,80,80,80,80,80,80,80,80,80,82,84,84,84,86,86,86,86,86,88,88,90,90,90,90,90,90,92,92,92,92,92,94,94,94,94,94,94,94,96,96,96,96],"relics":["Cursed Key","Singing Bowl","Dead Branch","Spirit Poop","Mark of Pain","Bag of Preparation","Unceasing Top","Meat on the Bone","Sozu","Shuriken","Anchor","Magic Flower"],"card_choices":[{"not_picked":["Entrench","True Grit"],"picked":"Thunderclap"},{"not_picked":["Sentinel","Disarm"],"picked":"Seeing Red"},{"not_picked":["Flex","Searing Blow"],"picked":"Dropkick"},{"not_picked":["True Grit","Clothesline"],"picked":"Corruption"},{"not_picked":["Rage","Power Through"],"picked":"Burning Pact"},{"not_picked":["Demon Form","Limit Break"],"picked":"Offering"},{"not_picked":["Second Wind","Havoc"],"picked":"Shockwave"},{"not_picked":["Iron Wave","Intimidate"],"picked":"Disarm"},{"not_picked":["Sever Soul","Reckless Charge"],"picked":"Shockwave"},{"not_picked":["Dark Embrace","Limit Break"],"picked":"Fiend Fire"},{"not_picked":["Blood for Blood","Thunderclap"],"picked":"Pommel Strike"},{"not_picked":["Clothesline","Havoc"],"picked":"Seeing Red"},{"not_picked":["Disarm","Flex"],"picked":"Second Wind"}],"player_experience":254191,"potions_floor_usage":[40,42],"damage_taken":[{"damage":6,"enemies":"2 Louse","floor":1,"turns":2},{"damage":0,"enemies":"Cultist","floor":2,"turns":2},{"damage":1,"enemies":"Small Slimes","floor":4,"turns":3},{"damage":13,"enemies":"Blue Slaver","floor":10,"turns":3},{"damage":0,"enemies":"Exordium Wildlife","floor":12,"turns":2},{"damage":0,"enemies":"Large Slime","floor":14,"turns":2},{"damage":46,"enemies":"Hexaghost","floor":16,"turns":5},{"damage":8,"enemies":"Spheric Guardian","floor":18,"turns":3},{"damage":8,"enemies":"Chosen","floor":19,"turns":1},{"damage":6,"enemies":"Centurion and Healer","floor":21,"turns":3},{"damage":4,"enemies":"Snecko","floor":22,"turns":1},{"damage":6,"enemies":"3 Cultists","floor":24,"turns":4},{"damage":10,"enemies":"Book of Stabbing","floor":27,"turns":3},{"damage":4,"enemies":"Snake Plant","floor":29,"turns":2},{"damage":13,"enemies":"Centurion and Healer","floor":30,"turns":6},{"damage":29,"enemies":"Champ","floor":33,"turns":8},{"damage":6,"enemies":"Orb Walker","floor":35,"turns":2},{"damage":37,"enemies":"2 Orb Walkers","floor":40,"turns":3},{"damage":20,"enemies":"Giant Head","floor":42,"turns":4},{"damage":0,"enemies":"3 Shapes","floor":45,"turns":1},{"damage":7,"enemies":"3 Darklings","floor":47,"turns":1},{"damage":11,"enemies":"Maw","floor":48,"turns":2},{"damage":13,"enemies":"Awakened One","floor":50,"turns":3}],"event_choices":[{"event_name":"Golden Shrine","player_choice":"Desecrate","floor":3,"damage_taken":0},{"event_name":"Living Wall","player_choice":"Forget","floor":7,"damage_taken":0},{"event_name":"Purifier","player_choice":"One Purge","floor":8,"damage_taken":0},{"event_name":"Bonfire Elementals","player_choice":"CURSE","floor":11,"damage_taken":0},{"event_name":"Beggar","player_choice":"Gave Gold","floor":20,"damage_taken":0},{"event_name":"The Lab","player_choice":"Got Potions","floor":36,"damage_taken":0},{"event_name":"Winding Halls","player_choice":"Embrace Madness","floor":37,"damage_taken":0},{"event_name":"Fountain of Cleansing","player_choice":"Removed Curse","floor":44,"damage_taken":0}],"boss_relics":[{"not_picked":["Lizard Tail","Tiny House"],"picked":"Mark of Pain"},{"not_picked":["Eternal Feather","Question Card"],"picked":"Sozu"}],"potions_floor_spawned":[1,4,16,18,21,22,33,35],"seed_played":"8902655120642704985","ascension_level":0,"is_trial":false}