{"path_per_floor":["M","$","?","?","?","R","E","R","T","R","M","E","M","M","R","B",null,"M","$","?","M","?","E","$","R","T","R","?","R","M","E","R","B",null,"M","$","M","M","M","R","E","R","T","E","R","M","$","?","R","B"],"character_chosen":"IRONCLAD","items_purchased":["Inflame","Matryoshka","Bottled Tornado","Pen Nib","Whirlwind","Letter Opener"],"gold_per_floor":[109,40,40,40,40,40,78,78,78,78,91,125,138,163,163,292,292,315,72,72,90,90,125,125,125,151,151,151,151,164,502,502,623,623,644,394,407,425,446,446,489,489,489,520,520,534,59,59,59,59],"floor_reached":51,"campfire_rested":0,"playtime":1549,"current_hp_per_floor":[80,80,60,60,60,60,66,66,80,80,86,84,90,93,93,62,94,77,77,77,81,81,86,86,86,86,86,70,70,94,94,94,96,96,96,96,98,98,98,98,70,70,70,97,97,100,100,87,87,79],"items_purged":[],"gold":59,"score":699,"play_id":"8b37e9bb-d0fc-4508-9fb5-f4a0d0d27515","is_prod":false,"is_daily":false,"is_ascension_mode":false,"campfire_upgraded":9,"path_taken":["M","$","?","?","?","R","E","R","T","R","M","E","M","M","R","BOSS","M","$","?","M","?","E","?","R","T","R","?","R","M","E","R","BOSS","M","$","M","M","M","R","E","R","T","E","R","M","$","?","R","BOSS"],"build_version":"2018-02-22-PROD2","purchased_purges":0,"victory":true,"master_deck":["Strike_R","Strike_R","Strike_R","Strike_R","Strike_R","Defend_R","Defend_R","Defend_R","Defend_R","Bash+1","Iron Wave+1","Inflame+1","Reaper+1","Spot Weakness+1","Dual Wield+1","Thunderclap","Limit Break+1","Pommel Strike+1","Reaper+1","Heavy Blade+1","Offering+1","Pommel Strike+1","Evolve+1","Seeing Red+1","Corruption+1","Rupture+1","Whirlwind+1","Madness","Madness"],"max_hp_per_floor":[80,80,80,80,80,80,80,80,94,94,94,94,94,94,94,94,94,94,94,94,94,94,94,94,94,94,94,94,94,94,96,96,96,96,96,96,98,98,98,98,100,100,100,100,100,100,100,100,100,100],"relics":["Burning Blood","NeowsBlessing","Golden Idol","Girya","Mango","Bag of Preparation","Mark of Pain","Matryoshka","Singing Bowl","Paper Frog","Anchor","Enchiridion","Old Coin","Sozu","Bottled Tornado","Lantern","Ornamental Fan","Unceasing Top","Frozen Egg 2","Pen Nib","Letter Opener"],"card_choices":[{"not_picked":["Headbutt","Wild Strike"],"picked":"Iron Wave"},{"not_picked":["Anger","Iron Wave"],"picked":"Reaper"},{"not_picked":["Clothesline","Wild Strike"],"picked":"Spot Weakness"},{"not_picked":["Flame Barrier","Clothesline"],"picked":"Dual Wield"},{"not_picked":["Perfected Strike","Entrench"],"picked":"Thunderclap"},{"not_picked":["Feed","Immolate"],"picked":"Limit Break"},{"not_picked":["Iron Wave","True Grit"],"picked":"Pommel Strike"},{"not_picked":["Havoc","Anger"],"picked":"Reaper"},{"not_picked":["Warcry","Searing Blow"],"picked":"Heavy Blade"},{"not_picked":["Immolate","Bludgeon"],"picked":"Offering"},{"not_picked":["Shockwave","Anger"],"picked":"Pommel Strike"},{"not_picked":["Heavy Blade","Flex"],"picked":"Evolve"},{"not_picked":["Body Slam","Perfected Strike"],"picked":"Seeing Red"},{"not_picked":["Reaper","Hemokinesis"],"picked":"Corruption"},{"not_picked":["Twin Strike","Uppercut"],"picked":"Rupture"}],"player_experience":237068,"potions_floor_usage":[23,31,33,50,50],"damage_taken":[{"damage":0,"enemies":"Small Slimes","floor":1,"turns":1},{"damage":0,"enemies":"3 Sentries","floor":7,"turns":2},{"damage":0,"enemies":"2 Louse","floor":11,"turns":1},{"damage":8,"enemies":"Gremlin Nob","floor":12,"turns":3},{"damage":0,"enemies":"Cultist","floor":13,"turns":2},{"damage":3,"enemies":"Looter","floor":14,"turns":2},{"damage":37,"enemies":"Slime Boss","floor":16,"turns":6},{"damage":23,"enemies":"2 Thieves","floor":18,"turns":3},{"damage":20,"enemies":"3 Byrds","floor":21,"turns":5},{"damage":38,"enemies":"Slavers","floor":23,"turns":5},{"damage":0,"enemies":"Cultist and Chosen","floor":30,"turns":3},{"damage":8,"enemies":"Book of Stabbing","floor":31,"turns":3},{"damage":25,"enemies":"Collector","floor":33,"turns":4},{"damage":4,"enemies":"Orb Walker","floor":35,"turns":1},{"damage":4,"enemies":"3 Shapes","floor":37,"turns":5},{"damage":4,"enemies":"Sphere and 2 Shapes","floor":38,"turns":2},{"damage":9,"enemies":"Maw","floor":39,"turns":4},{"damage":36,"enemies":"Nemesis","floor":41,"turns":5},{"damage":13,"enemies":"Giant Head","floor":44,"turns":4},{"damage":4,"enemies":"3 Darklings","floor":46,"turns":1},{"damage":72,"enemies":"Awakened One","floor":50,"turns":6}],"event_choices":[{"event_name":"Golden Idol","player_choice":"Take Damage","floor":3,"damage_taken":0},{"event_name":"Upgrade Shrine","player_choice":"Upgraded","floor":4,"damage_taken":0},{"event_name":"Living Wall","player_choice":"Grow","floor":5,"damage_taken":0},{"event_name":"Beggar","player_choice":"Ignored","floor":20,"damage_taken":0},{"event_name":"The Lab","player_choice":"Got Potions","floor":22,"damage_taken":0},{"event_name":"Cursed Tome","player_choice":"Obtained Book","floor":28,"damage_taken":0},{"event_name":"Winding Halls","player_choice":"Embrace Madness","floor":48,"damage_taken":0}],"boss_relics":[{"not_picked":["Question Card","Runic Dome"],"picked":"Mark of Pain"},{"not_picked":["Black Blood","Black Star"],"picked":"Sozu"}],"potions_floor_spawned":[12,14,16,18,23,31,37,39,41],"seed_played":"-5252040518207998211","ascension_level":0,"is_trial":false}