{"path_per_floor":["M","$","M","?","?","M","M","M","T","M","M","$","R","M","R","B",null,"M","?","?","?","M","R","M","R","T","M","M","R","M","M","R"],"character_chosen":"IRONCLAD","items_purchased":[],"gold_per_floor":[114,39,59,59,59,73,83,96,96,114,132,32,32,42,42,140,140,150,50,50,50,69,69,89,89,89,107,120,120,132,148,148],"floor_reached":33,"campfire_rested":0,"playtime":1102,"current_hp_per_floor":[79,79,78,62,55,55,48,43,43,43,43,43,43,37,37,4,80,63,63,63,63,37,37,26,26,26,35,39,39,43,48,48],"items_purged":["Defend_R","Strike_R"],"gold":148,"score":245,"play_id":"9bbf00f2-39e7-4db9-8f10-3f0b07a391d6","is_prod":false,"is_daily":false,"is_ascension_mode":false,"campfire_upgraded":3,"path_taken":["M","$","?","?","?","M","M","M","T","?","M","?","R","M","R","BOSS","M","?","?","?","M","R","M","R","T","?","M","R","?","M","R","BOSS"],"build_version":"2018-02-22-PROD2","purchased_purges":2,"victory":false,"master_deck":["Strike_R","Strike_R","Defend_R+1","Defend_R+1","Bash","Flex","Pommel Strike+1","Inflame","Corruption","Thunderclap","Infernal Blade","Offering","Bloodletting+1","Anger+1","Impervious+1","Shrug It Off+1","Offering","Feel No Pain","Whirlwind+1","Flame Barrier+1","Iron Wave+1","Reaper"],"max_hp_per_floor":[80,80,80,80,80,80,80,80,80,80,80,80,80,80,80,80,80,80,80,80,80,80,80,80,80,80,80,80,80,80,80,80],"relics":["Mark of Pain","Girya","Astrolabe","Mummified Hand","Meat on the Bone"],"card_choices":[{"not_picked":["Perfected Strike","Rampage"],"picked":"Flex"},{"not_picked":["Dual Wield","Body Slam"],"picked":"Pommel Strike"},{"not_picked":["Flex","Feel No Pain"],"picked":"Inflame"},{"not_picked":["Wild Strike","Shrug It Off"],"picked":"Corruption"},{"not_picked":["Disarm","Fiend Fire"],"picked":"Thunderclap"},{"not_picked":["Twin Strike","Armaments"],"picked":"Infernal Blade"},{"not_picked":["Ghostly Armor","Iron Wave"],"picked":"Clash"},{"not_picked":["Berserk","Double Tap"],"picked":"Offering"},{"not_picked":["True Grit","Pommel Strike"],"picked":"Shrug It Off"},{"not_picked":["Twin Strike","Metallicize"],"picked":"Feel No Pain"},{"not_picked":["True Grit","Body Slam"],"picked":"Whirlwind"},{"not_picked":["True Grit","Clothesline"],"picked":"Flame Barrier"},{"not_picked":["Flex","Cleave"],"picked":"Iron Wave"},{"not_picked":["Perfected Strike","Anger"],"picked":"Reaper"}],"player_experience":235966,"potions_floor_usage":[16,16,27,27,33,33],"damage_taken":[{"damage":1,"enemies":"Cultist","floor":1,"turns":3},{"damage":1,"enemies":"Jaw Worm","floor":3,"turns":2},{"damage":0,"enemies":"2 Louse","floor":6,"turns":1},{"damage":7,"enemies":"Blue Slaver","floor":7,"turns":2},{"damage":5,"enemies":"2 Fungi Beasts","floor":8,"turns":3},{"damage":0,"enemies":"3 Louse","floor":10,"turns":3},{"damage":0,"enemies":"Exordium Wildlife","floor":11,"turns":2},{"damage":6,"enemies":"Exordium Thugs","floor":14,"turns":3},{"damage":33,"enemies":"The Guardian","floor":16,"turns":5},{"damage":17,"enemies":"Spheric Guardian","floor":18,"turns":3},{"damage":26,"enemies":"3 Byrds","floor":22,"turns":4},{"damage":11,"enemies":"Centurion and Healer","floor":24,"turns":4},{"damage":3,"enemies":"Snake Plant","floor":27,"turns":2},{"damage":8,"enemies":"Cultist and Chosen","floor":28,"turns":4},{"damage":8,"enemies":"3 Cultists","floor":30,"turns":3},{"damage":7,"enemies":"Snecko","floor":31,"turns":2},{"damage":67,"enemies":"Champ","floor":33,"turns":5}],"event_choices":[{"event_name":"Shining Light","player_choice":"Entered Light","floor":4,"damage_taken":0},{"event_name":"Golden Wing","player_choice":"Card Removal","floor":5,"damage_taken":0},{"event_name":"Drug Dealer","player_choice":"Got JAXXED","floor":19,"damage_taken":0},{"event_name":"Duplicator","player_choice":"One dupe","floor":20,"damage_taken":0},{"event_name":"Addict","player_choice":"Gave JAX","floor":21,"damage_taken":0}],"boss_relics":[{"not_picked":["Pandora\u0027s Box","Lizard Tail"],"picked":"Astrolabe"}],"potions_floor_spawned":[3,6,10,16,24,30,31],"seed_played":"7753975387812899164","killed_by":"Champ","ascension_level":0,"is_trial":false}