{"path_per_floor":["M","?","M","?","M","E","R","M","T","M","R","$","T","E","R","B",null,"M","$","M","M","M","R","E","M","T","R","?","?","?","?","R","B",null,"M","?","?","?","M","E","M","E","T","?","M","?","R","M","R"],"character_chosen":"IRONCLAD","items_purchased":["Tiny Chest"],"gold_per_floor":[109,109,125,125,145,171,171,181,181,193,193,2,2,28,28,128,128,146,46,58,73,88,88,118,135,208,208,208,208,208,208,208,304,304,321,321,421,421,441,472,492,517,597,597,607,607,607,620,620],"floor_reached":50,"campfire_rested":5,"playtime":2127,"current_hp_per_floor":[80,68,66,66,66,57,57,53,53,50,74,74,74,66,66,30,80,57,57,53,42,27,51,31,6,6,30,30,15,85,85,85,36,85,81,81,81,81,79,63,20,13,23,47,43,43,71,37,65],"items_purged":["Defend_R","Defend_R"],"gold":620,"score":530,"play_id":"94c55b45-990b-4e92-93cf-0336a470c5c1","is_prod":false,"is_daily":false,"is_ascension_mode":false,"campfire_upgraded":3,"path_taken":["M","?","?","?","M","E","R","M","T","M","R","$","?","E","R","BOSS","M","$","M","M","M","R","E","M","T","R","?","?","?","?","R","BOSS","M","?","?","?","M","E","?","E","T","?","M","?","R","M","R","BOSS"],"build_version":"2018-02-22-PROD2","purchased_purges":2,"victory":false,"master_deck":["Strike_R","Strike_R","Strike_R","Strike_R","Strike_R+1","Defend_R+1","Spot Weakness+1","Thunderclap+1","Iron Wave","Heavy Blade+1","Seeing Red+1","Cleave","Spot Weakness+1","Offering+1","Thunderclap","Thunderclap+1","Pommel Strike+1","Inflame+1","Iron Wave+1","Dropkick+1","Limit Break","Pommel Strike+1","Flame Barrier+1","Writhe","Whirlwind+1","Evolve+1","Dual Wield+1"],"max_hp_per_floor":[80,80,80,80,80,80,80,80,80,80,80,80,80,80,80,80,80,80,80,80,80,80,80,80,80,80,80,80,85,85,85,85,85,85,85,85,85,85,85,85,85,85,95,95,95,95,95,95,95],"relics":["Mark of Pain","Vajra","Champion Belt","Ice Cream","Tiny Chest","Dream Catcher","Prayer Wheel","Black Star","Molten Egg 2","Paper Frog","Smiling Mask","Velvet Choker","Dead Branch","Magic Flower","War Paint","Whetstone","Pear"],"card_choices":[{"not_picked":["Blood for Blood","Iron Wave"],"picked":"Spot Weakness"},{"not_picked":["Flex","Entrench"],"picked":"Thunderclap"},{"not_picked":["Warcry","Anger"],"picked":"Iron Wave"},{"not_picked":["Dropkick","Clothesline"],"picked":"Heavy Blade"},{"not_picked":["True Grit","Sword Boomerang"],"picked":"Seeing Red"},{"not_picked":["Sentinel","Rage"],"picked":"Cleave"},{"not_picked":["Warcry","Burning Pact"],"picked":"Spot Weakness"},{"not_picked":["Feed","Immolate"],"picked":"Offering"},{"not_picked":["Heavy Blade","Headbutt"],"picked":"Thunderclap"},{"not_picked":["True Grit","Anger"],"picked":"Thunderclap"},{"not_picked":["Body Slam","Perfected Strike"],"picked":"Pommel Strike"},{"not_picked":["Cleave","Corruption"],"picked":"Inflame"},{"not_picked":["Burning Pact","Shrug It Off"],"picked":"Iron Wave"},{"not_picked":["Fiend Fire","Offering"],"picked":"Limit Break"},{"not_picked":["True Grit","Armaments"],"picked":"Pommel Strike"},{"not_picked":["Warcry","Havoc"],"picked":"Flame Barrier"},{"not_picked":["Heavy Blade","Flame Barrier"],"picked":"Whirlwind"},{"not_picked":["Second Wind","Rampage"],"picked":"Evolve"},{"not_picked":["Wild Strike","Body Slam"],"picked":"Dual Wield"}],"player_experience":238617,"potions_floor_usage":[33,42,48,50],"damage_taken":[{"damage":0.0,"enemies":"Small Slimes","floor":1.0,"turns":3.0},{"damage":2.0,"enemies":"2 Louse","floor":3.0,"turns":2.0},{"damage":0.0,"enemies":"Cultist","floor":5.0,"turns":3.0},{"damage":9.0,"enemies":"3 Sentries","floor":6.0,"turns":6.0},{"damage":4.0,"enemies":"Blue Slaver","floor":8.0,"turns":2.0},{"damage":3.0,"enemies":"Exordium Thugs","floor":10.0,"turns":4.0},{"damage":8.0,"enemies":"Lagavulin","floor":14.0,"turns":5.0},{"damage":36.0,"enemies":"Hexaghost","floor":16.0,"turns":7.0},{"damage":23.0,"enemies":"Spheric Guardian","floor":18.0,"turns":4.0},{"damage":4.0,"enemies":"3 Byrds","floor":20.0,"turns":4.0},{"damage":11.0,"enemies":"3 Cultists","floor":21.0,"turns":3.0},{"damage":15.0,"enemies":"Snake Plant","floor":22.0,"turns":2.0},{"damage":23.0,"enemies":"Slavers","floor":24.0,"turns":2.0},{"damage":25.0,"enemies":"Slaver and Parasite","floor":25.0,"turns":4.0},{"damage":49,"enemies":"Automaton","floor":33,"turns":7},{"damage":4,"enemies":"3 Shapes","floor":35,"turns":2},{"damage":2,"enemies":"Orb Walker","floor":39,"turns":2},{"damage":16,"enemies":"Nemesis","floor":40,"turns":3},{"damage":43,"enemies":"Sphere and 2 Shapes","floor":41,"turns":3},{"damage":7,"enemies":"Giant Head","floor":42,"turns":5},{"damage":4,"enemies":"3 Darklings","floor":45,"turns":3},{"damage":34,"enemies":"4 Shapes","floor":48,"turns":6},{"damage":70,"enemies":"Awakened One","floor":50,"turns":5}],"event_choices":[{"event_name":"Scrap Ooze","player_choice":"success","floor":2.0,"damage_taken":12.0},{"event_name":"Upgrade Shrine","player_choice":"Upgraded","floor":4.0,"damage_taken":0.0},{"event_name":"Upgrade Shrine","player_choice":"Upgraded","floor":28.0,"damage_taken":0.0},{"event_name":"Forgotten Altar","player_choice":"Shed Blood","floor":29.0,"damage_taken":0.0},{"event_name":"Wheel of Change","player_choice":"Full Heal","floor":30.0,"damage_taken":0.0},{"event_name":"Transmorgrifier","player_choice":"Transform","floor":31.0,"damage_taken":0.0},{"event_name":"Tomb of Lord Red Mask","player_choice":"Ignored","floor":36,"damage_taken":0},{"event_name":"Golden Shrine","player_choice":"Pray","floor":37,"damage_taken":0},{"event_name":"The Woman in Blue","player_choice":"Bought 0 Potions","floor":38,"damage_taken":0},{"event_name":"Winding Halls","player_choice":"Writhe","floor":44,"damage_taken":0}],"boss_relics":[{"not_picked":["Snecko Eye","Orrery"],"picked":"Velvet Choker"}],"potions_floor_spawned":[1,3,6,8,14,20,25,33,39,41],"seed_played":"114849697354097966","killed_by":"Awakened One","ascension_level":0,"is_trial":false}