{"path_per_floor":["M","?","?","?","?","R","E","R","T","R","M","M","M","M","R","B",null,"M","$","?","?","M","R","?","M","T","?","E","R","M","M","R","B",null,"M","T","?","?","M","R","?","R","T","?","?","M","M","M","R"],"character_chosen":"IRONCLAD","items_purchased":["Bottled Flame"],"gold_per_floor":[113,113,113,191,191,191,218,218,267,267,284,296,316,332,332,432,432,451,134,134,134,154,154,104,121,121,121,151,151,169,188,188,287,287,307,307,307,307,326,326,326,326,326,326,375,389,409,427,427],"floor_reached":50,"campfire_rested":3,"playtime":1175,"current_hp_per_floor":[80,80,68,68,68,68,65,65,65,65,60,60,60,50,50,10,80,80,80,80,65,48,48,48,47,47,47,38,38,17,17,45,33,95,82,82,82,70,38,38,38,66,66,95,75,57,36,10,38],"items_purged":["Strike_R"],"gold":427,"score":485,"play_id":"86612460-f4e7-4436-ae90-3f7f2b806471","is_prod":false,"is_daily":false,"is_ascension_mode":false,"campfire_upgraded":7,"path_taken":["M","?","?","?","?","R","E","R","T","R","M","M","?","?","R","BOSS","M","$","?","?","?","R","?","?","T","?","E","R","?","M","R","BOSS","M","?","?","?","?","R","?","R","T","?","?","M","?","M","R","BOSS"],"build_version":"2018-02-15-PROD1","purchased_purges":1,"victory":false,"master_deck":["Strike_R","Strike_R","Defend_R","Defend_R","Defend_R","Bash","Searing Blow+9","Double Tap+1","Perfected Strike+1","Thunderclap","Dual Wield","Madness","Madness","Searing Blow+9","Thunderclap","Shockwave+1"],"max_hp_per_floor":[80,80,80,80,80,80,80,80,80,80,80,80,80,80,80,80,80,80,80,80,85,85,85,85,85,85,85,95,95,95,95,95,95,95,95,95,95,95,95,95,95,95,95,95,95,95,95,95,95],"relics":["Astrolabe","Mummified Hand","Pen Nib","Prayer Wheel","Mark of Pain","Bottled Flame","Ornamental Fan","Pear","White Beast Statue","Lantern","Oddly Smooth Stone","Sundial"],"card_choices":[{"not_picked":["Clothesline","Shrug It Off"],"picked":"Thunderclap"},{"not_picked":["Pummel","Iron Wave"],"picked":"Whirlwind"},{"not_picked":["Inflame","Sever Soul"],"picked":"Dual Wield"},{"not_picked":["Corruption","Perfected Strike"],"picked":"Thunderclap"},{"not_picked":["Spot Weakness","Thunderclap"],"picked":"Shockwave"}],"player_experience":215384,"potions_floor_usage":[7,7,14,16,28,33,48,50,50,50],"damage_taken":[{"damage":0,"enemies":"2 Louse","floor":1,"turns":2},{"damage":3,"enemies":"3 Sentries","floor":7,"turns":5},{"damage":5,"enemies":"Small Slimes","floor":11,"turns":3},{"damage":0,"enemies":"Jaw Worm","floor":12,"turns":1},{"damage":0,"enemies":"2 Fungi Beasts","floor":13,"turns":2},{"damage":10,"enemies":"Exordium Thugs","floor":14,"turns":2},{"damage":40,"enemies":"Hexaghost","floor":16,"turns":5},{"damage":0,"enemies":"Spheric Guardian","floor":18,"turns":1},{"damage":17,"enemies":"Shell Parasite","floor":22,"turns":3},{"damage":1,"enemies":"Cultist and Chosen","floor":25,"turns":3},{"damage":19,"enemies":"Gremlin Leader","floor":28,"turns":3},{"damage":21,"enemies":"Sentry and Sphere","floor":30,"turns":4},{"damage":0,"enemies":"Snecko","floor":31,"turns":1},{"damage":24,"enemies":"Automaton","floor":33,"turns":5},{"damage":13,"enemies":"Orb Walker","floor":35,"turns":3},{"damage":32,"enemies":"3 Shapes","floor":39,"turns":8},{"damage":20,"enemies":"Mysterious Sphere","floor":45,"turns":4},{"damage":18,"enemies":"Sphere and 2 Shapes","floor":46,"turns":4},{"damage":21,"enemies":"Maw","floor":47,"turns":3},{"damage":35,"enemies":"3 Darklings","floor":48,"turns":6},{"damage":60,"enemies":"Awakened One","floor":50,"turns":5}],"event_choices":[{"event_name":"Living Wall","player_choice":"Grow","floor":2,"damage_taken":0},{"event_name":"Scrap Ooze","player_choice":"success","floor":3,"damage_taken":12},{"event_name":"Golden Wing","player_choice":"Gained Gold","floor":4,"damage_taken":0},{"event_name":"The Lab","player_choice":"Got Potions","floor":5,"damage_taken":0},{"event_name":"Vampires","player_choice":"Ignored","floor":20,"damage_taken":0},{"event_name":"Forgotten Altar","player_choice":"Shed Blood","floor":21,"damage_taken":0},{"event_name":"The Joust","player_choice":"Bet on Murderer","floor":24,"damage_taken":0},{"event_name":"Match and Keep!","player_choice":"0 cards matched","floor":27,"damage_taken":0},{"event_name":"Winding Halls","player_choice":"Embrace Madness","floor":38,"damage_taken":0},{"event_name":"Duplicator","player_choice":"One dupe","floor":41,"damage_taken":0},{"event_name":"Wheel of Change","player_choice":"Full Heal","floor":44,"damage_taken":0},{"event_name":"Mysterious Sphere","player_choice":"Fight","floor":45,"damage_taken":0}],"boss_relics":[{"not_picked":["Black Star","Orrery"],"picked":"Mark of Pain"},{"not_picked":["Snecko Eye","Calling Bell"],"picked":"White Beast Statue"}],"potions_floor_spawned":[7,11,13,16,30,33,35,39,45,46,47,48],"seed_played":"8405960343249983872","killed_by":"Awakened One","ascension_level":0,"is_trial":false}