{"path_per_floor":["M","$","?","M","?","E","M","R","T","R","T","M","?","T","R","B",null,"M","?","$","?","M","E","M","R","T","?","?","$","M","M","R","B",null,"M","?","M","?","M","R","M","R","T","$","E","M","?","M","R","B"],"character_chosen":"IRONCLAD","items_purchased":["Iron Wave","Art of War","Singing Bowl","Dead Branch"],"gold_per_floor":[119,19,19,32,32,66,80,80,80,80,80,93,153,203,203,304,304,314,314,7,7,25,53,69,69,69,69,69,69,83,93,93,194,194,212,212,224,271,282,282,293,293,375,89,116,133,133,149,149,149],"floor_reached":51,"campfire_rested":1,"playtime":1668,"current_hp_per_floor":[80,80,73,79,79,80,80,80,80,80,80,79,72,72,72,65,80,55,55,55,39,57,53,55,55,55,55,55,55,63,65,65,55,88,90,90,86,86,65,93,98,98,98,98,67,73,98,102,102,64],"items_purged":["Defend_R"],"gold":149,"score":620,"play_id":"0363ac55-fbf9-4a8c-a177-2ee703bca781","is_prod":false,"is_daily":false,"is_ascension_mode":false,"campfire_upgraded":7,"path_taken":["M","$","?","M","?","E","M","R","T","R","?","?","?","?","R","BOSS","M","?","$","?","M","E","M","R","T","?","?","$","M","M","R","BOSS","M","?","M","?","M","R","M","R","T","$","E","M","?","M","R","BOSS"],"build_version":"2018-02-22-PROD2","purchased_purges":1,"victory":true,"master_deck":["Strike_R","Strike_R","Defend_R","Bash+1","Shrug It Off+1","Iron Wave+1","Shrug It Off","Regret","Flex+1","Thunderclap+1","Dropkick+1","Sword Boomerang+1","Double Tap+1","Ghostly Armor+1","Demon Form+1","Shockwave+1","Necronomicurse","Inflame+1","Whirlwind+1","Clumsy","Corruption+1","Writhe"],"max_hp_per_floor":[80,80,80,80,80,80,80,80,80,80,80,80,80,80,80,80,80,80,80,80,80,82,84,84,84,84,84,84,84,86,86,86,88,88,90,90,92,94,96,96,98,98,98,98,100,100,100,102,102,102],"relics":["Burning Blood","NeowsBlessing","Bag of Preparation","Du-Vu Doll","Molten Egg 2","Meat on the Bone","Gambling Chip","Juzu Bracelet","Astrolabe","Art of War","Singing Bowl","Necronomicon","Sundial","Charon\u0027s Ashes","Cursed Key","Thread and Needle","Centennial Puzzle","Dead Branch","Happy Flower"],"card_choices":[{"not_picked":["Twin Strike","True Grit"],"picked":"Shrug It Off"},{"not_picked":["Anger","Twin Strike"],"picked":"Shrug It Off"},{"not_picked":["Blood for Blood","Metallicize"],"picked":"Flex"},{"not_picked":["Ghostly Armor","Burning Pact"],"picked":"Thunderclap"},{"not_picked":["Shockwave","Feel No Pain"],"picked":"Dropkick"},{"not_picked":["Anger","Havoc"],"picked":"Sword Boomerang"},{"not_picked":["Impervious","Reaper"],"picked":"Double Tap"},{"not_picked":["Clothesline","Wild Strike"],"picked":"Inflame"},{"not_picked":["Clash","Heavy Blade"],"picked":"Whirlwind"},{"not_picked":["Sentinel","Wild Strike"],"picked":"Corruption"}],"player_experience":243983,"potions_floor_usage":[50,50,50],"damage_taken":[{"damage":0.0,"enemies":"Jaw Worm","floor":1.0,"turns":1.0},{"damage":0.0,"enemies":"2 Louse","floor":4.0,"turns":1.0},{"damage":0.0,"enemies":"Lagavulin","floor":6.0,"turns":1.0},{"damage":2.0,"enemies":"Cultist","floor":7.0,"turns":3.0},{"damage":7.0,"enemies":"3 Louse","floor":12.0,"turns":2.0},{"damage":13.0,"enemies":"3 Sentries","floor":13.0,"turns":6.0},{"damage":13.0,"enemies":"Slime Boss","floor":16.0,"turns":6.0},{"damage":31.0,"enemies":"2 Thieves","floor":18.0,"turns":5.0},{"damage":2.0,"enemies":"Shell Parasite","floor":22.0,"turns":2.0},{"damage":24.0,"enemies":"Book of Stabbing","floor":23.0,"turns":5.0},{"damage":4.0,"enemies":"Cultist and Chosen","floor":24.0,"turns":4.0},{"damage":0.0,"enemies":"3 Cultists","floor":30.0,"turns":1.0},{"damage":4.0,"enemies":"Sentry and Sphere","floor":31.0,"turns":3.0},{"damage":30.0,"enemies":"Automaton","floor":33.0,"turns":5.0},{"damage":0.0,"enemies":"3 Darklings","floor":35.0,"turns":1.0},{"damage":12.0,"enemies":"Orb Walker","floor":37.0,"turns":2.0},{"damage":8.0,"enemies":"Mysterious Sphere","floor":38.0,"turns":1.0},{"damage":41.0,"enemies":"4 Shapes","floor":39.0,"turns":3.0},{"damage":3.0,"enemies":"Sphere and 2 Shapes","floor":41.0,"turns":2.0},{"damage":45.0,"enemies":"Nemesis","floor":45.0,"turns":5.0},{"damage":0.0,"enemies":"3 Darklings","floor":46.0,"turns":1.0},{"damage":3.0,"enemies":"Maw","floor":48.0,"turns":3.0},{"damage":56,"enemies":"Awakened One","floor":50,"turns":5}],"event_choices":[{"event_name":"Golden Wing","player_choice":"Card Removal","floor":3.0,"damage_taken":0.0},{"event_name":"Big Fish","player_choice":"Box","floor":5.0,"damage_taken":0.0},{"event_name":"Dead Adventurer","player_choice":"Searched \u00271\u0027 times","floor":13.0,"damage_taken":0.0},{"event_name":"Fountain of Cleansing","player_choice":"Ignored","floor":19.0,"damage_taken":0.0},{"event_name":"Cursed Tome","player_choice":"Obtained Book","floor":21.0,"damage_taken":0.0},{"event_name":"Wheel of Change","player_choice":"Card Removal","floor":27.0,"damage_taken":0.0},{"event_name":"Drug Dealer","player_choice":"Ignored","floor":28.0,"damage_taken":0.0},{"event_name":"Tomb of Lord Red Mask","player_choice":"Ignored","floor":36.0,"damage_taken":0.0},{"event_name":"Mysterious Sphere","player_choice":"Fight","floor":38.0,"damage_taken":0.0},{"event_name":"Winding Halls","player_choice":"Writhe","floor":47.0,"damage_taken":0.0}],"boss_relics":[],"potions_floor_spawned":[6,13,22,31,41,46,48],"seed_played":"3247372997266607723","ascension_level":0,"is_trial":false}