{"path_per_floor":["M","M","M","$","M","$","M","?","T","?","R","$","?","M","R","B",null,"M","?","M","?","?","R","M","R","T","M","$","?","$","M","R","B",null,"M","M","M","?","?","T","$","R","T","?","?","M","?","$","R","B"],"character_chosen":"IRONCLAD","items_purchased":["Flash of Steel","Juzu Bracelet","Pen Nib"],"gold_per_floor":[117,134,152,77,97,97,115,115,115,115,115,26,26,39,39,141,141,153,153,171,171,171,171,188,188,245,256,5,5,5,20,20,123,123,137,154,166,166,166,191,41,41,68,68,114,128,0,0,0,0],"floor_reached":51,"campfire_rested":1,"playtime":1165,"current_hp_per_floor":[72,72,70,70,57,57,48,48,48,34,34,34,34,35,56,25,72,55,55,37,37,37,37,19,19,19,13,13,37,37,47,47,47,72,72,67,72,65,65,65,65,65,65,65,54,64,64,64,64,72],"items_purged":["Defend_R","Defend_R"],"gold":0,"score":635,"play_id":"23f7254d-6c65-4ab6-a5dd-b226c81c11dc","local_time":"20180309121143","is_prod":false,"is_daily":false,"is_ascension_mode":false,"campfire_upgraded":1,"timestamp":1520590303,"path_taken":["M","M","M","$","M","$","M","?","T","?","R","$","?","?","R","BOSS","M","?","M","?","?","R","M","R","T","?","$","?","?","M","R","BOSS","M","M","M","?","?","?","$","R","T","?","?","M","?","?","R","BOSS"],"build_version":"2018-03-01-PROD1","purchased_purges":2,"victory":true,"master_deck":["Flex+1","Flash of Steel","Flash of Steel+1"],"max_hp_per_floor":[72,72,72,72,72,72,72,72,72,72,72,72,72,72,72,72,72,72,72,72,72,72,72,72,72,72,72,72,72,72,72,72,72,72,72,72,72,72,72,72,72,72,72,72,72,72,72,72,72,72],"relics":["Black Blood","Peace Pipe","Ginger","Tiny Chest","Juzu Bracelet","White Beast Statue","War Paint","Pen Nib","Oddly Smooth Stone","Champion Belt","Red Mask"],"card_choices":[{"not_picked":["Fire Breathing","Cleave"],"picked":"Flex"}],"player_experience":298969,"potions_floor_usage":[16,16,16,36,50,50],"damage_taken":[{"damage":6,"enemies":"Jaw Worm","floor":1,"turns":4},{"damage":6,"enemies":"Cultist","floor":2,"turns":3},{"damage":8,"enemies":"Small Slimes","floor":3,"turns":3},{"damage":19,"enemies":"Blue Slaver","floor":5,"turns":3},{"damage":15,"enemies":"Looter","floor":7,"turns":3},{"damage":5,"enemies":"3 Louse","floor":14,"turns":2},{"damage":49,"enemies":"The Guardian","floor":16,"turns":6},{"damage":27,"enemies":"Spheric Guardian","floor":18,"turns":4},{"damage":28,"enemies":"Chosen","floor":20,"turns":4},{"damage":28,"enemies":"Snecko","floor":24,"turns":5},{"damage":16,"enemies":"Snake Plant","floor":27,"turns":3},{"damage":0,"enemies":"Chosen and Byrds","floor":31,"turns":3},{"damage":10,"enemies":"Champ","floor":33,"turns":2},{"damage":0,"enemies":"3 Darklings","floor":35,"turns":1},{"damage":15,"enemies":"3 Shapes","floor":36,"turns":1},{"damage":0,"enemies":"3 Darklings","floor":37,"turns":1},{"damage":21,"enemies":"Mysterious Sphere","floor":45,"turns":1},{"damage":0,"enemies":"Sphere and 2 Shapes","floor":46,"turns":1},{"damage":0,"enemies":"Awakened One","floor":50,"turns":2}],"event_choices":[{"event_name":"Upgrade Shrine","player_choice":"Upgraded","floor":8,"damage_taken":0},{"event_name":"Shining Light","player_choice":"Entered Light","floor":10,"damage_taken":0},{"event_name":"The Cleric","player_choice":"Leave","floor":13,"damage_taken":0},{"event_name":"Wheel of Change","player_choice":"Card Removal","floor":19,"damage_taken":0},{"event_name":"Bonfire Elementals","player_choice":"BASIC","floor":21,"damage_taken":0},{"event_name":"Duplicator","player_choice":"One dupe","floor":22,"damage_taken":0},{"event_name":"The Library","player_choice":"Heal","floor":29,"damage_taken":0},{"event_name":"Wheel of Change","player_choice":"Damage","floor":38,"damage_taken":0},{"event_name":"The Woman in Blue","player_choice":"Bought 0 Potions","floor":44,"damage_taken":0},{"event_name":"Mysterious Sphere","player_choice":"Fight","floor":45,"damage_taken":0},{"event_name":"Tomb of Lord Red Mask","player_choice":"Paid","floor":47,"damage_taken":0}],"boss_relics":[{"not_picked":["Calling Bell","Velvet Choker"],"picked":"Black Blood"},{"not_picked":["Question Card","Cursed Key"],"picked":"White Beast Statue"}],"potions_floor_spawned":[1,2,5,35,36,37,45,46],"seed_played":"-4278399215749173629","ascension_level":0,"is_trial":false}