{"path_per_floor":["M","M","?","M","?","R","E","M","T","M","E","?","M","M","R","B",null,"M","?","?","?","M","E","R","?","T","E","?","M","$","M","R","B",null,"M","M","M","$","?","R","M","E","T","E","M","$","?","M","R","B"],"character_chosen":"IRONCLAD","items_purchased":["Mercury Hourglass","Toolbox","Anchor"],"gold_per_floor":[118,135,135,154,154,154,187,201,201,214,247,422,432,445,445,548,548,561,486,486,486,497,526,526,526,526,558,558,572,0,14,14,114,114,130,140,158,8,8,8,24,55,81,113,125,125,125,136,136,136],"floor_reached":51,"campfire_rested":4,"playtime":3306,"current_hp_per_floor":[79,70,70,76,60,60,52,54,54,56,39,39,45,38,62,17,80,68,68,68,68,62,46,70,55,55,44,44,31,31,34,59,64,85,79,74,76,76,76,76,66,60,60,22,27,27,27,29,54,9],"items_purged":["Strike_R"],"gold":136,"score":759,"play_id":"71a1a4b7-bb09-4bc0-a2c8-b2a713395cd4","local_time":"20180314004150","is_prod":false,"is_daily":false,"is_ascension_mode":false,"campfire_upgraded":2,"timestamp":1520980910,"path_taken":["M","M","?","M","?","R","E","M","T","M","E","?","?","M","R","BOSS","M","?","?","?","M","E","R","?","T","E","?","M","$","M","R","BOSS","M","M","M","$","?","R","M","E","T","E","M","$","?","M","R","BOSS"],"build_version":"2018-03-09","purchased_purges":2,"victory":true,"master_deck":["Strike_R","Strike_R+1","Strike_R","Strike_R","Defend_R","Defend_R","Defend_R","Defend_R+1","Bash","True Grit","Havoc+1","Exhume+1","True Grit","Second Wind","Armaments","Burning Pact","Shrug It Off","Offering","Armaments","Offering","Body Slam+1","Seeing Red+1","Fiend Fire+1","Second Wind+1","Limit Break","Fiend Fire","True Grit+1"],"max_hp_per_floor":[80,80,80,80,80,80,80,80,80,80,80,80,80,80,80,80,80,80,80,80,80,80,80,80,85,85,85,85,85,85,85,85,85,85,85,85,85,85,85,85,85,85,85,85,85,85,85,85,85,85],"relics":["Burning Blood","Dead Branch","Sundial","Bronze Scales","Mark of Pain","Nloth\u0027s Gift","Orichalcum","Bag of Preparation","Dream Catcher","Mercury Hourglass","Toolbox","Philosopher\u0027s Stone","Anchor","Letter Opener","Pen Nib","Bottled Lightning"],"card_choices":[{"not_picked":["Searing Blow","Dual Wield"],"picked":"True Grit"},{"not_picked":["Thunderclap","Infernal Blade"],"picked":"Havoc"},{"not_picked":["Clash","Clothesline"],"picked":"Exhume"},{"not_picked":["Dual Wield","Rage"],"picked":"True Grit"},{"not_picked":["Thunderclap","Flex"],"picked":"Second Wind"},{"not_picked":["Twin Strike","Clothesline"],"picked":"Armaments"},{"not_picked":["Power Through","Cleave"],"picked":"Burning Pact"},{"not_picked":["Wild Strike","Thunderclap"],"picked":"Shrug It Off"},{"not_picked":["Brutality","Impervious"],"picked":"Offering"},{"not_picked":["Iron Wave","Battle Trance"],"picked":"Armaments"},{"not_picked":["Demon Form","Impervious"],"picked":"Offering"},{"not_picked":["Fire Breathing","Anger"],"picked":"Body Slam"},{"not_picked":["Shrug It Off","Hemokinesis"],"picked":"Seeing Red"},{"not_picked":["Exhume","Demon Form"],"picked":"Fiend Fire"},{"not_picked":["Wild Strike","Body Slam"],"picked":"Second Wind"},{"not_picked":["Heavy Blade","Rage"],"picked":"Limit Break"},{"not_picked":["Clothesline","Headbutt"],"picked":"Thunderclap"},{"not_picked":["Havoc","Headbutt"],"picked":"Fiend Fire"},{"not_picked":["Pommel Strike","Sever Soul"],"picked":"True Grit"}],"player_experience":320184,"potions_floor_usage":[29,45,50,50,50],"damage_taken":[{"damage":7.0,"enemies":"Small Slimes","floor":1.0,"turns":4.0},{"damage":15.0,"enemies":"Cultist","floor":2.0,"turns":6.0},{"damage":0.0,"enemies":"2 Louse","floor":4.0,"turns":4.0},{"damage":14.0,"enemies":"Lagavulin","floor":7.0,"turns":5.0},{"damage":4.0,"enemies":"Blue Slaver","floor":8.0,"turns":3.0},{"damage":4.0,"enemies":"3 Louse","floor":10.0,"turns":4.0},{"damage":23.0,"enemies":"3 Sentries","floor":11.0,"turns":6.0},{"damage":0.0,"enemies":"Looter","floor":13.0,"turns":3.0},{"damage":16.0,"enemies":"Large Slime","floor":14.0,"turns":5.0},{"damage":51.0,"enemies":"The Guardian","floor":16.0,"turns":6.0},{"damage":18,"enemies":"Spheric Guardian","floor":18,"turns":5},{"damage":12,"enemies":"Shell Parasite","floor":22,"turns":4},{"damage":22,"enemies":"Book of Stabbing","floor":23,"turns":6},{"damage":17,"enemies":"Slavers","floor":27,"turns":2},{"damage":19,"enemies":"Snecko","floor":29,"turns":3},{"damage":13,"enemies":"Cultist and Chosen","floor":31,"turns":4},{"damage":13,"enemies":"Champ","floor":33,"turns":3},{"damage":12,"enemies":"3 Shapes","floor":35,"turns":4},{"damage":11,"enemies":"Orb Walker","floor":36,"turns":1},{"damage":4,"enemies":"Sphere and 2 Shapes","floor":37,"turns":3},{"damage":16,"enemies":"Maw","floor":41,"turns":2},{"damage":12,"enemies":"2 Orb Walkers","floor":42,"turns":3},{"damage":44,"enemies":"Nemesis","floor":44,"turns":5},{"damage":5,"enemies":"3 Darklings","floor":45,"turns":2},{"damage":4,"enemies":"Sphere and 2 Shapes","floor":48,"turns":1},{"damage":51,"enemies":"Awakened One","floor":50,"turns":6}],"event_choices":[{"event_name":"Wheel of Change","player_choice":"Card Removal","floor":3.0,"damage_taken":0.0},{"event_name":"Shining Light","player_choice":"Entered Light","floor":5.0,"damage_taken":0.0},{"event_name":"Liars Game","player_choice":"agreed","floor":12.0,"damage_taken":0.0},{"event_name":"Beggar","player_choice":"Gave Gold","floor":19,"damage_taken":0},{"event_name":"Vampires","player_choice":"Ignored","floor":20,"damage_taken":0},{"event_name":"N\u0027loth","player_choice":"Traded a Bag of Marbles","floor":21,"damage_taken":0},{"event_name":"Forgotten Altar","player_choice":"Shed Blood","floor":25,"damage_taken":0},{"event_name":"Accursed Blacksmith","player_choice":"Forge","floor":28,"damage_taken":0},{"event_name":"Mysterious Sphere","player_choice":"Ignore","floor":47,"damage_taken":0}],"boss_relics":[{"not_picked":["Runic Cube","Snecko Eye"],"picked":"Mark of Pain"},{"not_picked":["White Beast Statue","Lizard Tail"],"picked":"Philosopher\u0027s Stone"}],"potions_floor_spawned":[4,7,8,10,14,23,33,41,44,48],"seed_played":"-5411880653038981148","ascension_level":0,"is_trial":false}