{"path_per_floor":["M","?","M","M","?","E","M","R","T","$","R","M","?","?","R","B",null,"M","?","?","$","M","E","M","R","T","?","M","M","M","?","R","B",null,"M","$","?","?","M","E","M","R","T","M","$","R","$","T","R","B"],"character_chosen":"IRONCLAD","items_purchased":["Rampage","Frozen Egg 2","Pen Nib","Exhume"],"gold_per_floor":[117,117,133,148,148,180,195,195,195,120,120,130,130,130,130,231,231,246,171,171,96,115,145,163,163,190,290,303,314,332,332,332,435,435,452,96,96,96,112,145,163,163,234,247,27,27,27,27,27,27],"floor_reached":51,"campfire_rested":1,"playtime":1323,"current_hp_per_floor":[80,80,80,80,80,75,77,77,77,77,77,76,76,76,76,52,80,78,78,78,78,76,72,70,70,70,70,68,61,56,38,66,64,95,92,92,92,92,90,88,70,70,70,68,68,68,68,68,68,20],"items_purged":["Strike_R","Strike_R"],"gold":27,"score":795,"play_id":"6cedcf07-cdf1-479f-92e9-8ffa011e4f34","local_time":"20180313150909","is_prod":false,"is_daily":false,"is_ascension_mode":false,"campfire_upgraded":7,"timestamp":1520946549,"path_taken":["M","?","?","M","?","E","M","R","T","$","R","?","?","?","R","BOSS","M","?","?","$","M","E","?","R","T","?","M","M","M","?","R","BOSS","M","$","?","?","?","E","M","R","T","M","$","R","?","?","R","BOSS"],"build_version":"2018-03-09","purchased_purges":2,"victory":true,"master_deck":["Defend_R","Defend_R","Defend_R","Defend_R","Corruption+1","Pommel Strike+1","Armaments+1","Offering+1","Rampage+1","Offering","Ghostly Armor","Pommel Strike+1","Flame Barrier","Sentinel+1","Shrug It Off","Corruption+1","Exhume+1"],"max_hp_per_floor":[80,80,80,80,80,80,80,80,80,80,80,80,80,80,80,80,80,80,80,80,80,80,90,90,90,90,90,90,90,90,95,95,95,95,95,95,95,95,95,95,95,95,95,95,95,95,95,95,95,95],"relics":["Burning Blood","NeowsBlessing","Orichalcum","Ginger","Philosopher\u0027s Stone","Pear","Happy Flower","Sozu","Frozen Egg 2","Omamori","Bottled Flame","Pen Nib","Centennial Puzzle"],"card_choices":[{"not_picked":["Sentinel","Warcry"],"picked":"Corruption"},{"not_picked":["Armaments","Warcry"],"picked":"Pommel Strike"},{"not_picked":["Clash","Dropkick"],"picked":"Armaments"},{"not_picked":["Iron Wave","Heavy Blade"],"picked":"Offering"},{"not_picked":["Barricade","Immolate"],"picked":"Offering"},{"not_picked":["Power Through","Twin Strike"],"picked":"Ghostly Armor"},{"not_picked":["Twin Strike","Perfected Strike"],"picked":"Pommel Strike"},{"not_picked":["Heavy Blade","Combust"],"picked":"Flame Barrier"},{"not_picked":["Warcry","Double Tap"],"picked":"Sentinel"},{"not_picked":["True Grit","Sever Soul"],"picked":"Shrug It Off"}],"player_experience":315899,"potions_floor_usage":[6,12,16,22,23,50,50,50],"damage_taken":[{"damage":0,"enemies":"2 Louse","floor":1,"turns":1},{"damage":0,"enemies":"Small Slimes","floor":3,"turns":1},{"damage":0,"enemies":"Cultist","floor":4,"turns":1},{"damage":11,"enemies":"3 Sentries","floor":6,"turns":6},{"damage":4,"enemies":"Looter","floor":7,"turns":3},{"damage":7,"enemies":"Lots of Slimes","floor":12,"turns":3},{"damage":33,"enemies":"Hexaghost","floor":16,"turns":6},{"damage":8,"enemies":"Spheric Guardian","floor":18,"turns":3},{"damage":8,"enemies":"3 Byrds","floor":22,"turns":3},{"damage":20,"enemies":"Slavers","floor":23,"turns":5},{"damage":8,"enemies":"Cultist and Chosen","floor":24,"turns":3},{"damage":8,"enemies":"Centurion and Healer","floor":28,"turns":3},{"damage":13,"enemies":"Snake Plant","floor":29,"turns":3},{"damage":11,"enemies":"Slaver and Parasite","floor":30,"turns":3},{"damage":8,"enemies":"Champ","floor":33,"turns":4},{"damage":9,"enemies":"3 Shapes","floor":35,"turns":4},{"damage":8,"enemies":"Orb Walker","floor":39,"turns":2},{"damage":8,"enemies":"Giant Head","floor":40,"turns":2},{"damage":24,"enemies":"4 Shapes","floor":41,"turns":3},{"damage":8,"enemies":"Sphere and 2 Shapes","floor":44,"turns":3},{"damage":54,"enemies":"Time Eater","floor":50,"turns":4}],"event_choices":[{"event_name":"Living Wall","player_choice":"Grow","floor":2,"damage_taken":0},{"event_name":"Wheel of Change","player_choice":"Full Heal","floor":5,"damage_taken":0},{"event_name":"Bonfire Elementals","player_choice":"BASIC","floor":13,"damage_taken":0},{"event_name":"The Lab","player_choice":"Got Potions","floor":14,"damage_taken":0},{"event_name":"Beggar","player_choice":"Gave Gold","floor":19,"damage_taken":0},{"event_name":"Back to Basics","player_choice":"Elegance","floor":20,"damage_taken":0},{"event_name":"Golden Shrine","player_choice":"Pray","floor":27,"damage_taken":0},{"event_name":"Forgotten Altar","player_choice":"Shed Blood","floor":31,"damage_taken":0},{"event_name":"The Woman in Blue","player_choice":"Bought 0 Potions","floor":37,"damage_taken":0},{"event_name":"Transmorgrifier","player_choice":"Transform","floor":38,"damage_taken":0}],"boss_relics":[{"not_picked":["Velvet Choker","Runic Pyramid"],"picked":"Philosopher\u0027s Stone"},{"not_picked":["Runic Cube","Mark of Pain"],"picked":"Sozu"}],"potions_floor_spawned":[1,3,12,18,22,29,30,35,44],"seed_played":"-3153342035253078714","ascension_level":0,"is_trial":false}