{"path_per_floor":["M","M","M","?","?","R","E","$","T","M","$","M","R","M","R","B",null,"M","?","M","$","?","R","M","$","T","?","M","M","$","M","R","B",null,"M","?","?","?","M","E","?","R","T","?","$","M","R","M","R","B"],"character_chosen":"IRONCLAD","items_purchased":["Centennial Puzzle","Bag of Marbles","Orichalcum","Havoc","Intimidate","Madness","Block Potion","Block Potion","Dexterity Potion","Secret Weapon","Rupture","Singing Bowl","Ginger","Frozen Eye","Exhume","Transmutation","Energy Potion","Metallicize","Ornamental Fan","Blood Vial","Ancient Tea Set","Havoc","Kunai","Shuriken","Toy Ornithopter","Apotheosis","Flame Barrier","Dexterity Potion","Deep Breath","Blue Candle","Shovel","Thread and Needle","Feel No Pain","Purity","Swift Potion","Toxic Egg 2","Pantograph","Bottled Tornado","Inflame","Exhume","Secret Technique","Armaments","Strength Potion"],"gold_per_floor":[100009,100023,100043,100043,100043,100043,100076,98777,98858,98872,97545,97561,97561,97572,97572,97670,97670,97685,97685,97705,96974,96974,96974,96994,95690,95714,95639,95651,95668,94432,94450,94450,94548,94548,94566,94566,94566,94566,94586,94615,94615,94615,94615,94665,93453,93464,93464,93482,93482,93482],"floor_reached":51,"campfire_rested":2,"playtime":2000,"current_hp_per_floor":[69,63,55,55,39,63,28,28,28,24,24,24,48,36,36,18,82,82,82,57,57,41,41,29,29,29,29,28,51,51,66,66,66,91,90,78,78,78,77,77,68,68,68,62,62,58,58,99,99,80],"items_purged":["Strike_R","Strike_R","Strike_R","Strike_R","Writhe"],"gold":93482,"score":579,"play_id":"5095b48e-95a5-4c5e-b508-37d68a6f313e","local_time":"20180307071923","is_prod":false,"is_daily":false,"is_ascension_mode":false,"campfire_upgraded":2,"timestamp":1520399963,"path_taken":["M","M","M","?","?","R","E","$","T","M","$","M","R","M","R","BOSS","M","?","M","$","?","R","M","$","T","?","M","M","$","M","R","BOSS","M","?","?","?","M","E","?","R","T","?","$","M","R","M","R","BOSS"],"build_version":"2018-03-01-PROD1","purchased_purges":6,"victory":true,"master_deck":["Corruption+1","Double Tap+1","Pommel Strike","Havoc","Intimidate","Madness","Secret Weapon","Rupture","Havoc","Exhume","Transmutation","Metallicize","Dropkick","Offering+1","Havoc","Burning Pact","Havoc","Apotheosis","Flame Barrier","Deep Breath","Feel No Pain","Purity","Seeing Red","Dark Embrace","Reckless Charge+1","Reaper+1","Demon Form+1","Madness","Madness","Offering","Warcry+1","Armaments+1","Inflame","Exhume+1","Secret Technique+1","Armaments+1"],"max_hp_per_floor":[80,80,80,80,80,80,80,80,80,80,80,82,82,82,82,82,82,82,82,82,82,82,82,84,84,84,84,89,91,91,91,91,91,91,93,93,93,93,93,95,95,95,95,95,95,97,97,99,99,99],"relics":["Lizard Tail","Dead Branch","Centennial Puzzle","Bag of Marbles","Orichalcum","Letter Opener","Singing Bowl","Ginger","Frozen Eye","Philosopher\u0027s Stone","Lantern","Ornamental Fan","Blood Vial","Ancient Tea Set","Enchiridion","Kunai","Shuriken","Toy Ornithopter","Anchor","Blue Candle","Shovel","Thread and Needle","Oddly Smooth Stone","Astrolabe","Bronze Scales","Meat on the Bone","Calipers","Gambling Chip","Toxic Egg 2","Pantograph","Bottled Tornado","Gremlin Horn","Charon\u0027s Ashes"],"card_choices":[{"not_picked":["True Grit","Perfected Strike"],"picked":"Corruption"},{"not_picked":["Cleave","Pommel Strike"],"picked":"Double Tap"},{"not_picked":["Sword Boomerang","Twin Strike"],"picked":"Pommel Strike"},{"not_picked":["Wild Strike","Sword Boomerang"],"picked":"Havoc"},{"not_picked":["Thunderclap","Iron Wave"],"picked":"Dropkick"},{"not_picked":["Impervious","Immolate"],"picked":"Offering"},{"not_picked":["Infernal Blade","Bloodletting"],"picked":"Havoc"},{"not_picked":["Clothesline","Battle Trance"],"picked":"Burning Pact"},{"not_picked":["Uppercut","Perfected Strike"],"picked":"Seeing Red"},{"not_picked":["Bludgeon","Juggernaut"],"picked":"Dark Embrace"},{"not_picked":["Twin Strike","Uppercut"],"picked":"Warcry"},{"not_picked":["Twin Strike","Perfected Strike"],"picked":"Armaments"}],"player_experience":278381,"potions_floor_usage":[7,12,16,24,31,33,50,50],"damage_taken":[{"damage":11,"enemies":"Jaw Worm","floor":1,"turns":2},{"damage":6,"enemies":"Cultist","floor":2,"turns":3},{"damage":8,"enemies":"Small Slimes","floor":3,"turns":3},{"damage":35,"enemies":"3 Sentries","floor":7,"turns":8},{"damage":4,"enemies":"Looter","floor":10,"turns":2},{"damage":6,"enemies":"2 Fungi Beasts","floor":12,"turns":2},{"damage":12,"enemies":"Large Slime","floor":14,"turns":3},{"damage":18,"enemies":"Hexaghost","floor":16,"turns":7},{"damage":0,"enemies":"2 Thieves","floor":18,"turns":1},{"damage":25,"enemies":"3 Byrds","floor":20,"turns":3},{"damage":16,"enemies":"Snake Plant","floor":24,"turns":3},{"damage":8,"enemies":"Slaver and Parasite","floor":28,"turns":1},{"damage":7,"enemies":"Cultist and Chosen","floor":29,"turns":1},{"damage":4,"enemies":"Snecko","floor":31,"turns":2},{"damage":5,"enemies":"Collector","floor":33,"turns":2},{"damage":6,"enemies":"3 Darklings","floor":35,"turns":1},{"damage":16,"enemies":"3 Shapes","floor":39,"turns":2},{"damage":4,"enemies":"2 Orb Walkers","floor":40,"turns":1},{"damage":8,"enemies":"Mysterious Sphere","floor":44,"turns":2},{"damage":8,"enemies":"3 Darklings","floor":46,"turns":1},{"damage":3,"enemies":"4 Shapes","floor":48,"turns":1},{"damage":23,"enemies":"Donu and Deca","floor":50,"turns":1}],"event_choices":[{"event_name":"Bonfire Elementals","player_choice":"BASIC","floor":4,"damage_taken":0},{"event_name":"Shining Light","player_choice":"Entered Light","floor":5,"damage_taken":0},{"event_name":"The Mausoleum","player_choice":"Yes","floor":19,"damage_taken":0},{"event_name":"Cursed Tome","player_choice":"Obtained Book","floor":22,"damage_taken":0},{"event_name":"Beggar","player_choice":"Gave Gold","floor":27,"damage_taken":0},{"event_name":"Winding Halls","player_choice":"Embrace Madness","floor":36,"damage_taken":0},{"event_name":"Match and Keep!","player_choice":"1 cards matched","floor":37,"damage_taken":0},{"event_name":"Wheel of Change","player_choice":"Damage","floor":41,"damage_taken":0},{"event_name":"Mysterious Sphere","player_choice":"Fight","floor":44,"damage_taken":0}],"boss_relics":[{"not_picked":["Velvet Choker","Calling Bell"],"picked":"Philosopher\u0027s Stone"},{"not_picked":["Orrery","Question Card"],"picked":"Astrolabe"}],"potions_floor_spawned":[2,10,12,16,18,20,40,44,46],"seed_played":"8570953602363890212","ascension_level":0,"is_trial":false}