{"path_per_floor":["M","?","$","M","?","E","?","E","T","R","?","M","R","M","R","B",null,"M","$","$","M","M","R","E","R","T","?","M","R","E","T","R","B",null,"M","?","?","M","$","R","M","R","T","$","R","M","T","E","R"],"character_chosen":"IRONCLAD","items_purchased":["Whirlwind","Flex","Limit Break","Meat on the Bone"],"gold_per_floor":[119,119,16,35,35,61,61,96,96,96,96,115,115,132,132,233,233,245,23,23,35,50,50,84,84,84,84,104,104,159,159,159,258,258,278,278,328,343,0,0,10,10,10,10,10,23,95,122,122],"floor_reached":50,"campfire_rested":5,"playtime":1106,"current_hp_per_floor":[79,79,79,80,80,50,47,28,28,28,21,23,23,27,51,23,80,80,80,80,74,79,79,63,63,63,63,74,74,56,56,81,61,84,66,66,27,39,39,64,81,86,86,86,86,65,65,61,90],"items_purged":["Defend_R","Strike_R"],"gold":122,"score":539,"play_id":"0af8e483-b928-4758-94d2-221753eca0a1","local_time":"20180312101025","is_prod":false,"is_daily":false,"is_ascension_mode":false,"campfire_upgraded":6,"timestamp":1520842225,"path_taken":["M","?","$","?","?","E","?","E","T","R","?","?","R","?","R","BOSS","M","?","$","M","?","R","E","R","T","?","?","R","E","?","R","BOSS","M","?","?","M","?","R","M","R","T","$","R","M","?","E","R","BOSS"],"build_version":"2018-03-09","purchased_purges":2,"victory":false,"master_deck":["Strike_R","Strike_R","Strike_R+1","Strike_R","Defend_R","Whirlwind+1","Flex+1","Inflame+1","Rupture+1","Seeing Red+1","Brutality+1","Offering+1","Limit Break+1","Inflame+1","Double Tap+1","Flex+1","Seeing Red+1","Bloodletting+1"],"max_hp_per_floor":[80,80,80,80,80,80,80,80,80,80,80,80,80,80,80,80,80,80,80,80,80,80,80,80,80,80,80,82,82,84,84,84,84,84,84,84,84,86,86,86,86,86,86,86,86,88,88,90,90],"relics":["Black Blood","Happy Flower","Champion Belt","Toxic Egg 2","Bird Faced Urn","Ice Cream","Philosopher\u0027s Stone","Frozen Eye","Bronze Scales","Singing Bowl","Tiny Chest","Charon\u0027s Ashes","Red Skull","Meat on the Bone","Du-Vu Doll","Blue Candle","Regal Pillow"],"card_choices":[{"not_picked":["Barricade","Havoc"],"picked":"Inflame"},{"not_picked":["Intimidate","Fiend Fire"],"picked":"Rupture"},{"not_picked":["Infernal Blade","Iron Wave"],"picked":"Seeing Red"},{"not_picked":["Shrug It Off","Body Slam"],"picked":"Brutality"},{"not_picked":["Double Tap","Immolate"],"picked":"Offering"},{"not_picked":["Blood for Blood","Sword Boomerang"],"picked":"Inflame"},{"not_picked":["Bludgeon","Berserk"],"picked":"Double Tap"},{"not_picked":["True Grit","Searing Blow"],"picked":"Flex"},{"not_picked":["Havoc","Feel No Pain"],"picked":"Seeing Red"},{"not_picked":["Double Tap","Body Slam"],"picked":"Bloodletting"}],"player_experience":309295,"potions_floor_usage":[6,22,24,24,46,48,50,50],"damage_taken":[{"damage":7,"enemies":"Small Slimes","floor":1,"turns":5},{"damage":5,"enemies":"2 Louse","floor":4,"turns":2},{"damage":36,"enemies":"Lagavulin","floor":6,"turns":5},{"damage":25,"enemies":"3 Sentries","floor":8,"turns":6},{"damage":6,"enemies":"Cultist","floor":12,"turns":3},{"damage":6,"enemies":"Large Slime","floor":14,"turns":4},{"damage":40,"enemies":"The Guardian","floor":16,"turns":5},{"damage":11,"enemies":"3 Byrds","floor":18,"turns":3},{"damage":12,"enemies":"2 Thieves","floor":21,"turns":2},{"damage":5,"enemies":"Chosen and Byrds","floor":22,"turns":2},{"damage":26,"enemies":"Slavers","floor":24,"turns":2},{"damage":1,"enemies":"Cultist and Chosen","floor":28,"turns":2},{"damage":34,"enemies":"Book of Stabbing","floor":30,"turns":3},{"damage":30,"enemies":"Automaton","floor":33,"turns":4},{"damage":32,"enemies":"3 Darklings","floor":35,"turns":3},{"damage":57,"enemies":"Mysterious Sphere","floor":37,"turns":4},{"damage":4,"enemies":"Orb Walker","floor":38,"turns":1},{"damage":1,"enemies":"3 Darklings","floor":41,"turns":2},{"damage":39,"enemies":"Maw","floor":46,"turns":4},{"damage":32,"enemies":"2 Orb Walkers","floor":48,"turns":2},{"damage":119,"enemies":"Awakened One","floor":50,"turns":4}],"event_choices":[{"event_name":"Living Wall","player_choice":"Forget","floor":2,"damage_taken":0},{"event_name":"The Cleric","player_choice":"Leave","floor":5,"damage_taken":0},{"event_name":"Scrap Ooze","player_choice":"success","floor":7,"damage_taken":3},{"event_name":"Golden Wing","player_choice":"Card Removal","floor":11,"damage_taken":0},{"event_name":"The Mausoleum","player_choice":"Yes","floor":27,"damage_taken":0},{"event_name":"Mysterious Sphere","player_choice":"Fight","floor":37,"damage_taken":0}],"boss_relics":[{"not_picked":["Black Star","Question Card"],"picked":"Philosopher\u0027s Stone"},{"not_picked":["Tiny House","Runic Pyramid"],"picked":"Black Blood"}],"potions_floor_spawned":[4,14,16,21,28,38,41,46],"seed_played":"-6616337562228695706","killed_by":"Awakened One","ascension_level":0,"is_trial":false}