{"path_per_floor":["M","$","M","M","M","R","E","R","T","E","$","R","T","M","R","B",null,"M","M","M","$","?","M","M","?","T","?","$","M","$","M"],"character_chosen":"IRONCLAD","items_purchased":["Regen Potion","Energy Potion","Demon Form","Exhume","Flex","Paper Frog","Pantograph","Frozen Eye","Panache","Heavy Blade","Bag of Marbles","Blue Candle","War Paint","Strength Potion","Ancient Potion","Happy Flower","Torii","Lantern","Dodecahedron","Whetstone","Mercury Hourglass","Omamori","Unceasing Top","Pear","Peace Pipe","Dream Catcher","Mango","Champion Belt","Calipers","Oddly Smooth Stone","Gremlin Horn","Cauldron","Gambling Chip","Limit Break","Metallicize","Metallicize","Corruption","Feel No Pain","Inflame","Inflame","Rupture","Feel No Pain","Metallicize","Fire Breathing","Demon Form","Second Wind","Entrench","Rage","True Grit","Intimidate","Havoc","Havoc","Warcry","Infernal Blade","Dual Wield","Warcry","Warcry","Shrug It Off","True Grit","Havoc","Havoc","Rage","True Grit","Warcry","Intimidate","True Grit","Spot Weakness","Ghostly Armor","True Grit","Bird Faced Urn","Bottled Lightning","Red Skull","Molten Egg 2","Ancient Tea Set","Frozen Egg 2","Bag of Preparation","Singing Bowl","Centennial Puzzle","Anchor","Toolbox","Strawberry","Mummified Hand","Blood Vial","Ornamental Fan","Orichalcum","Bottled Tornado","Regal Pillow","Juzu Bracelet","Bronze Scales","Shuriken","Letter Opener","Thread and Needle","Meat on the Bone","Magic Flower","Membership Card","Darkstone Periapt","Toxic Egg 2","Pen Nib","Vajra","Prayer Wheel","Kunai","Charon\u0027s Ashes","Bottled Flame","Dead Branch","Ginger","Du-Vu Doll","Sundial","Medical Kit","Ice Cream","Girya","Shovel","Armaments","True Grit","Rage","Ghostly Armor","Flame Barrier","Armaments","Shrug It Off","Rage","Bloodletting","Infernal Blade","Ghostly Armor","Sentinel","True Grit","Burning Pact","Havoc","True Grit","Armaments","Shrug It Off","True Grit","Exhume","Burning Pact","Shockwave","Warcry","Impervious","Second Wind","Sentinel","Armaments","Burning Pact","Armaments","Flex","Infernal Blade","Armaments","Flex","Seeing Red","Sentinel","Armaments","Shrug It Off","Armaments","Flame Barrier","Flex","Flex","Havoc","Shrug It Off","Offering","Armaments","Second Wind","Warcry","Havoc","Havoc","Dual Wield","Infernal Blade","Ghostly Armor","Burning Pact","Burning Pact","Warcry","Limit Break","Battle Trance","Flex","Offering","Warcry","Armaments","Spot Weakness","Havoc","Intimidate","Disarm","Second Wind","Havoc","Warcry","Warcry","Disarm","Rupture","Rupture","Evolve","Corruption","Corruption","Corruption","Corruption","True Grit","Dual Wield","Second Wind","Rage","Flame Barrier","Dual Wield","Corruption","Rupture","Fire Breathing","Demon Form","Rupture","Inflame","Evolve","Corruption","Evolve","Feel No Pain","Evolve","Inflame","Corruption","Inflame","Rupture","Fire Breathing","Fire Breathing","Evolve","Fire Breathing","Demon Form","Inflame","Combust","Rupture","Rupture","Metallicize","Corruption","Combust","Corruption","Fire Breathing","Rupture","Feel No Pain","Evolve","Rupture","Rupture","Inflame","Inflame","Metallicize","Evolve","Fire Breathing","Inflame","Feel No Pain","Corruption","Feel No Pain","Corruption","Metallicize","Combust","Rupture","Evolve","Combust","Brutality","Evolve","Evolve","Rupture","Metallicize","Feel No Pain","Combust","Metallicize","Metallicize","Combust","Corruption","Feel No Pain","Rupture","Rupture","Fire Breathing","Inflame","Fire Breathing","Dropkick","Anger","Rampage","Sever Soul","Fiend Fire","Iron Wave","Heavy Blade","Reckless Charge","Cleave","Pummel","Clothesline","Immolate","Clothesline","Body Slam","Rampage","Hemokinesis","Uppercut","Rampage","Pummel","Pommel Strike","Headbutt","Reckless Charge","Whirlwind","Rampage","True Grit","Infernal Blade","Warcry","Flex","True Grit","Spot Weakness","Armaments","True Grit","Intimidate","Combust","Corruption","Feel No Pain","Metallicize","Secret Weapon","Dramatic Entrance","Master of Strategy","Panache","Purity","Thinking Ahead","Dark Shackles","Dramatic Entrance","Dramatic Entrance","Purity","Panache","Master of Strategy","Flash of Steel","Blind","Madness","Dramatic Entrance","Secret Weapon","Trip","Panacea","Finesse","Purity","Trip","Swift Strike","Master of Strategy","Deep Breath","Master of Strategy","Blind","Deep Breath","Panacea","Secret Weapon","Purity","Corruption","Evolve","Metallicize","Feel No Pain","Rupture","Inflame","Rupture","Juggernaut","Inflame","Rupture","Metallicize","Combust","Berserk","Fire Breathing","Corruption","Combust","Feel No Pain","Combust"],"gold_per_floor":[100013,98582,98597,98611,98627,98627,98654,98654,98728,98790,97996,97996,98022,98039,98039,98143,98143,98163,98177,98197,80855,80755,80770,80790,80715,80715,80715,71803,71817,70504,70516],"floor_reached":32,"campfire_rested":2,"playtime":943,"current_hp_per_floor":[80,80,71,58,53,53,27,51,51,46,46,46,46,42,66,43,80,48,24,11,42,42,79,97,97,99,99,99,115,115,117],"items_purged":["Strike_R","Defend_R","Strike_R","Defend_R","Strike_R"],"gold":70516,"score":381,"play_id":"c7770f83-97bc-4206-b857-d1b73800ce28","local_time":"20180307093400","is_prod":false,"is_daily":false,"is_ascension_mode":false,"campfire_upgraded":2,"timestamp":1520408040,"path_taken":["M","$","M","M","M","R","E","R","T","E","$","R","?","M","R","BOSS","M","M","M","$","?","M","M","R","T","?","$","M","$","M","R"],"build_version":"2018-03-01-PROD1","purchased_purges":6,"victory":false,"master_deck":["Strike_R+1","Defend_R+1","Defend_R+1","Bash+1","Flex","Demon Form+1","Exhume","Flex+1","Panache","Demon Form+1","Heavy Blade+1","Pommel Strike","Heavy Blade","Limit Break","Rupture+1","Limit Break","Metallicize","Metallicize","Corruption","Feel No Pain","Inflame","Inflame","Rupture","Feel No Pain","Metallicize","Fire Breathing","Demon Form","Second Wind","Entrench","Rage","True Grit","Intimidate","Havoc","Havoc","Warcry","Infernal Blade","Dual Wield","Warcry","Warcry","Shrug It Off","True Grit","Havoc","Havoc","Rage","True Grit","Warcry","Intimidate","True Grit","Spot Weakness","Ghostly Armor","True Grit","Armaments+1","True Grit+1","Rage+1","Ghostly Armor+1","Flame Barrier+1","Armaments+1","Shrug It Off+1","Rage+1","Bloodletting+1","Infernal Blade+1","Ghostly Armor+1","Sentinel+1","True Grit+1","Burning Pact+1","Havoc+1","True Grit+1","Armaments+1","Shrug It Off+1","True Grit+1","Exhume+1","Burning Pact+1","Shockwave+1","Warcry+1","Impervious+1","Second Wind+1","Sentinel+1","Armaments+1","Burning Pact+1","Armaments+1","Flex+1","Infernal Blade+1","Armaments+1","Flex+1","Seeing Red+1","Sentinel+1","Armaments+1","Shrug It Off+1","Armaments+1","Flame Barrier+1","Flex+1","Flex+1","Havoc+1","Shrug It Off+1","Offering+1","Armaments+1","Second Wind+1","Warcry+1","Havoc+1","Havoc+1","Dual Wield+1","Infernal Blade+1","Ghostly Armor+1","Burning Pact+1","Burning Pact+1","Warcry+1","Limit Break+1","Battle Trance+1","Flex+1","Offering+1","Warcry+1","Armaments+1","Spot Weakness+1","Havoc+1","Intimidate+1","Disarm+1","Second Wind+1","Havoc+1","Warcry+1","Warcry+1","Disarm+1","Rupture+1","Rupture+1","Evolve+1","Corruption+1","Corruption+1","Corruption+1","Corruption+1","True Grit+1","Dual Wield+1","Second Wind+1","Rage+1","Flame Barrier+1","Dual Wield+1","Corruption+1","Rupture+1","Fire Breathing+1","Demon Form+1","Rupture+1","Inflame+1","J.A.X.+1","Bloodletting+1","Evolve+1","Corruption+1","Evolve+1","Feel No Pain+1","Evolve+1","Inflame+1","Corruption+1","Inflame+1","Rupture+1","Fire Breathing+1","Fire Breathing+1","Evolve+1","Fire Breathing+1","Demon Form+1","Inflame+1","Combust+1","Rupture+1","Rupture+1","Metallicize+1","Corruption+1","Combust+1","Corruption+1","Fire Breathing+1","Rupture+1","Feel No Pain+1","Evolve+1","Rupture+1","Rupture+1","Inflame+1","Inflame+1","Metallicize+1","Evolve+1","Fire Breathing+1","Inflame+1","Feel No Pain+1","Corruption+1","Feel No Pain+1","Corruption+1","Metallicize+1","Combust+1","Rupture+1","Evolve+1","Combust+1","Brutality+1","Evolve+1","Evolve+1","Rupture+1","Metallicize+1","Feel No Pain+1","Combust+1","Metallicize+1","Metallicize+1","Combust+1","Corruption+1","Feel No Pain+1","Rupture+1","Rupture+1","Fire Breathing+1","Inflame+1","Fire Breathing+1","Dropkick+1","Anger+1","Rampage+1","Sever Soul+1","Fiend Fire+1","Iron Wave+1","Heavy Blade+1","Reckless Charge+1","Cleave+1","Pummel+1","Clothesline+1","Immolate+1","Clothesline+1","Body Slam+1","Rampage+1","Hemokinesis+1","Uppercut+1","Rampage+1","Pummel+1","Pommel Strike+1","Headbutt+1","Reckless Charge+1","Whirlwind+1","Rampage+1","True Grit+1","Infernal Blade+1","Warcry+1","Flex+1","True Grit+1","Spot Weakness+1","Armaments+1","True Grit+1","Intimidate+1","Combust+1","Corruption+1","Feel No Pain+1","Metallicize+1","Secret Weapon+1","Dramatic Entrance+1","Master of Strategy+1","Panache+1","Purity+1","Thinking Ahead+1","Dark Shackles+1","Dramatic Entrance+1","Dramatic Entrance+1","Purity+1","Panache+1","Master of Strategy+1","Flash of Steel+1","Blind+1","Madness+1","Dramatic Entrance+1","Secret Weapon+1","Trip+1","Panacea+1","Finesse+1","Purity+1","Trip+1","Swift Strike+1","Master of Strategy+1","Deep Breath+1","Master of Strategy+1","Blind+1","Deep Breath+1","Panacea+1","Secret Weapon+1","Purity+1","Inflame+1","Corruption+1","Evolve+1","Metallicize+1","Feel No Pain+1","Rupture+1","Inflame+1","Rupture+1","Juggernaut+1","Inflame+1","Rupture+1","Metallicize+1","Combust+1","Berserk+1","Fire Breathing+1","Corruption+1","Combust+1","Feel No Pain+1","Combust+1"],"max_hp_per_floor":[80,80,80,80,80,80,80,80,80,80,80,80,80,80,80,80,80,80,80,80,111,111,113,113,113,115,115,115,115,115,117],"relics":["Burning Blood","Paper Frog","Pantograph","Frozen Eye","Self Forming Clay","Matryoshka","Tiny Chest","Bag of Marbles","Blue Candle","War Paint","The Courier","Art of War","Sozu","Happy Flower","Torii","Lantern","Dodecahedron","Whetstone","Mercury Hourglass","Omamori","Unceasing Top","Pear","Peace Pipe","Dream Catcher","Mango","Champion Belt","Calipers","Oddly Smooth Stone","Gremlin Horn","Cauldron","Gambling Chip","Bird Faced Urn","Bottled Lightning","Red Skull","Molten Egg 2","Ancient Tea Set","Frozen Egg 2","Bag of Preparation","Singing Bowl","Centennial Puzzle","Anchor","Toolbox","Strawberry","Mummified Hand","Blood Vial","Ornamental Fan","Orichalcum","Bottled Tornado","Regal Pillow","Juzu Bracelet","Bronze Scales","Shuriken","Letter Opener","Thread and Needle","Meat on the Bone","Magic Flower","Membership Card","Darkstone Periapt","Toxic Egg 2","Pen Nib","Vajra","Prayer Wheel","Kunai","Charon\u0027s Ashes","Bottled Flame","Dead Branch","Ginger","Du-Vu Doll","Sundial","Medical Kit","Ice Cream","Girya","Shovel","Circlet","Circlet"],"card_choices":[{"not_picked":["Combust","Twin Strike"],"picked":"Flex"},{"not_picked":["Warcry","Sword Boomerang"],"picked":"Demon Form"},{"not_picked":["Twin Strike","Headbutt"],"picked":"Heavy Blade"},{"not_picked":["Fire Breathing","Rage"],"picked":"Pommel Strike"},{"not_picked":["Impervious","Demon Form"],"picked":"Limit Break"},{"not_picked":["Entrench","Warcry"],"picked":"Rupture"},{"not_picked":["Intimidate","Havoc"],"picked":"Bloodletting"},{"not_picked":["Clash","Iron Wave"],"picked":"Inflame"}],"player_experience":287173,"potions_floor_usage":[],"damage_taken":[{"damage":0.0,"enemies":"Cultist","floor":1.0,"turns":2.0},{"damage":15.0,"enemies":"2 Louse","floor":3.0,"turns":4.0},{"damage":19.0,"enemies":"Small Slimes","floor":4.0,"turns":4.0},{"damage":11.0,"enemies":"3 Louse","floor":5.0,"turns":5.0},{"damage":32.0,"enemies":"3 Sentries","floor":7.0,"turns":5.0},{"damage":17.0,"enemies":"Gremlin Nob","floor":10.0,"turns":4.0},{"damage":10.0,"enemies":"Looter","floor":14.0,"turns":3.0},{"damage":43.0,"enemies":"Slime Boss","floor":16.0,"turns":6.0},{"damage":38.0,"enemies":"3 Byrds","floor":18.0,"turns":5.0},{"damage":30.0,"enemies":"2 Thieves","floor":19.0,"turns":4.0},{"damage":19.0,"enemies":"Centurion and Healer","floor":20.0,"turns":5.0},{"damage":4.0,"enemies":"Cultist and Chosen","floor":23.0,"turns":1.0},{"damage":0.0,"enemies":"Snecko","floor":24.0,"turns":1.0},{"damage":0.0,"enemies":"Centurion and Healer","floor":29.0,"turns":1.0},{"damage":0.0,"enemies":"3 Cultists","floor":31.0,"turns":1.0}],"event_choices":[{"event_name":"Drug Dealer","player_choice":"Got JAXXED","floor":22.0,"damage_taken":0.0},{"event_name":"Beggar","player_choice":"Gave Gold","floor":25.0,"damage_taken":0.0},{"event_name":"Back to Basics","player_choice":"Simplicity","floor":27.0,"damage_taken":0.0}],"boss_relics":[],"potions_floor_spawned":[4,10,19,23,31],"seed_played":"7486528613628170981","ascension_level":0,"is_trial":false}