{"path_per_floor":["M","?","?","?","M","R","M","E","T","R","?","T","E","M","R","B",null,"M","?","?","?","?","R","M","R","T","M","M","?","E","$","R","B",null,"M","M","?","$","?","?"],"character_chosen":"IRONCLAD","items_purchased":["Flex","Thunderclap"],"gold_per_floor":[119,119,119,194,212,212,230,258,258,258,278,278,309,320,320,419,419,419,344,259,259,209,209,194,194,194,194,194,194,194,46,46,46,46,46,46,0,0,0,0],"floor_reached":41,"campfire_rested":2,"playtime":910,"current_hp_per_floor":[74,74,74,63,58,58,58,38,52,52,32,32,16,11,39,30,94,84,84,84,84,84,84,74,74,74,76,58,42,44,44,72,16,94,62,33,33,33,33,8],"items_purged":["Defend_R"],"gold":0,"score":465,"play_id":"3a28f315-3c36-468f-9fb1-b2dd8d274edc","local_time":"20180313173053","is_prod":false,"is_daily":false,"is_ascension_mode":false,"campfire_upgraded":4,"timestamp":1520955053,"path_taken":["M","?","?","?","M","R","M","E","T","R","?","?","E","?","R","BOSS","M","?","?","?","?","R","M","R","T","M","M","?","E","?","R","BOSS","M","M","?","$","?","?","M"],"build_version":"2018-03-09","purchased_purges":1,"victory":false,"master_deck":["Strike_R","Strike_R","Strike_R","Strike_R","Strike_R","Bash+1","Seeing Red+1","Cleave","Spot Weakness+1","Spot Weakness","Whirlwind+1","Flex+1","Thunderclap","Berserk","Injury","Parasite","Doubt"],"max_hp_per_floor":[80,80,80,80,80,80,80,80,94,94,94,94,94,94,94,94,94,94,94,94,94,94,94,94,94,94,94,94,94,94,94,94,94,94,94,94,94,94,94,94],"relics":["Black Star","Mercury Hourglass","Shuriken","Mango","Odd Mushroom","Ancient Tea Set","Gremlin Horn","Kunai","Ectoplasm","Blue Candle","Blood Vial","Enchiridion","Oddly Smooth Stone","Dream Catcher","Calling Bell","Red Skull","Prayer Wheel","Orichalcum","Red Mask","Dead Branch"],"card_choices":[{"not_picked":["Clothesline","Rupture"],"picked":"Seeing Red"},{"not_picked":["Rupture","Sentinel"],"picked":"Cleave"},{"not_picked":["Immolate","Searing Blow"],"picked":"Spot Weakness"},{"not_picked":["Pommel Strike","Burning Pact"],"picked":"Spot Weakness"},{"not_picked":["Warcry","Seeing Red"],"picked":"Whirlwind"},{"not_picked":["Impervious","Brutality"],"picked":"Berserk"}],"player_experience":319274,"potions_floor_usage":[11,16,27,33,40,40],"damage_taken":[{"damage":6,"enemies":"Jaw Worm","floor":1,"turns":4},{"damage":5,"enemies":"2 Louse","floor":5,"turns":3},{"damage":0,"enemies":"Cultist","floor":7,"turns":3},{"damage":20,"enemies":"Gremlin Nob","floor":8,"turns":4},{"damage":20,"enemies":"The Mushroom Lair","floor":11,"turns":3},{"damage":16,"enemies":"3 Sentries","floor":13,"turns":5},{"damage":5,"enemies":"Gremlin Gang","floor":14,"turns":2},{"damage":9,"enemies":"Slime Boss","floor":16,"turns":4},{"damage":10,"enemies":"Shell Parasite","floor":18,"turns":2},{"damage":10,"enemies":"2 Thieves","floor":24,"turns":2},{"damage":0,"enemies":"Snake Plant","floor":27,"turns":2},{"damage":20,"enemies":"Snecko","floor":28,"turns":4},{"damage":0,"enemies":"Gremlin Leader","floor":30,"turns":3},{"damage":58,"enemies":"Champ","floor":33,"turns":7},{"damage":32,"enemies":"Orb Walker","floor":35,"turns":4},{"damage":31,"enemies":"3 Shapes","floor":36,"turns":2},{"damage":30,"enemies":"Mysterious Sphere","floor":40,"turns":2},{"damage":14,"enemies":"Sphere and 2 Shapes","floor":41,"turns":3}],"event_choices":[{"event_name":"Living Wall","player_choice":"Forget","floor":2,"damage_taken":0},{"event_name":"Match and Keep!","player_choice":"0 cards matched","floor":3,"damage_taken":0},{"event_name":"World of Goop","player_choice":"Gather Gold","floor":4,"damage_taken":0},{"event_name":"Mushrooms","player_choice":"Fought Mushrooms","floor":11,"damage_taken":0},{"event_name":"Beggar","player_choice":"Gave Gold","floor":19,"damage_taken":0},{"event_name":"Addict","player_choice":"Obtained Relic","floor":20,"damage_taken":0},{"event_name":"Back to Basics","player_choice":"Elegance","floor":21,"damage_taken":0},{"event_name":"The Joust","player_choice":"Bet on Murderer","floor":22,"damage_taken":0},{"event_name":"Cursed Tome","player_choice":"Obtained Book","floor":29,"damage_taken":0},{"event_name":"Tomb of Lord Red Mask","player_choice":"Paid","floor":37,"damage_taken":0},{"event_name":"Upgrade Shrine","player_choice":"Upgraded","floor":39,"damage_taken":0},{"event_name":"Mysterious Sphere","player_choice":"Fight","floor":40,"damage_taken":0}],"boss_relics":[{"not_picked":["Lizard Tail","Velvet Choker"],"picked":"Ectoplasm"},{"not_picked":["Orrery","Eternal Feather"],"picked":"Calling Bell"}],"potions_floor_spawned":[7,8,14,16,18,24,33,35,36],"seed_played":"4208579876298762894","killed_by":"Sphere and 2 Shapes","ascension_level":0,"is_trial":false}