{"path_per_floor":["M","?","?","?","M","R","$","M","T","?","$","T","E","M","R","B",null,"M","?","M","$","?","R","E","?","T","M","E","?","R","M","R","B",null,"M","M","?","M","M","E","R","?","T","$","T","R","M","M","R","B"],"character_chosen":"IRONCLAD","items_purchased":["Singing Bowl","Flex","Finesse","Ginger","Secret Technique"],"gold_per_floor":[109,184,184,184,194,194,38,54,54,54,28,28,54,69,69,170,170,181,81,94,2,2,2,29,29,29,39,72,72,72,88,88,183,183,193,207,207,222,241,266,266,613,613,43,43,43,59,76,76,76],"floor_reached":51,"campfire_rested":3,"playtime":1444,"current_hp_per_floor":[80,69,69,69,74,74,74,82,82,82,82,82,76,78,78,46,84,84,84,80,80,80,80,55,55,55,54,48,48,75,71,71,69,92,75,65,89,94,79,50,80,76,76,76,76,102,99,96,96,64],"items_purged":["Defend_R"],"gold":76,"score":614,"play_id":"34a6a9d5-a8b7-4002-8d3b-e6711c475480","local_time":"20180306100959","is_prod":false,"is_daily":false,"is_ascension_mode":false,"campfire_upgraded":4,"timestamp":1520323799,"path_taken":["M","?","?","?","?","R","$","M","T","?","$","?","E","M","R","BOSS","M","?","M","$","?","R","E","?","T","M","E","?","R","M","R","BOSS","M","M","?","M","?","E","R","?","T","$","?","R","M","M","R","BOSS"],"build_version":"2018-03-01-PROD1","purchased_purges":1,"victory":true,"master_deck":["Bash+1","Thunderclap+1","Flex+1","Uppercut+1","Flex+1","Armaments+1","Demon Form+1","Dropkick+1","Offering+1","Rupture+1","Flex+1","J.A.X.+1","Finesse+1","Bite","Bite","Bite","Bite","Rupture+1","Offering+1","Whirlwind+1","Secret Technique+1"],"max_hp_per_floor":[80,80,80,80,80,80,80,82,82,82,82,82,84,84,84,84,84,84,84,86,86,86,86,88,88,88,88,90,90,90,92,92,92,92,94,96,96,98,98,100,100,102,102,102,102,102,104,106,106,106],"relics":["Burning Blood","Omamori","Toxic Egg 2","Singing Bowl","Ornamental Fan","Champion Belt","Astrolabe","Charon\u0027s Ashes","Art of War","Oddly Smooth Stone","Blue Candle","Philosopher\u0027s Stone","Bag of Preparation","Old Coin","Peace Pipe","Ginger","Lantern"],"card_choices":[{"not_picked":["True Grit","Rage"],"picked":"Thunderclap"},{"not_picked":["Second Wind","Heavy Blade"],"picked":"Flex"},{"not_picked":["Fire Breathing","Uppercut"],"picked":"Armaments"},{"not_picked":["Double Tap","Berserk"],"picked":"Demon Form"},{"not_picked":["Clothesline","Fire Breathing"],"picked":"Flex"},{"not_picked":["Flame Barrier","Heavy Blade"],"picked":"Rupture"},{"not_picked":["Demon Form","Dark Embrace"],"picked":"Offering"},{"not_picked":["Infernal Blade","Sword Boomerang"],"picked":"Whirlwind"}],"player_experience":274733,"potions_floor_usage":[27,36,50,50],"damage_taken":[{"damage":0.0,"enemies":"Small Slimes","floor":1.0,"turns":3.0},{"damage":1.0,"enemies":"2 Louse","floor":5.0,"turns":3.0},{"damage":0.0,"enemies":"Cultist","floor":8.0,"turns":3.0},{"damage":14.0,"enemies":"3 Sentries","floor":13.0,"turns":4.0},{"damage":6.0,"enemies":"Blue Slaver","floor":14.0,"turns":3.0},{"damage":40.0,"enemies":"Hexaghost","floor":16.0,"turns":9.0},{"damage":4.0,"enemies":"Chosen","floor":18.0,"turns":3.0},{"damage":12.0,"enemies":"3 Byrds","floor":20.0,"turns":3.0},{"damage":39,"enemies":"Slavers","floor":24,"turns":4},{"damage":7,"enemies":"Snake Plant","floor":27,"turns":1},{"damage":22,"enemies":"Book of Stabbing","floor":28,"turns":2},{"damage":15,"enemies":"Centurion and Healer","floor":31,"turns":2},{"damage":35,"enemies":"Champ","floor":33,"turns":8},{"damage":28,"enemies":"3 Darklings","floor":35,"turns":2},{"damage":23,"enemies":"3 Shapes","floor":36,"turns":2},{"damage":20,"enemies":"Maw","floor":38,"turns":4},{"damage":29,"enemies":"3 Darklings","floor":39,"turns":3},{"damage":47,"enemies":"Nemesis","floor":40,"turns":3},{"damage":23,"enemies":"Mysterious Sphere","floor":42,"turns":3},{"damage":11,"enemies":"4 Shapes","floor":47,"turns":1},{"damage":11,"enemies":"Sphere and 2 Shapes","floor":48,"turns":1},{"damage":47,"enemies":"Awakened One","floor":50,"turns":5}],"event_choices":[{"event_name":"World of Goop","player_choice":"Gather Gold","floor":2.0,"damage_taken":0.0},{"event_name":"Upgrade Shrine","player_choice":"Upgraded","floor":3.0,"damage_taken":0.0},{"event_name":"Big Fish","player_choice":"Box","floor":4.0,"damage_taken":0.0},{"event_name":"Transmorgrifier","player_choice":"Transform","floor":10.0,"damage_taken":0.0},{"event_name":"Drug Dealer","player_choice":"Got JAXXED","floor":19.0,"damage_taken":0.0},{"event_name":"Vampires","player_choice":"Became a vampire (Vial)","floor":22.0,"damage_taken":0.0},{"event_name":"The Mausoleum","player_choice":"Yes","floor":25,"damage_taken":0},{"event_name":"Beggar","player_choice":"Ignored","floor":29,"damage_taken":0},{"event_name":"Winding Halls","player_choice":"Writhe","floor":37,"damage_taken":0},{"event_name":"Mysterious Sphere","player_choice":"Fight","floor":42,"damage_taken":0}],"boss_relics":[{"not_picked":["Runic Cube","Snecko Eye"],"picked":"Philosopher\u0027s Stone"}],"potions_floor_spawned":[13,14,24,27,28,35,36,47],"seed_played":"7350654846263950101","ascension_level":0,"is_trial":false}