{"path_per_floor":["M","M","?","?","M","M","$","T","T","?","R","M","$","M","R","B",null,"M","?","?","$","?","R","M","R","T","R","$","M","M","$","R","B",null,"M","?","M","$","M","E","?","?","T","R","M","M","$","M","R","B"],"character_chosen":"IRONCLAD","items_purchased":["Tiny Chest","Thunderclap","Meat on the Bone","Rupture","Energy Potion","Inflame","Red Skull","Rupture"],"gold_per_floor":[111,130,130,130,144,165,13,92,119,294,294,313,2,20,20,148,148,164,164,164,89,89,89,103,103,126,126,26,39,64,16,16,145,145,160,493,505,4,20,49,49,49,103,103,123,137,59,70,70,70],"floor_reached":51,"campfire_rested":1,"playtime":1109,"current_hp_per_floor":[80,74,54,54,56,54,54,54,54,54,54,60,60,56,56,41,80,77,77,77,77,77,77,66,66,73,73,73,72,74,74,74,54,87,59,59,57,57,62,52,52,52,52,79,90,90,90,90,90,52],"items_purged":["Writhe","Regret","Defend_R"],"gold":70,"score":717,"play_id":"18828446-2044-4785-83d5-8e7bb53924b6","local_time":"20180312145147","is_prod":false,"is_daily":false,"is_ascension_mode":false,"campfire_upgraded":7,"timestamp":1520859107,"path_taken":["M","M","?","?","?","M","?","?","T","?","R","?","$","M","R","BOSS","M","?","?","$","?","R","?","R","T","R","$","M","M","$","R","BOSS","M","?","M","$","?","E","?","?","T","R","M","M","$","M","R","BOSS"],"build_version":"2018-03-09","purchased_purges":4,"victory":true,"master_deck":["Strike_R","Strike_R","Strike_R","Strike_R","Strike_R","Defend_R","Defend_R","Bash","Brutality+1","Seeing Red+1","Bloodletting+1","Flex+1","Thunderclap","Twin Strike","Rupture+1","Sword Boomerang","Offering+1","Whirlwind+1","Feed","Reaper","Dual Wield+1","Inflame+1","Inflame+1","Rupture+1"],"max_hp_per_floor":[80,80,80,80,80,80,80,80,80,80,80,80,80,80,80,80,80,80,80,80,80,80,80,80,80,87,87,87,87,87,87,87,87,87,87,87,87,87,90,90,90,90,90,90,90,90,90,90,90,90],"relics":["Burning Blood","Bag of Preparation","Tiny Chest","Gremlin Horn","Anchor","Meat on the Bone","Runic Dome","Toolbox","Strawberry","Sozu","Red Skull","Pen Nib","Bag of Marbles","Bronze Scales"],"card_choices":[{"not_picked":["Perfected Strike","Sever Soul"],"picked":"Seeing Red"},{"not_picked":["Clothesline","Berserk"],"picked":"Bloodletting"},{"not_picked":["Iron Wave","Clash"],"picked":"Flex"},{"not_picked":["Anger","Thunderclap"],"picked":"Twin Strike"},{"not_picked":["Thunderclap","Body Slam"],"picked":"Sword Boomerang"},{"not_picked":["Bludgeon","Fiend Fire"],"picked":"Offering"},{"not_picked":["Headbutt","Clothesline"],"picked":"Whirlwind"},{"not_picked":["Barricade","Fiend Fire"],"picked":"Reaper"},{"not_picked":["Spot Weakness","True Grit"],"picked":"Dual Wield"},{"not_picked":["Sever Soul","True Grit"],"picked":"Inflame"}],"player_experience":311438,"potions_floor_usage":[50],"damage_taken":[{"damage":3.0,"enemies":"2 Louse","floor":1.0,"turns":3.0},{"damage":12.0,"enemies":"Jaw Worm","floor":2.0,"turns":3.0},{"damage":4.0,"enemies":"Small Slimes","floor":5.0,"turns":2.0},{"damage":8.0,"enemies":"Red Slaver","floor":6.0,"turns":2.0},{"damage":0.0,"enemies":"Exordium Wildlife","floor":12.0,"turns":2.0},{"damage":10.0,"enemies":"Large Slime","floor":14.0,"turns":5.0},{"damage":33.0,"enemies":"Slime Boss","floor":16.0,"turns":8.0},{"damage":9.0,"enemies":"3 Byrds","floor":18.0,"turns":4.0},{"damage":17.0,"enemies":"Chosen","floor":24.0,"turns":3.0},{"damage":7.0,"enemies":"Centurion and Healer","floor":29.0,"turns":1.0},{"damage":4.0,"enemies":"Cultist and Chosen","floor":30.0,"turns":1.0},{"damage":38.0,"enemies":"Automaton","floor":33.0,"turns":5.0},{"damage":46.0,"enemies":"3 Darklings","floor":35.0,"turns":3.0},{"damage":8,"enemies":"Orb Walker","floor":37,"turns":2},{"damage":4,"enemies":"Sphere and 2 Shapes","floor":39,"turns":1},{"damage":16,"enemies":"2 Orb Walkers","floor":40,"turns":2},{"damage":15,"enemies":"Maw","floor":45,"turns":4},{"damage":0,"enemies":"3 Darklings","floor":46,"turns":1},{"damage":4,"enemies":"4 Shapes","floor":48,"turns":1},{"damage":55,"enemies":"Time Eater","floor":50,"turns":4}],"event_choices":[{"event_name":"Golden Idol","player_choice":"Take Damage","floor":3.0,"damage_taken":0.0},{"event_name":"Big Fish","player_choice":"Box","floor":4.0,"damage_taken":0.0},{"event_name":"Liars Game","player_choice":"agreed","floor":10.0,"damage_taken":0.0},{"event_name":"Transmorgrifier","player_choice":"Transform","floor":19.0,"damage_taken":0.0},{"event_name":"The Mausoleum","player_choice":"Yes","floor":20.0,"damage_taken":0.0},{"event_name":"Back to Basics","player_choice":"Elegance","floor":22.0,"damage_taken":0.0},{"event_name":"The Moai Head","player_choice":"Gave Idol","floor":36.0,"damage_taken":0.0},{"event_name":"Upgrade Shrine","player_choice":"Upgraded","floor":41,"damage_taken":0},{"event_name":"Wheel of Change","player_choice":"Relic","floor":42,"damage_taken":0}],"boss_relics":[],"potions_floor_spawned":[2,6,12,24,29,37,45,48],"seed_played":"-2085976420820043240","ascension_level":0,"is_trial":false}