{"path_per_floor":["M","M","$","?","?","E","M","R","T","$","R","M","R","?","R","B",null,"M","?","M","$","T","E","M","R","T","M","M","$","?","M","R"],"character_chosen":"IRONCLAD","items_purchased":["Flex","Vajra"],"gold_per_floor":[111,130,55,55,5,37,48,48,97,70,70,84,84,84,84,187,187,198,198,210,66,66,96,109,109,136,153,173,73,73,89,89],"floor_reached":33,"campfire_rested":1,"playtime":988,"current_hp_per_floor":[86,83,83,83,83,61,65,65,65,65,65,69,69,94,94,50,94,86,65,52,52,52,37,13,32,32,20,32,32,32,40,40],"items_purged":["Regret","Writhe"],"gold":89,"score":291,"play_id":"1aef85fa-cd9e-4889-a884-aaab8f0fef93","local_time":"20180310170359","is_prod":false,"is_daily":false,"is_ascension_mode":false,"campfire_upgraded":5,"timestamp":1520694239,"path_taken":["M","?","$","?","?","E","?","R","T","?","R","M","R","?","R","BOSS","M","?","M","$","?","E","M","R","T","M","M","$","?","M","R","BOSS"],"build_version":"2018-03-09","purchased_purges":2,"victory":false,"master_deck":["Defend_R","Defend_R+1","Defend_R+1","Defend_R","Bash","Flex+1","Flex+1","Rampage+1","Spot Weakness","Flex+1","Limit Break+1","Decay","Writhe","Bite","Bite","Bite","Bite","Bite","Pummel+1","Whirlwind+1"],"max_hp_per_floor":[94,94,94,94,94,94,94,94,94,94,94,94,94,94,94,94,94,94,65,65,65,65,65,65,65,65,65,65,65,65,65,65],"relics":["Burning Blood","Mango","Orichalcum","Du-Vu Doll","War Paint","Calling Bell","Darkstone Periapt","Ancient Tea Set","Gremlin Horn","Vajra","Frozen Egg 2","Prayer Wheel","Lantern"],"card_choices":[{"not_picked":["Twin Strike","Pommel Strike"],"picked":"Flex"},{"not_picked":["Thunderclap","Perfected Strike"],"picked":"Flex"},{"not_picked":["Shrug It Off","Iron Wave"],"picked":"Rampage"},{"not_picked":["Headbutt","Clothesline"],"picked":"Spot Weakness"},{"not_picked":["Twin Strike","Clash"],"picked":"Limit Break"},{"not_picked":["Headbutt","Clash"],"picked":"Pummel"},{"not_picked":["Metallicize","Anger"],"picked":"Whirlwind"}],"player_experience":306917,"potions_floor_usage":[31,33],"damage_taken":[{"damage":14.0,"enemies":"Cultist","floor":1.0,"turns":4.0},{"damage":9.0,"enemies":"Jaw Worm","floor":2.0,"turns":3.0},{"damage":28.0,"enemies":"3 Sentries","floor":6.0,"turns":11.0},{"damage":2.0,"enemies":"Small Slimes","floor":7.0,"turns":3.0},{"damage":2.0,"enemies":"Gremlin Gang","floor":12.0,"turns":4.0},{"damage":50.0,"enemies":"The Guardian","floor":16.0,"turns":8.0},{"damage":14.0,"enemies":"Shell Parasite","floor":18.0,"turns":3.0},{"damage":21.0,"enemies":"2 Thieves","floor":20.0,"turns":4.0},{"damage":31.0,"enemies":"Slavers","floor":23.0,"turns":4.0},{"damage":36.0,"enemies":"Snecko","floor":24.0,"turns":5.0},{"damage":26.0,"enemies":"Slaver and Parasite","floor":27.0,"turns":4.0},{"damage":0.0,"enemies":"Cultist and Chosen","floor":28.0,"turns":2.0},{"damage":6,"enemies":"3 Cultists","floor":31,"turns":3},{"damage":60,"enemies":"Champ","floor":33,"turns":5}],"event_choices":[{"event_name":"Big Fish","player_choice":"Box","floor":4.0,"damage_taken":0.0},{"event_name":"The Cleric","player_choice":"Card Removal","floor":5.0,"damage_taken":0.0},{"event_name":"Wheel of Change","player_choice":"Full Heal","floor":14.0,"damage_taken":0.0},{"event_name":"Vampires","player_choice":"Became a vampire","floor":19.0,"damage_taken":0.0},{"event_name":"The Woman in Blue","player_choice":"Bought 0 Potions","floor":30.0,"damage_taken":0.0}],"boss_relics":[],"potions_floor_spawned":[2,16,20,24,27,28],"seed_played":"7748674617444635288","killed_by":"Champ","ascension_level":0,"is_trial":false}