{"path_per_floor":["M","?","$","$","M","R","M","?","T","M","?","M","$","?","R","B",null,"M","$","M","?","M","E","?","M","T","R","M","E","R","M","R","B",null,"M","$","M","M","M","R","M","R","T","?","M","?","R","?","R","B"],"character_chosen":"IRONCLAD","items_purchased":["Tiny Chest","Ice Cream","Strawberry","Brutality","Armaments","Spot Weakness","Secret Technique","Ornamental Fan","Torii","Feel No Pain","Havoc","Secret Weapon","Purity","Warcry","Bottled Lightning","Lee\u0027s Waffle","Pear","Singing Bowl","Flex","Inflame","Thinking Ahead","Deep Breath","Swift Potion","Pommel Strike","Limit Break","Magic Flower","Charon\u0027s Ashes","Matryoshka","Centennial Puzzle","Gambling Chip","Thread and Needle","Darkstone Periapt","Anchor","War Paint","Bronze Scales","Shuriken","Blood Vial","Meat on the Bone","Bag of Marbles","Champion Belt","Red Skull","Letter Opener","Dodecahedron","Kunai","Frozen Eye","Paper Frog","Whetstone","Pantograph","Medical Kit","Mango","Happy Flower","Bottled Tornado","Oddly Smooth Stone","Toy Ornithopter","Blue Candle","Toxic Egg 2","Orichalcum","Unceasing Top","Gremlin Horn","Toolbox","Pen Nib","Ginger","Membership Card","Frozen Egg 2","Lantern","Mummified Hand","Bottled Flame","Self Forming Clay","Molten Egg 2","Dream Catcher","Mercury Hourglass","Regal Pillow","Cauldron","Sundial","Du-Vu Doll","Vajra","Omamori","Shovel"],"gold_per_floor":[100009,100009,98891,97529,97540,97540,97556,97621,97646,97656,97656,97667,96455,96405,96405,96508,96508,96518,95385,95396,95396,95415,95446,95446,95457,95480,95480,95490,95517,95517,95533,95533,95633,95633,95643,83188,83204,83224,83242,83242,83260,83260,83305,83305,83317,83317,83317,0,0,0],"floor_reached":51,"campfire_rested":1,"playtime":2256,"current_hp_per_floor":[73,73,80,80,74,74,79,51,51,44,44,47,104,104,104,77,104,83,83,79,79,78,54,54,65,65,65,74,56,56,67,101,108,116,112,126,134,136,138,138,140,140,142,142,144,126,126,126,126,144],"items_purged":["Defend_R","Strike_R","Defend_R","True Grit","Decay"],"gold":0,"score":580,"play_id":"a914914f-1483-4511-89ec-58f5e3e8c21d","local_time":"20180309080836","is_prod":false,"is_daily":false,"is_ascension_mode":false,"campfire_upgraded":5,"timestamp":1520575716,"path_taken":["M","?","?","$","M","R","M","?","T","?","?","M","$","?","R","BOSS","M","$","?","?","M","E","?","M","T","R","M","E","R","M","R","BOSS","M","$","M","M","M","R","M","R","T","?","M","?","R","?","R","BOSS"],"build_version":"2018-03-01-PROD1","purchased_purges":5,"victory":true,"master_deck":["Bash+1","Brutality","Armaments","Spot Weakness+1","Secret Technique+1","Feel No Pain","Secret Weapon","Purity","Warcry","Flex","Limit Break+1","Dramatic Entrance","Infernal Blade+1","Flex","Inflame","Thinking Ahead","Deep Breath+1","Limit Break+1","Flex","Intimidate","Sentinel","Pommel Strike","Limit Break","Heavy Blade+1","Cleave+1","Whirlwind","Clumsy","Injury","Madness+1","Madness+1"],"max_hp_per_floor":[80,80,87,87,87,87,87,87,87,87,87,87,104,104,104,104,104,106,106,108,108,108,108,108,110,110,110,110,112,112,114,114,116,116,118,132,134,136,138,138,140,140,142,142,144,144,144,144,144,144],"relics":["Burning Blood","Bag of Preparation","Tiny Chest","Ice Cream","Strawberry","Ornamental Fan","Torii","Bottled Lightning","Ancient Tea Set","Art of War","Lee\u0027s Waffle","Pear","Singing Bowl","Pandora\u0027s Box","Magic Flower","Charon\u0027s Ashes","Matryoshka","Calipers","Prayer Wheel","Juzu Bracelet","Dead Branch","Calling Bell","Girya","Bird Faced Urn","The Courier","Centennial Puzzle","Gambling Chip","Thread and Needle","Darkstone Periapt","Anchor","War Paint","Bronze Scales","Shuriken","Blood Vial","Meat on the Bone","Bag of Marbles","Champion Belt","Red Skull","Letter Opener","Dodecahedron","Kunai","Frozen Eye","Paper Frog","Whetstone","Pantograph","Medical Kit","Mango","Happy Flower","Bottled Tornado","Oddly Smooth Stone","Toy Ornithopter","Blue Candle","Toxic Egg 2","Orichalcum","Unceasing Top","Gremlin Horn","Toolbox","Pen Nib","Ginger","Membership Card","Frozen Egg 2","Lantern","Mummified Hand","Bottled Flame","Self Forming Clay","Molten Egg 2","Dream Catcher","Mercury Hourglass","Regal Pillow","Cauldron","Sundial","Du-Vu Doll","Vajra","Omamori","Shovel","Red Mask"],"card_choices":[{"not_picked":["Havoc","Cleave"],"picked":"Flex"},{"not_picked":["Infernal Blade","Twin Strike"],"picked":"Limit Break"},{"not_picked":["Body Slam","Bloodletting"],"picked":"Infernal Blade"},{"not_picked":["Double Tap","Fiend Fire"],"picked":"Limit Break"},{"not_picked":["Wild Strike","Armaments"],"picked":"Heavy Blade"},{"not_picked":["Sentinel","Second Wind"],"picked":"Cleave"},{"not_picked":["Cleave","Clash"],"picked":"Whirlwind"}],"player_experience":295060,"potions_floor_usage":[23,25,50,50,50],"damage_taken":[{"damage":13.0,"enemies":"2 Louse","floor":1.0,"turns":4.0},{"damage":12.0,"enemies":"Cultist","floor":5.0,"turns":5.0},{"damage":1.0,"enemies":"Small Slimes","floor":7.0,"turns":3.0},{"damage":34.0,"enemies":"Gremlin Nob","floor":8.0,"turns":4.0},{"damage":13.0,"enemies":"Exordium Thugs","floor":10.0,"turns":5.0},{"damage":3.0,"enemies":"Looter","floor":12.0,"turns":3.0},{"damage":33.0,"enemies":"Hexaghost","floor":16.0,"turns":6.0},{"damage":29,"enemies":"3 Byrds","floor":18,"turns":6},{"damage":15,"enemies":"2 Thieves","floor":20,"turns":4},{"damage":10,"enemies":"Snake Plant","floor":22,"turns":3},{"damage":33,"enemies":"Slavers","floor":23,"turns":3},{"damage":0,"enemies":"Cultist and Chosen","floor":25,"turns":2},{"damage":0,"enemies":"Centurion and Healer","floor":28,"turns":1},{"damage":29,"enemies":"Book of Stabbing","floor":29,"turns":3},{"damage":0,"enemies":"3 Cultists","floor":31,"turns":2},{"damage":4,"enemies":"Automaton","floor":33,"turns":3},{"damage":15,"enemies":"Orb Walker","floor":35,"turns":2},{"damage":0,"enemies":"3 Shapes","floor":37,"turns":1},{"damage":0,"enemies":"3 Darklings","floor":38,"turns":1},{"damage":2,"enemies":"Maw","floor":39,"turns":1},{"damage":1,"enemies":"Sphere and 2 Shapes","floor":41,"turns":1},{"damage":1,"enemies":"4 Shapes","floor":45,"turns":1},{"damage":8,"enemies":"Awakened One","floor":50,"turns":2}],"event_choices":[{"event_name":"The Lab","player_choice":"Got Potions","floor":2.0,"damage_taken":0.0},{"event_name":"Dead Adventurer","player_choice":"Searched \u00271\u0027 times","floor":8.0,"damage_taken":0.0},{"event_name":"Match and Keep!","player_choice":"1 cards matched","floor":11.0,"damage_taken":0.0},{"event_name":"The Cleric","player_choice":"Card Removal","floor":14.0,"damage_taken":0.0},{"event_name":"Back to Basics","player_choice":"Elegance","floor":21,"damage_taken":0},{"event_name":"Vampires","player_choice":"Ignored","floor":24,"damage_taken":0},{"event_name":"Winding Halls","player_choice":"Embrace Madness","floor":46,"damage_taken":0},{"event_name":"Tomb of Lord Red Mask","player_choice":"Paid","floor":48,"damage_taken":0}],"boss_relics":[{"not_picked":["White Beast Statue","Snecko Eye"],"picked":"Pandora\u0027s Box"},{"not_picked":["Orrery","Velvet Choker"],"picked":"Calling Bell"}],"potions_floor_spawned":[1,5,8,10,16,23,25,31,33,37,38,39,45],"seed_played":"-2217724774316533212","ascension_level":0,"is_trial":false}