{"path_per_floor":["M","M","?","M","$","R","M","R","T","R","?","?","?","$","R","B",null,"M","$","M","M","M","R","M","M","T","$","R","E","M","$","R","B",null,"M","M","$","M","M","R","T","M","T","$","R","?","?","E","R","B"],"character_chosen":"IRONCLAD","items_purchased":["Strange Spoon","Shuriken","Blood Vial","Inflame","Double Tap","Strength Potion","Secret Technique","Singing Bowl","Torii","Medical Kit","Offering","Inflame","Flex","Master of Strategy","Bag of Preparation","Toy Ornithopter","Thread and Needle","Orichalcum","Unceasing Top","Bottled Flame","Flex","Ancient Potion","Brutality","Self Forming Clay","Bird Faced Urn","Pantograph","Warcry","Regal Pillow","Prayer Wheel","Frozen Eye","Rupture","Kunai","Juzu Bracelet","Frozen Egg 2"],"gold_per_floor":[100019,100031,100031,100042,98970,98970,98981,98981,98981,98981,98981,98958,98958,97750,97750,97848,97848,97859,97111,97130,97147,97158,97158,97178,97189,97215,96200,96200,96232,96244,95213,95213,95315,95315,95325,95341,94468,94478,94489,94489,94515,94531,94531,93662,93662,93715,93695,93724,93724,93724],"floor_reached":51,"campfire_rested":1,"playtime":1330,"current_hp_per_floor":[80,80,64,70,70,70,32,56,56,56,56,56,49,49,49,49,82,56,56,60,63,69,69,73,79,79,79,79,88,86,86,86,83,92,92,94,94,84,86,86,88,100,102,102,102,104,104,106,106,80],"items_purged":["Strike_R","Strike_R","Perfected Strike","Strike_R","Defend_R","Strike_R","Fire Breathing"],"gold":93724,"score":564,"play_id":"a9630107-83e6-424e-8c15-3e9daf1e0266","local_time":"20180307084832","is_prod":false,"is_daily":false,"is_ascension_mode":false,"campfire_upgraded":6,"timestamp":1520405312,"path_taken":["M","?","?","M","$","R","M","R","T","R","?","?","?","$","R","BOSS","M","$","M","M","M","R","M","M","T","$","R","E","?","$","R","BOSS","M","M","$","M","M","R","?","M","T","$","R","?","?","E","R","BOSS"],"build_version":"2018-03-01-PROD1","purchased_purges":7,"victory":true,"master_deck":["Bash","Inflame+1","Inflame","Double Tap","Secret Technique","Dropkick","Offering+1","Inflame+1","Flex","Master of Strategy","Body Slam+1","Heavy Blade+1","Heavy Blade+1","Inflame+1","Flex","Brutality","Warcry","Brutality","Rupture+1","Rupture","Seeing Red+1"],"max_hp_per_floor":[80,80,80,80,80,80,80,80,80,80,80,80,80,80,80,82,82,84,84,84,84,86,86,86,88,88,88,88,90,92,92,92,92,92,92,94,94,94,96,96,98,100,102,102,102,104,104,106,106,106],"relics":["Burning Blood","NeowsBlessing","Strange Spoon","Shuriken","Blood Vial","Girya","Singing Bowl","Torii","Medical Kit","Astrolabe","Bag of Preparation","Toy Ornithopter","Thread and Needle","Anchor","Orichalcum","Unceasing Top","Bottled Flame","Omamori","Self Forming Clay","Bird Faced Urn","Pantograph","Sozu","Regal Pillow","Prayer Wheel","Frozen Eye","Oddly Smooth Stone","Dead Branch","Kunai","Juzu Bracelet","Frozen Egg 2","Ice Cream","Bottled Tornado"],"card_choices":[{"not_picked":["Perfected Strike","Rage"],"picked":"Inflame"},{"not_picked":["Reckless Charge","Second Wind"],"picked":"Dropkick"},{"not_picked":["Feel No Pain","Infernal Blade"],"picked":"Heavy Blade"},{"not_picked":["Havoc","Flex"],"picked":"Heavy Blade"},{"not_picked":["Heavy Blade","Thunderclap"],"picked":"Inflame"},{"not_picked":["Double Tap","Immolate"],"picked":"Brutality"},{"not_picked":["Clash","Rampage"],"picked":"Rupture"},{"not_picked":["Sword Boomerang","Power Through"],"picked":"Seeing Red"}],"player_experience":284210,"potions_floor_usage":[16,29,33,50,50],"damage_taken":[{"damage":0,"enemies":"Cultist","floor":1,"turns":1},{"damage":0,"enemies":"Jaw Worm","floor":2,"turns":1},{"damage":0,"enemies":"2 Louse","floor":4,"turns":1},{"damage":46,"enemies":"Gremlin Gang","floor":7,"turns":6},{"damage":10,"enemies":"Hexaghost","floor":16,"turns":4},{"damage":34,"enemies":"2 Thieves","floor":18,"turns":3},{"damage":4,"enemies":"Spheric Guardian","floor":20,"turns":2},{"damage":5,"enemies":"Cultist and Chosen","floor":21,"turns":3},{"damage":4,"enemies":"Centurion and Healer","floor":22,"turns":2},{"damage":4,"enemies":"Snecko","floor":24,"turns":2},{"damage":4,"enemies":"Snake Plant","floor":25,"turns":2},{"damage":4,"enemies":"Gremlin Leader","floor":29,"turns":2},{"damage":12,"enemies":"Slaver and Parasite","floor":30,"turns":2},{"damage":20,"enemies":"Automaton","floor":33,"turns":3},{"damage":4,"enemies":"Orb Walker","floor":35,"turns":1},{"damage":7,"enemies":"3 Darklings","floor":36,"turns":3},{"damage":21,"enemies":"4 Shapes","floor":38,"turns":3},{"damage":20,"enemies":"Maw","floor":39,"turns":3},{"damage":8,"enemies":"Sphere and 2 Shapes","floor":42,"turns":3},{"damage":5,"enemies":"Mysterious Sphere","floor":46,"turns":2},{"damage":4,"enemies":"Nemesis","floor":48,"turns":1},{"damage":36,"enemies":"Awakened One","floor":50,"turns":3}],"event_choices":[{"event_name":"Shining Light","player_choice":"Entered Light","floor":3,"damage_taken":0},{"event_name":"The Lab","player_choice":"Got Potions","floor":11,"damage_taken":0},{"event_name":"World of Goop","player_choice":"Left","floor":12,"damage_taken":0},{"event_name":"Golden Wing","player_choice":"Card Removal","floor":13,"damage_taken":0},{"event_name":"Mysterious Sphere","player_choice":"Fight","floor":46,"damage_taken":0},{"event_name":"The Woman in Blue","player_choice":"Bought 1 Potion","floor":47,"damage_taken":0}],"boss_relics":[{"not_picked":["Black Blood","Lizard Tail"],"picked":"Astrolabe"},{"not_picked":["Question Card","Black Star"],"picked":"Sozu"}],"potions_floor_spawned":[1,2,22,29,30,36,42,48],"seed_played":"7771423088641272637","ascension_level":0,"is_trial":false}