{"path_per_floor":["M","?","?","?","M","E","?","?","T","$","M","$","R","E","R","B",null,"M","?","M","?","?","E","?","R","T","E","M","M","M","E","R","B",null,"M","$","?","M","M","E","?","R","T","E","M","E","R","M","R"],"character_chosen":"IRONCLAD","items_purchased":["Tiny Chest","Flex","Lantern"],"gold_per_floor":[113,83,33,33,48,73,248,248,275,200,212,46,46,72,72,177,177,189,189,202,127,27,52,52,52,52,79,95,113,123,150,150,254,254,272,22,272,288,305,337,337,337,383,417,436,465,465,476,476],"floor_reached":50,"campfire_rested":2,"playtime":1503,"current_hp_per_floor":[80,80,80,73,79,80,80,80,80,80,80,80,80,54,54,53,80,80,80,80,80,80,63,63,63,73,61,40,37,41,14,45,24,104,91,91,91,73,72,76,76,76,76,78,89,83,83,65,99],"items_purged":["Doubt","Strike_R"],"gold":476,"score":671,"play_id":"a66517b8-ee79-408a-bbee-11dfb32b3e14","local_time":"20180306094430","is_prod":false,"is_daily":false,"is_ascension_mode":false,"campfire_upgraded":5,"timestamp":1520322270,"path_taken":["M","?","?","?","M","E","?","?","T","$","M","$","R","E","R","BOSS","M","?","?","?","?","E","?","R","T","E","M","?","M","E","R","BOSS","M","$","?","?","M","E","?","R","T","E","M","E","R","M","R","BOSS"],"build_version":"2018-03-01-PROD1","purchased_purges":2,"victory":false,"master_deck":["Strike_R","Strike_R+1","Defend_R+1","Bash+1","Heavy Blade+1","Flex+1","Flex+1","Spot Weakness","Reaper","Inflame+1","J.A.X.+1","Warcry+1","Double Tap+1","Flex+1","Brutality"],"max_hp_per_floor":[80,80,80,80,80,80,80,80,80,80,80,80,80,80,80,80,80,80,80,80,80,80,80,80,80,90,104,104,104,104,104,104,104,104,104,104,104,104,104,106,106,106,106,108,110,112,112,114,114],"relics":["Black Blood","NeowsBlessing","Bag of Preparation","Blood Vial","Tiny Chest","Whetstone","Omamori","Pear","Mango","Dream Catcher","White Beast Statue","Lantern","Singing Bowl","Pen Nib","Toolbox","War Paint"],"card_choices":[{"not_picked":["Blood for Blood","Sever Soul"],"picked":"Heavy Blade"},{"not_picked":["Dropkick","Heavy Blade"],"picked":"Spot Weakness"},{"not_picked":["Fiend Fire","Demon Form"],"picked":"Reaper"},{"not_picked":["Shrug It Off","Thunderclap"],"picked":"Inflame"},{"not_picked":["Combust","Spot Weakness"],"picked":"Warcry"},{"not_picked":["Impervious","Bludgeon"],"picked":"Double Tap"},{"not_picked":["Perfected Strike","Searing Blow"],"picked":"Flex"},{"not_picked":["Cleave","Clothesline"],"picked":"Brutality"}],"player_experience":273230,"potions_floor_usage":[50,50,50],"damage_taken":[{"damage":0.0,"enemies":"Jaw Worm","floor":1.0,"turns":1.0},{"damage":0.0,"enemies":"Cultist","floor":5.0,"turns":1.0},{"damage":0.0,"enemies":"Gremlin Nob","floor":6.0,"turns":1.0},{"damage":5.0,"enemies":"2 Louse","floor":11.0,"turns":2.0},{"damage":32.0,"enemies":"3 Sentries","floor":14.0,"turns":6.0},{"damage":9.0,"enemies":"Slime Boss","floor":16.0,"turns":7.0},{"damage":10.0,"enemies":"Spheric Guardian","floor":18.0,"turns":3.0},{"damage":10.0,"enemies":"Chosen","floor":20.0,"turns":3.0},{"damage":38.0,"enemies":"Book of Stabbing","floor":23.0,"turns":4.0},{"damage":58.0,"enemies":"Slavers","floor":27.0,"turns":5.0},{"damage":33.0,"enemies":"Sentry and Sphere","floor":28.0,"turns":4.0},{"damage":28.0,"enemies":"Snecko","floor":29.0,"turns":4.0},{"damage":24.0,"enemies":"Snake Plant","floor":30.0,"turns":2.0},{"damage":72.0,"enemies":"Gremlin Leader","floor":31.0,"turns":5.0},{"damage":63.0,"enemies":"Champ","floor":33.0,"turns":8.0},{"damage":60.0,"enemies":"3 Shapes","floor":35.0,"turns":5.0},{"damage":71.0,"enemies":"3 Darklings","floor":38.0,"turns":8.0},{"damage":32.0,"enemies":"Sphere and 2 Shapes","floor":39.0,"turns":5.0},{"damage":10.0,"enemies":"Nemesis","floor":40.0,"turns":3.0},{"damage":42.0,"enemies":"Giant Head","floor":44.0,"turns":5.0},{"damage":31.0,"enemies":"4 Shapes","floor":45.0,"turns":5.0},{"damage":54.0,"enemies":"2 Orb Walkers","floor":46.0,"turns":4.0},{"damage":32.0,"enemies":"Maw","floor":48.0,"turns":5.0},{"damage":168,"enemies":"Awakened One","floor":50,"turns":6}],"event_choices":[{"event_name":"The Woman in Blue","player_choice":"Bought 2 Potions","floor":2.0,"damage_taken":0.0},{"event_name":"The Cleric","player_choice":"Card Removal","floor":3.0,"damage_taken":0.0},{"event_name":"Golden Wing","player_choice":"Card Removal","floor":4.0,"damage_taken":0.0},{"event_name":"Liars Game","player_choice":"agreed","floor":7.0,"damage_taken":0.0},{"event_name":"Transmorgrifier","player_choice":"Transform","floor":8.0,"damage_taken":0.0},{"event_name":"Match and Keep!","player_choice":"0 cards matched","floor":19.0,"damage_taken":0.0},{"event_name":"Beggar","player_choice":"Gave Gold","floor":21.0,"damage_taken":0.0},{"event_name":"Drug Dealer","player_choice":"Got JAXXED","floor":22.0,"damage_taken":0.0},{"event_name":"Addict","player_choice":"Ignored","floor":24.0,"damage_taken":0.0},{"event_name":"Golden Shrine","player_choice":"Desecrate","floor":37.0,"damage_taken":0.0}],"boss_relics":[],"potions_floor_spawned":[1,6,16,23,29,30,33,35,38,39,40,44,45,46,48],"seed_played":"-4842958919352779994","killed_by":"Awakened One","ascension_level":0,"is_trial":false}