{"path_per_floor":["M","?","?","M","?","M","M","$","T","R","E","?","R","?","R","B",null,"M","M","?","M","$","E","R","M","T","M","M","M","$","?","R","B",null,"M","?","M","M","M","R","E","R","T","M","?","M","$","M","R","B"],"character_chosen":"IRONCLAD","items_purchased":["Deep Breath","Flex","Whirlwind"],"gold_per_floor":[109,109,184,198,148,158,173,3,3,3,36,36,36,36,36,131,131,131,131,131,131,38,38,38,38,38,38,38,38,38,38,38,38,38,38,38,38,38,38,38,38,38,38,38,38,38,38,38,38,38],"floor_reached":51,"campfire_rested":1,"playtime":1631,"current_hp_per_floor":[78,71,60,66,66,62,52,52,52,52,39,39,39,27,27,24,80,72,74,26,28,28,30,30,50,50,52,58,61,61,61,61,69,80,80,74,80,80,49,49,13,37,37,71,61,80,80,80,80,77],"items_purged":["Strike_R"],"gold":38,"score":776,"play_id":"bfc56a13-44f6-47bd-987d-c113ffd0eb75","local_time":"20180315171032","is_prod":false,"is_daily":false,"is_ascension_mode":false,"campfire_upgraded":4,"timestamp":1521126632,"path_taken":["M","?","?","M","?","M","?","$","T","R","E","?","R","?","R","BOSS","M","?","?","?","$","E","R","?","T","M","?","M","?","?","R","BOSS","M","?","M","?","M","R","E","R","T","?","?","M","$","M","R","BOSS"],"build_version":"2018-03-09","purchased_purges":1,"victory":true,"master_deck":["Strike_R","Strike_R","Strike_R","Defend_R","Defend_R","Defend_R","Bash","Corruption+1","Sword Boomerang","Thunderclap","Deep Breath","Armaments","Offering","Shrug It Off","Dark Shackles","Body Slam+1","Flex+1","Whirlwind+1","Reaper","Shrug It Off","Seeing Red+1","Flame Barrier","Reaper","Armaments","Flex+1","Brutality","Armaments+1","Feel No Pain+1","Shrug It Off","Madness","Madness","Sentinel+1"],"max_hp_per_floor":[80,80,80,80,80,80,80,80,80,80,80,80,80,80,80,80,80,80,80,80,80,80,80,80,80,80,80,80,80,80,80,80,80,80,80,80,80,80,80,80,80,80,80,80,80,80,80,80,80,80],"relics":["Burning Blood","Pen Nib","Girya","Oddly Smooth Stone","Charon\u0027s Ashes","Ectoplasm","Kunai","Pantograph","Orrery","Dead Branch","Gambling Chip","Art of War"],"card_choices":[{"not_picked":["Clash","Iron Wave"],"picked":"Corruption"},{"not_picked":["Wild Strike","Havoc"],"picked":"Sword Boomerang"},{"not_picked":["Cleave","True Grit"],"picked":"Thunderclap"},{"not_picked":["Battle Trance","Burning Pact"],"picked":"Armaments"},{"not_picked":["Reaper","Juggernaut"],"picked":"Offering"},{"not_picked":["Battle Trance","Perfected Strike"],"picked":"Shrug It Off"},{"not_picked":["Blood for Blood","Entrench"],"picked":"Body Slam"},{"not_picked":["Anger","Heavy Blade"],"picked":"Reaper"},{"not_picked":["Sword Boomerang","Warcry"],"picked":"Shrug It Off"},{"not_picked":["True Grit","Whirlwind"],"picked":"Seeing Red"},{"not_picked":["Shockwave","Rampage"],"picked":"Flame Barrier"},{"not_picked":["Juggernaut","Immolate"],"picked":"Reaper"},{"not_picked":["Pommel Strike","Corruption"],"picked":"Armaments"},{"not_picked":["Carnage","Reckless Charge"],"picked":"Flex"},{"not_picked":["Shrug It Off","Pummel"],"picked":"Brutality"},{"not_picked":["True Grit","Pummel"],"picked":"Armaments"},{"not_picked":["Heavy Blade","Anger"],"picked":"Feel No Pain"},{"not_picked":["Heavy Blade","Armaments"],"picked":"Shrug It Off"},{"not_picked":["Bloodletting","Sword Boomerang"],"picked":"Sentinel"}],"player_experience":324162,"potions_floor_usage":[11,25,28,36,41,50,50,50],"damage_taken":[{"damage":8,"enemies":"2 Louse","floor":1,"turns":2},{"damage":0,"enemies":"Small Slimes","floor":4,"turns":3},{"damage":10,"enemies":"Jaw Worm","floor":6,"turns":4},{"damage":16,"enemies":"Exordium Wildlife","floor":7,"turns":4},{"damage":25,"enemies":"Gremlin Nob","floor":11,"turns":4},{"damage":9,"enemies":"Slime Boss","floor":16,"turns":6},{"damage":14,"enemies":"Chosen","floor":18,"turns":3},{"damage":4,"enemies":"3 Byrds","floor":19,"turns":3},{"damage":4,"enemies":"3 Cultists","floor":21,"turns":3},{"damage":4,"enemies":"Slavers","floor":23,"turns":1},{"damage":4,"enemies":"Cultist and Chosen","floor":25,"turns":2},{"damage":4,"enemies":"Snake Plant","floor":27,"turns":1},{"damage":0,"enemies":"3 Cultists","floor":28,"turns":1},{"damage":3,"enemies":"Centurion and Healer","floor":29,"turns":2},{"damage":40,"enemies":"Collector","floor":33,"turns":5},{"damage":11,"enemies":"3 Shapes","floor":35,"turns":5},{"damage":12,"enemies":"Mysterious Sphere","floor":36,"turns":1},{"damage":11,"enemies":"Orb Walker","floor":37,"turns":2},{"damage":5,"enemies":"3 Darklings","floor":38,"turns":3},{"damage":37,"enemies":"4 Shapes","floor":39,"turns":3},{"damage":52,"enemies":"Nemesis","floor":41,"turns":5},{"damage":14,"enemies":"Sphere and 2 Shapes","floor":44,"turns":3},{"damage":0,"enemies":"3 Darklings","floor":46,"turns":2},{"damage":2,"enemies":"Maw","floor":48,"turns":3},{"damage":25,"enemies":"Time Eater","floor":50,"turns":7}],"event_choices":[{"event_name":"Golden Wing","player_choice":"Card Removal","floor":2,"damage_taken":0},{"event_name":"World of Goop","player_choice":"Gather Gold","floor":3,"damage_taken":0},{"event_name":"The Cleric","player_choice":"Card Removal","floor":5,"damage_taken":0},{"event_name":"Living Wall","player_choice":"Grow","floor":12,"damage_taken":0},{"event_name":"Scrap Ooze","player_choice":"success","floor":14,"damage_taken":12},{"event_name":"Knowing Skull","player_choice":"CARD GOLD GOLD GOLD GOLD ","floor":20,"damage_taken":0},{"event_name":"Drug Dealer","player_choice":"Ignored","floor":31,"damage_taken":0},{"event_name":"Mysterious Sphere","player_choice":"Fight","floor":36,"damage_taken":0},{"event_name":"Winding Halls","player_choice":"Embrace Madness","floor":45,"damage_taken":0}],"boss_relics":[{"not_picked":["Black Star","Eternal Feather"],"picked":"Ectoplasm"},{"not_picked":["White Beast Statue","Pandora\u0027s Box"],"picked":"Orrery"}],"potions_floor_spawned":[7,18,21,25,37,39,46,48],"seed_played":"-2073459885209866720","ascension_level":0,"is_trial":false}