{"path_per_floor":["M","$","M","$","?","R","?","M","T","M","$","?","?","M","R","B",null,"M","?","?","?","M","E","R","$","T","R","M","?","M","?","R"],"character_chosen":"IRONCLAD","items_purchased":["Flex","Juzu Bracelet","Cleave","Tiny Chest"],"gold_per_floor":[113,13,28,28,28,28,203,217,242,255,44,44,68,78,78,179,179,199,199,114,114,125,158,158,35,89,89,104,104,119,369,369],"floor_reached":33,"campfire_rested":4,"playtime":684,"current_hp_per_floor":[80,80,74,74,49,49,49,44,44,19,19,12,9,9,33,20,80,68,68,68,56,49,9,25,25,25,56,28,28,4,4,35],"items_purged":["Defend_R"],"gold":369,"score":279,"play_id":"71b2aab2-de91-434c-8402-b56d10185aed","local_time":"20180319205637","is_prod":false,"is_daily":false,"is_ascension_mode":false,"campfire_upgraded":1,"timestamp":1521485797,"path_taken":["M","$","M","$","?","R","?","?","T","M","?","?","?","M","R","BOSS","M","?","?","?","M","E","R","?","T","R","M","?","M","?","R","BOSS"],"build_version":"2018-03-15v3","purchased_purges":1,"victory":false,"master_deck":["Bash","Flex+1","Flex","Bloodletting","Fiend Fire","Cleave","Reckless Charge+1","Sentinel+1","Dark Embrace+1","Heavy Blade+1","Writhe","Bite","Bite","Bite","Bite","Bite","Spot Weakness","Whirlwind+1"],"max_hp_per_floor":[80,80,80,80,80,80,80,80,80,80,80,80,80,80,80,80,80,80,80,80,56,56,56,56,56,56,56,56,56,56,56,56],"relics":["Mark of Pain","Anchor","Bag of Marbles","Juzu Bracelet","Odd Mushroom","Astrolabe","Shuriken","Letter Opener","Omamori","Tiny Chest","Regal Pillow"],"card_choices":[{"not_picked":["Reckless Charge","Shockwave"],"picked":"Flex"},{"not_picked":["Warcry","Uppercut"],"picked":"Bloodletting"},{"not_picked":["Iron Wave","Corruption"],"picked":"Fiend Fire"},{"not_picked":["Entrench","Spot Weakness"],"picked":"Heavy Blade"},{"not_picked":["Clothesline","Fire Breathing"],"picked":"Spot Weakness"},{"not_picked":["Havoc","Dropkick"],"picked":"Whirlwind"}],"player_experience":336067,"potions_floor_usage":[14,16,23,23,33,33],"damage_taken":[{"damage":0,"enemies":"2 Louse","floor":1,"turns":3},{"damage":6,"enemies":"Jaw Worm","floor":3,"turns":2},{"damage":5,"enemies":"Cultist","floor":8,"turns":4},{"damage":25,"enemies":"Gremlin Gang","floor":10,"turns":5},{"damage":3,"enemies":"The Mushroom Lair","floor":13,"turns":3},{"damage":0,"enemies":"Red Slaver","floor":14,"turns":1},{"damage":13,"enemies":"Slime Boss","floor":16,"turns":7},{"damage":12,"enemies":"Shell Parasite","floor":18,"turns":3},{"damage":15,"enemies":"2 Thieves","floor":22,"turns":4},{"damage":51,"enemies":"Book of Stabbing","floor":23,"turns":5},{"damage":34,"enemies":"Sentry and Sphere","floor":28,"turns":4},{"damage":30,"enemies":"Cultist and Chosen","floor":30,"turns":6},{"damage":51,"enemies":"Collector","floor":33,"turns":3}],"event_choices":[{"event_name":"Scrap Ooze","player_choice":"success","floor":5,"damage_taken":25},{"event_name":"Liars Game","player_choice":"agreed","floor":7,"damage_taken":0},{"event_name":"Golden Wing","player_choice":"Card Removal","floor":12,"damage_taken":0},{"event_name":"Mushrooms","player_choice":"Fought Mushrooms","floor":13,"damage_taken":0},{"event_name":"The Mausoleum","player_choice":"Yes","floor":19,"damage_taken":0},{"event_name":"Addict","player_choice":"Obtained Relic","floor":20,"damage_taken":0},{"event_name":"Vampires","player_choice":"Became a vampire","floor":21,"damage_taken":0},{"event_name":"The Lab","player_choice":"Got Potions","floor":29,"damage_taken":0},{"event_name":"Golden Shrine","player_choice":"Desecrate","floor":31,"damage_taken":0}],"boss_relics":[{"not_picked":["Calling Bell","Runic Dome"],"picked":"Astrolabe"}],"potions_floor_spawned":[1,10,16,22,23,30],"seed_played":"5404843199037127439","killed_by":"Collector","ascension_level":0,"is_trial":false}