{"path_per_floor":["M","$","M","?","M","R","E","?","T","?","M","?","M","$","R","B",null,"M","?","?","$","M","R","$","M","T","R","M","?","?","$","R","B",null,"M","?","?","?","?","$","R","M","T","M","$"],"character_chosen":"IRONCLAD","items_purchased":["Flex","Happy Flower"],"gold_per_floor":[364,95,105,105,118,118,144,144,144,208,223,223,240,140,140,244,244,234,149,149,24,41,41,41,61,61,61,78,3,3,3,3,105,105,120,120,0,0,53,53,53,69,119,129,129,129],"floor_reached":46,"campfire_rested":1,"playtime":966,"current_hp_per_floor":[80,80,80,80,80,80,60,60,70,67,71,64,60,60,60,37,90,76,76,60,60,61,61,61,39,39,39,37,37,19,19,47,35,95,74,74,74,74,38,38,38,27,27,29,29,0],"items_purged":["Writhe","Strike_R","Defend_R"],"gold":129,"score":464,"play_id":"6e1204aa-0ea5-4224-84f7-6b6a952598d9","local_time":"20180326200422","is_prod":false,"is_daily":false,"is_ascension_mode":false,"campfire_upgraded":3,"timestamp":1522083862,"path_taken":["M","$","M","?","M","R","E","?","T","?","?","?","?","$","R","BOSS","M","?","?","?","?","R","$","M","T","R","M","?","?","$","R","BOSS","M","?","?","?","?","?","R","M","T","M","$","E"],"build_version":"2018-03-22v2","purchased_purges":3,"victory":false,"master_deck":["Strike_R","Defend_R+1","Bash","Flex+1","Flex","Limit Break+1","Clash","Inflame+1","Thunderclap+1","Flex+1","Injury","Inflame+1","Sword Boomerang+1"],"max_hp_per_floor":[80,80,80,80,80,80,80,80,90,90,90,90,90,90,90,90,90,90,90,90,90,90,90,90,90,90,90,90,90,95,95,95,95,95,95,95,95,95,95,95,95,95,95,95,95,95],"relics":["Burning Blood","Happy Flower","Vajra","Pear","War Paint","Mark of Pain","Omamori","Enchiridion","Peace Pipe","Calling Bell","Pantograph","Orichalcum","Ice Cream","Red Mask","Shovel","Bottled Tornado","Bag of Marbles"],"card_choices":[{"not_picked":["Twin Strike","Rampage"],"picked":"Flex","floor":5},{"not_picked":["True Grit","Flex"],"picked":"Limit Break","floor":7},{"not_picked":["Warcry","Perfected Strike"],"picked":"Inflame","floor":18},{"not_picked":["Sword Boomerang","Pommel Strike"],"picked":"Thunderclap","floor":25},{"not_picked":["Fire Breathing","Rage"],"picked":"Flex","floor":28},{"not_picked":["Armaments","Clothesline"],"picked":"Inflame","floor":35},{"not_picked":["Limit Break","Perfected Strike"],"picked":"Sword Boomerang","floor":44}],"player_experience":348061,"potions_floor_usage":[18,25,33,39,44,46],"damage_taken":[{"damage":2,"enemies":"Small Slimes","floor":1,"turns":4},{"damage":1,"enemies":"Cultist","floor":3,"turns":3},{"damage":6,"enemies":"Jaw Worm","floor":5,"turns":4},{"damage":26,"enemies":"Gremlin Nob","floor":7,"turns":4},{"damage":9,"enemies":"Gremlin Nob","floor":10,"turns":3},{"damage":2,"enemies":"Looter","floor":11,"turns":2},{"damage":10,"enemies":"Lots of Slimes","floor":13,"turns":3},{"damage":29,"enemies":"The Guardian","floor":16,"turns":5},{"damage":20,"enemies":"2 Thieves","floor":18,"turns":4},{"damage":5,"enemies":"Shell Parasite","floor":22,"turns":2},{"damage":34,"enemies":"Snake Plant","floor":25,"turns":4},{"damage":8,"enemies":"Snecko","floor":28,"turns":3},{"damage":18,"enemies":"Automaton","floor":33,"turns":5},{"damage":27,"enemies":"3 Shapes","floor":35,"turns":4},{"damage":42,"enemies":"Mysterious Sphere","floor":39,"turns":6},{"damage":17,"enemies":"Orb Walker","floor":42,"turns":3},{"damage":4,"enemies":"Maw","floor":44,"turns":6},{"damage":32,"enemies":"Nemesis","floor":46,"turns":6}],"event_choices":[{"event_name":"Match and Keep!","player_choice":"0 cards matched","floor":4,"damage_taken":0},{"event_name":"Transmorgrifier","player_choice":"Transform","floor":8,"damage_taken":0},{"event_name":"Dead Adventurer","player_choice":"Searched \u00271\u0027 times","floor":10,"damage_taken":0},{"event_name":"Golden Wing","player_choice":"Card Removal","floor":12,"damage_taken":0},{"event_name":"Addict","player_choice":"Obtained Relic","floor":19,"damage_taken":0},{"event_name":"Cursed Tome","player_choice":"Obtained Book","floor":20,"damage_taken":0},{"event_name":"Beggar","player_choice":"Gave Gold","floor":29,"damage_taken":0},{"event_name":"Forgotten Altar","player_choice":"Shed Blood","floor":30,"damage_taken":0},{"event_name":"Tomb of Lord Red Mask","player_choice":"Paid","floor":37,"damage_taken":0},{"event_name":"The Lab","player_choice":"Got Potions","floor":38,"damage_taken":0},{"event_name":"Mysterious Sphere","player_choice":"Fight","floor":39,"damage_taken":0}],"boss_relics":[{"not_picked":["Pandora\u0027s Box","Snecko Eye"],"picked":"Mark of Pain"},{"not_picked":["Runic Cube","Tiny House"],"picked":"Calling Bell"}],"potions_floor_spawned":[5,7,10,16,22,25,35,42],"seed_played":"-5032409871014340999","killed_by":"Nemesis","ascension_level":0,"is_trial":false}