{"path_per_floor":["M","M","M","M","$","E","M","R","T","R","M","M","M","?","R","B",null,"M","?","?","$","?","R","E","M","T","M","?","R","$","M","R","B",null,"M","M","?","?","M","E","$","R","T","$","M","E","M","?","R","B"],"character_chosen":"IRONCLAD","items_purchased":["Singing Bowl","Inflame","Whetstone","Vajra","Offering","Torii","Orichalcum"],"gold_per_floor":[361,373,385,396,175,209,223,223,223,223,240,251,266,441,441,537,537,550,475,475,365,365,365,396,411,436,446,396,396,182,194,194,290,290,306,325,325,678,694,729,93,93,93,93,105,131,142,142,142,142],"floor_reached":51,"campfire_rested":3,"playtime":1231,"current_hp_per_floor":[72,67,72,72,72,59,60,60,60,60,53,55,52,52,52,36,76,48,48,48,48,48,48,28,35,35,29,29,68,68,72,72,58,86,86,79,79,60,38,28,28,70,70,70,70,44,42,42,85,63],"items_purged":["Defend_R","Defend_R","Defend_R"],"gold":142,"score":805,"play_id":"723a95fc-cae4-4713-8e55-3afab1891237","local_time":"20180325232758","is_prod":false,"is_daily":false,"is_ascension_mode":false,"campfire_upgraded":5,"timestamp":1522009678,"path_taken":["M","M","?","M","$","E","M","R","T","R","M","M","M","?","R","BOSS","M","?","?","$","?","R","E","M","T","?","?","R","$","M","R","BOSS","M","M","?","?","?","E","$","R","T","?","?","E","M","?","R","BOSS"],"build_version":"2018-03-22v2","purchased_purges":3,"victory":true,"master_deck":["Strike_R+1","Strike_R","Strike_R+1","Strike_R","Inflame+1","Clash","Pommel Strike+1","Clash","Offering","Cleave+1","Spot Weakness","Limit Break+1","Flex+1","Inflame+1","Clash","Clash","Offering","Flex+1"],"max_hp_per_floor":[72,72,72,72,72,72,72,72,72,72,74,74,76,76,76,76,76,76,76,76,76,76,76,78,80,80,82,82,82,82,84,84,86,86,86,88,88,90,92,92,92,92,92,92,94,94,96,96,96,96],"relics":["Burning Blood","Singing Bowl","The Courier","Sundial","Philosopher\u0027s Stone","Unceasing Top","Regal Pillow","Whetstone","Runic Cube","Old Coin","Ginger","Vajra","Torii","Orichalcum","Bag of Marbles","Thread and Needle"],"card_choices":[{"not_picked":["Rage","Armaments"],"picked":"Inflame","floor":1},{"not_picked":["Searing Blow","Thunderclap"],"picked":"Clash","floor":2},{"not_picked":["Wild Strike","Flame Barrier"],"picked":"Pommel Strike","floor":3},{"not_picked":["Corruption","Warcry"],"picked":"Clash","floor":4},{"not_picked":["Immolate","Clothesline"],"picked":"Offering","floor":6},{"not_picked":["Burning Pact","Uppercut"],"picked":"Cleave","floor":7},{"not_picked":["Sentinel","Warcry"],"picked":"Spot Weakness","floor":12},{"not_picked":["Dark Embrace","Barricade"],"picked":"Limit Break","floor":16},{"not_picked":["Pommel Strike","Sword Boomerang"],"picked":"Flex","floor":18},{"not_picked":["Rupture","Perfected Strike"],"picked":"Clash","floor":35},{"not_picked":["Searing Blow","Shrug It Off"],"picked":"Clash","floor":40},{"not_picked":["Anger","Feed"],"picked":"Flex","floor":46}],"player_experience":345958,"potions_floor_usage":[16,16,24,25,31,33,35,36,40,46,50,50],"damage_taken":[{"damage":4,"enemies":"Cultist","floor":1,"turns":4},{"damage":11,"enemies":"Jaw Worm","floor":2,"turns":2},{"damage":0,"enemies":"2 Louse","floor":3,"turns":3},{"damage":0,"enemies":"Large Slime","floor":4,"turns":5},{"damage":19,"enemies":"3 Sentries","floor":6,"turns":6},{"damage":5,"enemies":"Looter","floor":7,"turns":2},{"damage":15,"enemies":"Exordium Wildlife","floor":11,"turns":2},{"damage":4,"enemies":"3 Louse","floor":12,"turns":2},{"damage":11,"enemies":"Exordium Thugs","floor":13,"turns":3},{"damage":22,"enemies":"Slime Boss","floor":16,"turns":8},{"damage":34,"enemies":"Shell Parasite","floor":18,"turns":4},{"damage":28,"enemies":"Book of Stabbing","floor":24,"turns":3},{"damage":4,"enemies":"Spheric Guardian","floor":25,"turns":2},{"damage":14,"enemies":"Snecko","floor":27,"turns":3},{"damage":4,"enemies":"3 Cultists","floor":31,"turns":2},{"damage":22,"enemies":"Automaton","floor":33,"turns":3},{"damage":5,"enemies":"Orb Walker","floor":35,"turns":2},{"damage":15,"enemies":"3 Darklings","floor":36,"turns":2},{"damage":27,"enemies":"Mysterious Sphere","floor":38,"turns":3},{"damage":30,"enemies":"4 Shapes","floor":39,"turns":3},{"damage":16,"enemies":"2 Orb Walkers","floor":40,"turns":2},{"damage":8,"enemies":"Maw","floor":45,"turns":2},{"damage":32,"enemies":"Nemesis","floor":46,"turns":3},{"damage":10,"enemies":"Sphere and 2 Shapes","floor":47,"turns":2},{"damage":31,"enemies":"Awakened One","floor":50,"turns":3}],"event_choices":[{"event_name":"Liars Game","player_choice":"agreed","floor":14,"damage_taken":0},{"event_name":"Beggar","player_choice":"Gave Gold","floor":19,"damage_taken":0},{"event_name":"Bonfire Elementals","player_choice":"BASIC","floor":20,"damage_taken":0},{"event_name":"The Lab","player_choice":"Got Potions","floor":22,"damage_taken":0},{"event_name":"The Joust","player_choice":"Bet on Murderer","floor":28,"damage_taken":0},{"event_name":"Mysterious Sphere","player_choice":"Fight","floor":38,"damage_taken":0},{"event_name":"Wheel of Change","player_choice":"Card Removal","floor":48,"damage_taken":0}],"boss_relics":[{"not_picked":["Tiny House","Ectoplasm"],"picked":"Philosopher\u0027s Stone"},{"not_picked":["White Beast Statue","Snecko Eye"],"picked":"Runic Cube"}],"potions_floor_spawned":[1,3,6,13,24,27,33,38,39,45,47],"seed_played":"8924846977747678427","ascension_level":0,"is_trial":false}