{"path_per_floor":["M","?","?","?","?","R","E","M","T","R","M","R","?","M","R","B",null,"M","$","M","M","?","E","?","R","T","M","$","R","M","?","R","B",null,"M","?","?","M","?","E","M","E","T","M","M","E","M","M","R","B"],"character_chosen":"IRONCLAD","items_purchased":["Bottled Lightning","Toolbox"],"gold_per_floor":[109,109,109,109,284,284,317,334,334,334,350,350,350,366,366,462,462,480,149,161,174,174,203,203,203,203,213,15,15,28,28,28,129,129,143,143,0,10,10,35,53,87,87,101,121,179,191,210,210,210],"floor_reached":51,"campfire_rested":1,"playtime":2644,"current_hp_per_floor":[74,74,74,67,67,67,33,32,32,32,38,38,38,36,60,38,80,80,80,74,74,74,80,80,80,80,79,79,79,79,79,79,64,80,80,80,80,80,80,65,69,61,61,37,44,47,77,95,95,83],"items_purged":["Defend_R"],"gold":210,"score":1098,"play_id":"8d612e39-e94d-4d1c-aa41-e8f43f1612f8","local_time":"20180410231757","is_prod":false,"is_daily":false,"is_ascension_mode":true,"campfire_upgraded":7,"timestamp":1523391477,"path_taken":["M","?","?","?","?","R","E","?","T","R","M","R","?","M","R","BOSS","M","$","M","M","?","E","?","R","T","?","?","R","?","?","R","BOSS","M","?","?","M","?","E","M","E","T","M","M","E","M","?","R","BOSS"],"build_version":"2018-04-05v2","purchased_purges":1,"victory":true,"master_deck":["Strike_R","Strike_R+1","Strike_R+1","Strike_R","Defend_R","Defend_R","Bash","Warcry+1","Flex+1","Doubt","Shockwave","Havoc+1","Havoc+1","Immolate","Corruption+1","Warcry+1","Decay","Warcry+1","Burning Pact+1","Reaper","Bloodletting+1","Havoc+1"],"max_hp_per_floor":[80,80,80,80,80,80,80,80,80,80,80,80,80,80,80,80,80,80,80,80,80,80,80,80,80,80,80,80,80,80,80,80,80,80,80,80,80,80,80,80,80,82,82,84,89,91,93,95,95,98],"relics":["Burning Blood","Dead Branch","Torii","Thread and Needle","Snecko Eye","Bottled Lightning","Shuriken","The Courier","Toolbox","Black Star","Red Mask","Kunai","Frozen Egg 2","Singing Bowl","Regal Pillow","Unceasing Top","Tiny Chest","Whetstone"],"card_choices":[{"not_picked":["Shrug It Off","Body Slam"],"picked":"Warcry","floor":0},{"not_picked":["Corruption","Clothesline"],"picked":"Flex","floor":1},{"not_picked":["Hemokinesis","Fire Breathing"],"picked":"Shockwave","floor":7},{"not_picked":["Twin Strike","Flame Barrier"],"picked":"Havoc","floor":8},{"not_picked":["Blood for Blood","Metallicize"],"picked":"Havoc","floor":11},{"not_picked":["Juggernaut","Demon Form"],"picked":"Immolate","floor":16},{"not_picked":["Headbutt","Power Through"],"picked":"Corruption","floor":20},{"not_picked":["Bloodletting","Armaments"],"picked":"Warcry","floor":21},{"not_picked":["Demon Form","Feel No Pain"],"picked":"Warcry","floor":23},{"not_picked":["Searing Blow","Flex"],"picked":"Burning Pact","floor":27},{"not_picked":["Limit Break","Impervious"],"picked":"Reaper","floor":33},{"not_picked":["Flex","True Grit"],"picked":"Bloodletting","floor":38},{"not_picked":["Warcry","Sword Boomerang"],"picked":"Havoc","floor":41}],"player_experience":373971,"potions_floor_usage":[23,50,50,50],"damage_taken":[{"damage":12,"enemies":"Jaw Worm","floor":1,"turns":4},{"damage":40,"enemies":"3 Sentries","floor":7,"turns":7},{"damage":7,"enemies":"Small Slimes","floor":8,"turns":5},{"damage":0,"enemies":"2 Louse","floor":11,"turns":3},{"damage":8,"enemies":"Exordium Wildlife","floor":14,"turns":4},{"damage":28,"enemies":"The Guardian","floor":16,"turns":6},{"damage":8,"enemies":"Chosen","floor":18,"turns":4},{"damage":12,"enemies":"2 Thieves","floor":20,"turns":2},{"damage":6,"enemies":"Chosen and Byrds","floor":21,"turns":4},{"damage":0,"enemies":"Gremlin Leader","floor":23,"turns":2},{"damage":7,"enemies":"Snecko","floor":27,"turns":3},{"damage":6,"enemies":"3 Cultists","floor":30,"turns":1},{"damage":21,"enemies":"Automaton","floor":33,"turns":6},{"damage":7,"enemies":"Orb Walker","floor":35,"turns":1},{"damage":0,"enemies":"3 Shapes","floor":38,"turns":2},{"damage":21,"enemies":"Nemesis","floor":40,"turns":5},{"damage":8,"enemies":"Maw","floor":41,"turns":4},{"damage":16,"enemies":"Giant Head","floor":42,"turns":1},{"damage":48,"enemies":"4 Shapes","floor":44,"turns":3},{"damage":4,"enemies":"Sphere and 2 Shapes","floor":45,"turns":1},{"damage":5,"enemies":"Nemesis","floor":46,"turns":3},{"damage":14,"enemies":"3 Darklings","floor":47,"turns":2},{"damage":23,"enemies":"4 Shapes","floor":48,"turns":3},{"damage":21,"enemies":"Donu and Deca","floor":50,"turns":2}],"event_choices":[{"event_name":"Living Wall","player_choice":"Forget","floor":2,"damage_taken":0},{"event_name":"The Woman in Blue","player_choice":"Bought 0 Potions","floor":3,"damage_taken":0},{"event_name":"Scrap Ooze","player_choice":"success","floor":4,"damage_taken":7},{"event_name":"Liars Game","player_choice":"agreed","floor":5,"damage_taken":0},{"event_name":"The Lab","player_choice":"Got Potions","floor":13,"damage_taken":0},{"event_name":"Forgotten Altar","player_choice":"Smashed Altar","floor":22,"damage_taken":0},{"event_name":"Vampires","player_choice":"Ignored","floor":24,"damage_taken":0},{"event_name":"Beggar","player_choice":"Ignored","floor":31,"damage_taken":0},{"event_name":"Match and Keep!","player_choice":"0 cards matched","floor":36,"damage_taken":0},{"event_name":"Tomb of Lord Red Mask","player_choice":"Paid","floor":37,"damage_taken":0}],"boss_relics":[{"not_picked":["Orrery","White Beast Statue"],"picked":"Snecko Eye"},{"not_picked":["Pandora\u0027s Box","Eternal Feather"],"picked":"Black Star"}],"potions_floor_spawned":[1,14,16,18,20,27,33,35,40,42,44,47],"seed_played":"5313542605951345671","ascension_level":4,"is_trial":false}