{"path_per_floor":["M","M","?","M","?","R","E","R","T","?","M","R","E","M","R","B",null,"M","M","?","?","?","R","$","M","T","R","M","E","?"],"character_chosen":"IRONCLAD","items_purchased":["Bag of Marbles"],"gold_per_floor":[111,129,129,144,219,219,249,249,295,295,313,313,339,357,357,452,452,465,481,461,461,461,461,237,251,332,332,352,381,381,381],"floor_reached":31,"campfire_rested":3,"playtime":781,"current_hp_per_floor":[42,42,42,48,37,37,8,32,32,16,14,38,28,26,50,47,72,78,78,78,63,63,63,63,62,62,62,37,38,22,0],"items_purged":["Defend_R"],"gold":381,"score":342,"play_id":"007e1664-5243-4ab7-831b-23f58e24aec2","local_time":"20180418101253","is_prod":false,"is_daily":false,"chose_seed":false,"is_ascension_mode":true,"campfire_upgraded":3,"timestamp":1524035573,"path_taken":["M","M","?","?","?","R","E","R","T","?","M","R","E","M","R","BOSS","M","M","?","?","?","R","$","M","T","R","M","E","?","M"],"build_version":"2018-04-12","seed_source_timestamp":314989528418534,"purchased_purges":1,"victory":false,"master_deck":["Strike_R+1","Strike_R","Strike_R","Strike_R","Strike_R+1","Defend_R+1","Defend_R","Bash+1","Reckless Charge+1","Thunderclap","Flex+1","Clash+1","Reaper","Clash","Inflame+1","Spot Weakness+1","Dual Wield","Necronomicurse"],"max_hp_per_floor":[80,80,80,80,80,80,80,80,80,80,80,80,80,80,80,80,80,80,80,80,85,85,85,85,85,85,85,85,85,85,85],"relics":["Burning Blood","Charon\u0027s Ashes","Whetstone","Ancient Tea Set","Ginger","Orrery","Bag of Marbles","Blue Candle","Juzu Bracelet","Necronomicon"],"card_choices":[{"not_picked":["Warcry","Armaments"],"picked":"Reckless Charge","floor":1},{"not_picked":["Intimidate","Warcry"],"picked":"Thunderclap","floor":2},{"not_picked":["Body Slam","Flame Barrier"],"picked":"Flex","floor":11},{"not_picked":["Combust","Anger"],"picked":"Clash","floor":14},{"not_picked":["Exhume","Fiend Fire"],"picked":"Reaper","floor":16},{"not_picked":["Pommel Strike","True Grit"],"picked":"Clash","floor":17},{"not_picked":["Sentinel","Thunderclap"],"picked":"Inflame","floor":18},{"not_picked":["Perfected Strike","Searing Blow"],"picked":"Spot Weakness","floor":19},{"not_picked":["Sentinel","Dropkick"],"picked":"Dual Wield","floor":28}],"player_experience":383158,"potions_floor_usage":[7,19,29,31],"damage_taken":[{"damage":0,"enemies":"2 Louse","floor":1,"turns":3},{"damage":6,"enemies":"Cultist","floor":2,"turns":4},{"damage":0,"enemies":"Small Slimes","floor":4,"turns":3},{"damage":35,"enemies":"Lagavulin","floor":7,"turns":5},{"damage":8,"enemies":"3 Louse","floor":11,"turns":3},{"damage":16,"enemies":"Gremlin Nob","floor":13,"turns":3},{"damage":8,"enemies":"Blue Slaver","floor":14,"turns":2},{"damage":9,"enemies":"Slime Boss","floor":16,"turns":7},{"damage":0,"enemies":"Spheric Guardian","floor":18,"turns":3},{"damage":6,"enemies":"3 Byrds","floor":19,"turns":4},{"damage":21,"enemies":"Centurion and Healer","floor":25,"turns":4},{"damage":37,"enemies":"Snecko","floor":28,"turns":4},{"damage":27,"enemies":"Book of Stabbing","floor":29,"turns":3},{"damage":31,"enemies":"Cultist and Chosen","floor":31,"turns":2}],"event_choices":[{"event_name":"Living Wall","player_choice":"Forget","floor":3,"damage_taken":0},{"event_name":"World of Goop","player_choice":"Gather Gold","floor":5,"damage_taken":0},{"event_name":"Shining Light","player_choice":"Entered Light","floor":10,"damage_taken":0},{"event_name":"The Woman in Blue","player_choice":"Bought 1 Potion","floor":20,"damage_taken":0},{"event_name":"Forgotten Altar","player_choice":"Shed Blood","floor":21,"damage_taken":0},{"event_name":"The Lab","player_choice":"Got Potions","floor":22,"damage_taken":0},{"event_name":"Cursed Tome","player_choice":"Obtained Book","floor":30,"damage_taken":0}],"boss_relics":[{"not_picked":["White Beast Statue","Snecko Eye"],"picked":"Orrery"}],"potions_floor_spawned":[2,4,7,18],"seed_played":"6312067613844453560","killed_by":"Cultist and Chosen","ascension_level":6,"is_trial":false}