{"path_per_floor":["M","$","?","M","?","R","$","M","T","E","R","M","M","E","R","B",null,"M","?","?","?","$","R"],"character_chosen":"IRONCLAD","items_purchased":["Flex","Molten Egg 2","Whirlwind"],"gold_per_floor":[111,36,36,47,122,122,98,110,180,205,205,215,228,261,261,360,360,375,375,375,375,55,55,55],"floor_reached":24,"campfire_rested":1,"playtime":538,"current_hp_per_floor":[78,78,78,80,69,69,69,75,75,48,48,33,19,16,57,14,69,72,72,72,60,60,60,0],"items_purged":["Defend_R"],"gold":55,"score":298,"play_id":"483293a2-8241-4461-99c6-75ab40e1b82f","local_time":"20180420015359","is_prod":false,"is_daily":false,"chose_seed":false,"is_ascension_mode":true,"campfire_upgraded":3,"timestamp":1524178439,"path_taken":["M","$","?","M","?","R","$","?","T","E","R","M","?","E","R","BOSS","M","?","?","?","$","R","E"],"build_version":"2018-04-12","seed_source_timestamp":27735105802560,"purchased_purges":1,"victory":false,"master_deck":["Defend_R","Defend_R","Defend_R","Bash","Flex+1","Flex+1","Hemokinesis","Uppercut+1","Thunderclap","Pummel","Offering","Pummel","Writhe","Bite","Bite","Bite","Bite","Bite","Whirlwind+1"],"max_hp_per_floor":[80,80,80,80,80,80,80,80,80,80,80,80,80,87,87,87,87,87,87,87,60,60,60,60],"relics":["Burning Blood","NeowsBlessing","Question Card","Regal Pillow","Strawberry","Velvet Choker","Pantograph","Molten Egg 2"],"card_choices":[{"not_picked":["Reckless Charge","Infernal Blade"],"picked":"Flex","floor":1},{"not_picked":["Entrench","Uppercut"],"picked":"Hemokinesis","floor":8},{"not_picked":["True Grit","Battle Trance","Metallicize"],"picked":"Uppercut","floor":10},{"not_picked":["Pommel Strike","Iron Wave","Havoc"],"picked":"Thunderclap","floor":12},{"not_picked":["True Grit","Intimidate","Impervious"],"picked":"Pummel","floor":13},{"not_picked":["Bludgeon","Exhume","Impervious"],"picked":"Offering","floor":16}],"player_experience":386741,"potions_floor_usage":[12,13,14,14],"damage_taken":[{"damage":0,"enemies":"2 Louse","floor":1,"turns":1},{"damage":0,"enemies":"Cultist","floor":4,"turns":1},{"damage":0,"enemies":"Jaw Worm","floor":8,"turns":1},{"damage":33,"enemies":"3 Sentries","floor":10,"turns":8},{"damage":21,"enemies":"Lots of Slimes","floor":12,"turns":4},{"damage":20,"enemies":"Exordium Thugs","floor":13,"turns":3},{"damage":16,"enemies":"Lagavulin","floor":14,"turns":3},{"damage":49,"enemies":"Slime Boss","floor":16,"turns":10},{"damage":3,"enemies":"Chosen","floor":18,"turns":4},{"damage":64,"enemies":"Slavers","floor":24,"turns":3}],"event_choices":[{"event_name":"The Lab","player_choice":"Got Potions","floor":3,"damage_taken":0},{"event_name":"World of Goop","player_choice":"Gather Gold","floor":5,"damage_taken":0},{"event_name":"The Library","player_choice":"Read","floor":19,"damage_taken":0},{"event_name":"The Mausoleum","player_choice":"Yes","floor":20,"damage_taken":0},{"event_name":"Vampires","player_choice":"Became a vampire","floor":21,"damage_taken":0}],"boss_relics":[{"not_picked":["Tiny House","White Beast Statue"],"picked":"Velvet Choker"}],"potions_floor_spawned":[8,10,12,14,16],"seed_played":"4386847159343516720","killed_by":"Slavers","ascension_level":7,"is_trial":false}