{"path_per_floor":["M","?","?","?","?","R","E","R","T","E","$","M","$","M","R","B",null,"M","$","?","M","M","E","R","?","T","M","R","M","M","?","R","B",null,"M","M","$","?","M","R","?","M","T","?","R","M","$","E","R","B"],"character_chosen":"IRONCLAD","items_purchased":["Flex","Singing Bowl","Whirlwind","Flex","Bottled Flame","Bag of Preparation","War Paint","Trip"],"gold_per_floor":[216,166,166,166,341,341,380,380,380,413,133,152,34,50,50,174,174,187,87,87,103,118,158,158,73,99,114,114,135,151,151,151,282,282,305,323,198,557,581,581,914,933,1007,1107,1107,1124,317,349,349,349],"floor_reached":51,"campfire_rested":2,"playtime":847,"current_hp_per_floor":[71,71,51,44,44,44,27,66,66,28,28,32,32,40,40,67,80,84,84,84,85,90,64,64,64,64,63,63,69,75,98,98,74,94,71,71,71,66,70,106,106,108,108,108,108,110,110,112,112,112],"items_purged":["Doubt","Defend_R","Defend_R","Strike_R"],"gold":349,"score":1096,"play_id":"1c2763d2-1948-404e-9272-621dbb41ebb7","local_time":"20180418102727","is_prod":false,"is_daily":false,"chose_seed":false,"is_ascension_mode":true,"campfire_upgraded":6,"timestamp":1524036447,"path_taken":["M","?","?","?","?","R","E","R","T","E","$","M","$","M","R","BOSS","M","$","?","M","M","E","R","?","T","M","R","M","?","?","R","BOSS","M","M","$","?","M","R","?","M","T","?","R","M","$","E","R","BOSS"],"build_version":"2018-04-12","seed_source_timestamp":315791761233000,"purchased_purges":4,"victory":true,"master_deck":["Strike_R","Strike_R","Strike_R","Strike_R","Bash","Flex+1","Offering+1","Flex+1","Whirlwind+1","Flex+1","Double Tap+1","Flex+1","Trip"],"max_hp_per_floor":[80,80,80,80,80,80,80,80,80,80,80,82,82,84,84,84,84,86,86,86,88,90,92,92,92,92,94,94,96,98,98,98,100,100,102,104,104,106,106,106,106,108,108,108,108,110,110,112,112,112],"relics":["Burning Blood","Regal Pillow","Pantograph","Ornamental Fan","Singing Bowl","Sozu","Centennial Puzzle","Self Forming Clay","Anchor","Blood Vial","Lizard Tail","Old Coin","Shuriken","Bottled Flame","Bag of Preparation","War Paint","Shovel","Toxic Egg 2"],"card_choices":[{"not_picked":["Clothesline","Blood for Blood"],"picked":"Flex","floor":1},{"not_picked":["Warcry","Hemokinesis"],"picked":"Offering","floor":7},{"not_picked":["Limit Break","Immolate"],"picked":"Double Tap","floor":16},{"not_picked":["Body Slam","Armaments"],"picked":"Flex","floor":39}],"player_experience":383939,"potions_floor_usage":[50],"damage_taken":[{"damage":7,"enemies":"2 Louse","floor":1,"turns":3},{"damage":23,"enemies":"Gremlin Nob","floor":7,"turns":4},{"damage":44,"enemies":"Lagavulin","floor":10,"turns":4},{"damage":4,"enemies":"Cultist","floor":12,"turns":1},{"damage":0,"enemies":"Small Slimes","floor":14,"turns":2},{"damage":4,"enemies":"Slime Boss","floor":16,"turns":3},{"damage":4,"enemies":"Shell Parasite","floor":18,"turns":1},{"damage":7,"enemies":"3 Byrds","floor":21,"turns":2},{"damage":0,"enemies":"Snecko","floor":22,"turns":2},{"damage":34,"enemies":"Slavers","floor":23,"turns":2},{"damage":11,"enemies":"Sentry and Sphere","floor":27,"turns":3},{"damage":4,"enemies":"Snake Plant","floor":29,"turns":1},{"damage":4,"enemies":"Centurion and Healer","floor":30,"turns":3},{"damage":32,"enemies":"Collector","floor":33,"turns":3},{"damage":33,"enemies":"3 Darklings","floor":35,"turns":3},{"damage":10,"enemies":"3 Shapes","floor":36,"turns":1},{"damage":15,"enemies":"Mysterious Sphere","floor":38,"turns":2},{"damage":4,"enemies":"3 Darklings","floor":39,"turns":2},{"damage":4,"enemies":"Sphere and 2 Shapes","floor":42,"turns":1},{"damage":4,"enemies":"Maw","floor":46,"turns":2},{"damage":4,"enemies":"Giant Head","floor":48,"turns":2},{"damage":6,"enemies":"Donu and Deca","floor":50,"turns":2}],"event_choices":[{"event_name":"The Cleric","player_choice":"Card Removal","floor":2,"damage_taken":0},{"event_name":"Golden Idol","player_choice":"Take Damage","floor":3,"damage_taken":0},{"event_name":"Golden Wing","player_choice":"Card Removal","floor":4,"damage_taken":0},{"event_name":"Liars Game","player_choice":"agreed","floor":5,"damage_taken":0},{"event_name":"The Mausoleum","player_choice":"Yes","floor":20,"damage_taken":0},{"event_name":"Addict","player_choice":"Obtained Relic","floor":25,"damage_taken":0},{"event_name":"The Library","player_choice":"Heal","floor":31,"damage_taken":0},{"event_name":"Mysterious Sphere","player_choice":"Fight","floor":38,"damage_taken":0},{"event_name":"The Moai Head","player_choice":"Gave Idol","floor":41,"damage_taken":0},{"event_name":"Golden Shrine","player_choice":"Pray","floor":44,"damage_taken":0}],"boss_relics":[{"not_picked":["Tiny House","Astrolabe"],"picked":"Sozu"},{"not_picked":["Calling Bell","White Beast Statue"],"picked":"Lizard Tail"}],"potions_floor_spawned":[10,16,23,27,29,33,35,38,39,46],"seed_played":"6267245503190676567","ascension_level":6,"is_trial":false}