{"path_per_floor":["M","M","?","M","?","R","?","R","T","E","T","$","R","E","R","B",null,"M","?","M","M","T"],"character_chosen":"THE_SILENT","items_purchased":["Well Laid Plans"],"gold_per_floor":[111,129,204,219,219,219,219,219,219,250,274,205,205,230,230,332,332,345,345,361,373,373],"floor_reached":23,"campfire_rested":2,"playtime":2117,"current_hp_per_floor":[66,66,55,55,48,48,34,55,55,37,44,44,67,57,57,42,77,58,58,42,11,11],"items_purged":[],"gold":373,"play_id":"85948732-6896-4246-b4c2-3425320bb91f","is_prod":false,"is_daily":false,"campfire_rituals":0,"campfire_upgraded":2,"is_hardmode":false,"path_taken":["M","?","?","?","?","R","?","R","T","E","?","$","R","E","R","BOSS","M","?","M","M","?","E"],"build_version":"2018-01-18-PROD2","purchased_purges":0,"victory":false,"master_deck":["Defend_G","Defend_G","Defend_G","Defend_G","Strike_G","Strike_G","Strike_G","Strike_G","Strike_G","Survivor","Neutralize","Crippling Poison","Catalyst","Tools of the Trade","Quick Slash","Well Laid Plans","Noxious Fumes","Venomology","Deadly Poison","Dagger Throw","Corpse Explosion","Deadly Poison","Adrenaline","Terror","Quick Slash","Bane"],"max_hp_per_floor":[70,70,70,70,70,70,70,70,70,70,77,77,77,77,77,77,77,77,77,77,77,77],"relics":["Velvet Choker","Tingsha","Mummified Hand","Strawberry","Whetstone","Orrery","Ancient Tea Set"],"campfire_meditates":0,"card_choices":[{"not_picked":["Dodge and Roll","Heel Hook"],"picked":"Crippling Poison"},{"not_picked":["Flying Knee","Slice"],"picked":"Catalyst"},{"not_picked":["Acrobatics","Finisher"],"picked":"Tools of the Trade"},{"not_picked":["Bullet Time","PiercingWail"],"picked":"Quick Slash"},{"not_picked":["Die Die Die","Skewer"],"picked":"Noxious Fumes"},{"not_picked":["Wraith Form","Night Terror"],"picked":"Venomology"},{"not_picked":["Masterful Stab","PiercingWail"],"picked":"Deadly Poison"},{"not_picked":["Acrobatics","Outmaneuver"],"picked":"Dagger Throw"},{"not_picked":["Backflip","Dagger Spray"],"picked":"Corpse Explosion"},{"not_picked":["Deflect","Flying Knee"],"picked":"Deadly Poison"},{"not_picked":["Backflip","Dagger Spray"],"picked":"Adrenaline"},{"not_picked":["Dodge and Roll","Blade Dance"],"picked":"Terror"},{"not_picked":["Dagger Spray","Eviscerate"],"picked":"Quick Slash"},{"not_picked":["Finisher","Backflip"],"picked":"Bane"}],"player_experience":19801,"potions_floor_usage":[10,14,16,20,23,23,23,23],"damage_taken":[{"damage":4,"enemies":"Blue Slaver","floor":1,"turns":5},{"damage":0,"enemies":"2 Louse","floor":2,"turns":5},{"damage":0,"enemies":"Jaw Worm","floor":4,"turns":4},{"damage":18,"enemies":"3 Sentries","floor":10,"turns":7},{"damage":10,"enemies":"Gremlin Nob","floor":14,"turns":4},{"damage":15,"enemies":"Slime Boss","floor":16,"turns":8},{"damage":19,"enemies":"Chosen","floor":18,"turns":5},{"damage":16,"enemies":"2 Thieves","floor":20,"turns":4},{"damage":31,"enemies":"Snake Plant","floor":21,"turns":3},{"damage":24,"enemies":"Book of Stabbing","floor":23,"turns":4}],"event_choices":[{"event_name":"World of Goop","player_choice":"Gather Gold","floor":3,"damage_taken":0},{"event_name":"Golden Wing","player_choice":"Card Removal","floor":5,"damage_taken":0},{"event_name":"Shining Light","player_choice":"Entered Light","floor":7,"damage_taken":0},{"event_name":"The Lab","player_choice":"Got Potions","floor":19,"damage_taken":0}],"boss_relics":[{"not_picked":["Tiny House","Eternal Feather"],"picked":"Orrery"}],"potions_floor_spawned":[4,10,14],"seed_played":"19090314607339257","killed_by":"Book of Stabbing","is_trial":false}