{"path_per_floor":["M","M","?","M","M","R","E","?","T","M","?","R","?","?","R","B",null,"M","$","M","?","M","R","M"],"character_chosen":"THE_SILENT","items_purchased":["Anchor"],"gold_per_floor":[119,132,132,147,163,163,194,194,220,240,220,220,220,220,220,319,319,329,181,200,200,219,219,233],"floor_reached":25,"campfire_rested":1,"playtime":3571,"current_hp_per_floor":[70,66,52,52,40,40,36,70,70,66,66,66,66,66,66,66,70,59,59,37,21,2,38,26],"items_purged":[],"gold":233,"play_id":"5ece5bb9-0c19-4e97-b126-1d475375c967","is_prod":false,"is_daily":false,"campfire_rituals":0,"campfire_upgraded":2,"is_hardmode":false,"path_taken":["M","?","?","M","?","R","E","?","T","M","?","R","?","?","R","BOSS","M","$","M","?","M","R","M","E"],"build_version":"2018-01-18-PROD3","purchased_purges":0,"victory":false,"master_deck":["Defend_G","Defend_G","Defend_G","Defend_G","Defend_G","Strike_G","Strike_G","Strike_G","Strike_G","Strike_G","Survivor","Neutralize","Blade Dance","Malaise","Dagger Throw","Tools of the Trade","Deflect","Glass Knife","Unload","Eviscerate","Terror","Necronomicurse","Poisoned Stab","Dagger Throw"],"max_hp_per_floor":[70,70,70,70,70,70,70,70,70,70,70,70,70,70,70,70,70,70,70,70,70,70,70,70],"relics":["Ring of the Snake","Peace Pipe","Juzu Bracelet","Regal Pillow","Lizard Tail","Anchor","Necronomicon"],"campfire_meditates":0,"card_choices":[{"not_picked":["Outmaneuver","Acrobatics"],"picked":"Blade Dance"},{"not_picked":["Deadly Poison","Backstab"],"picked":"Malaise"},{"not_picked":["Flying Knee","Outmaneuver"],"picked":"Dagger Throw"},{"not_picked":["Deadly Poison","Quick Slash"],"picked":"Tools of the Trade"},{"not_picked":["Prepared","Flying Knee"],"picked":"Deflect"},{"not_picked":["Envenom","Die Die Die"],"picked":"Unload"},{"not_picked":["Blade Dance","Leg Sweep"],"picked":"Eviscerate"},{"not_picked":["Calculated Gamble","Outmaneuver"],"picked":"Terror"},{"not_picked":["Dagger Spray","Malaise"],"picked":"Poisoned Stab"},{"not_picked":["Dodge and Roll","Slice"],"picked":"Dagger Throw"}],"player_experience":24438,"potions_floor_usage":[5,5,7,16,16,22,25],"damage_taken":[{"damage":0,"enemies":"Blue Slaver","floor":1,"turns":7},{"damage":4,"enemies":"Jaw Worm","floor":2,"turns":5},{"damage":0,"enemies":"Small Slimes","floor":4,"turns":4},{"damage":12,"enemies":"Gremlin Gang","floor":5,"turns":9},{"damage":4,"enemies":"Gremlin Nob","floor":7,"turns":5},{"damage":4,"enemies":"Lots of Slimes","floor":10,"turns":5},{"damage":0,"enemies":"Hexaghost","floor":16,"turns":15},{"damage":11,"enemies":"Spheric Guardian","floor":18,"turns":4},{"damage":22,"enemies":"Chosen","floor":20,"turns":5},{"damage":19,"enemies":"Centurion and Healer","floor":22,"turns":12},{"damage":12,"enemies":"Snecko","floor":24,"turns":5},{"damage":68,"enemies":"Gremlin Leader","floor":25,"turns":5}],"event_choices":[{"event_name":"Shining Light","player_choice":"Entered Light","floor":3,"damage_taken":0},{"event_name":"Wheel of Change","player_choice":"Full Heal","floor":8,"damage_taken":0},{"event_name":"The Woman in Blue","player_choice":"Bought 1 Potion","floor":11,"damage_taken":0},{"event_name":"Upgrade Shrine","player_choice":"Upgraded","floor":13,"damage_taken":0},{"event_name":"Match and Keep!","player_choice":"1 cards matched","floor":14,"damage_taken":0},{"event_name":"Cursed Tome","player_choice":"Obtained Book","floor":21,"damage_taken":0}],"boss_relics":[{"not_picked":["Question Card","Eternal Feather"],"picked":"Lizard Tail"}],"potions_floor_spawned":[1,4,5,7,20,22],"seed_played":"3391496942903204526","killed_by":"Gremlin Leader","is_trial":false}