{"path_per_floor":["M","M","M","M","?","R","?","R","T","R","E","?","E","M","R","B",null,"M","?","?","?","M"],"character_chosen":"THE_SILENT","items_purchased":[],"gold_per_floor":[20,34,53,66,66,66,16,16,16,16,44,44,79,89,89,193,193,212,212,212,112,123],"floor_reached":23,"campfire_rested":0,"playtime":2540,"current_hp_per_floor":[63,63,63,61,61,61,61,61,61,61,40,26,10,10,10,4,70,49,49,49,49,29],"items_purged":[],"gold":123,"play_id":"68fdb134-7705-488a-a887-e0d8554a6983","is_prod":false,"is_daily":false,"campfire_rituals":0,"campfire_upgraded":4,"is_hardmode":false,"path_taken":["M","?","M","M","?","R","?","R","T","R","E","?","E","M","R","BOSS","M","?","?","?","?","E"],"build_version":"2018-01-18-PROD4","purchased_purges":0,"victory":false,"master_deck":["Defend_G","Defend_G","Defend_G","Defend_G","Survivor","Neutralize","Terror","Deflect","Calculated Gamble","Quick Slash","Dagger Throw","Burst","Envenom","Well Laid Plans","Bite_G","Bite_G","Bite_G","Bite_G","Bite_G","PiercingWail","J.A.X."],"max_hp_per_floor":[70,70,70,70,70,70,70,70,70,70,70,70,70,70,70,70,70,70,49,49,49,49],"relics":["Ring of the Snake","Pantograph","Oddly Smooth Stone","Gambling Chip","Black Star"],"campfire_meditates":0,"card_choices":[{"not_picked":["Outmaneuver","Dodge and Roll"],"picked":"Deflect"},{"not_picked":["Terror","Sucker Punch"],"picked":"Calculated Gamble"},{"not_picked":["Underhanded Strike","Cloak And Dagger"],"picked":"Quick Slash"},{"not_picked":["All Out Attack","Noxious Fumes"],"picked":"Dagger Throw"},{"not_picked":["Riddle With Holes","Escape Plan"],"picked":"Burst"},{"not_picked":["Corpse Explosion","Venomology"],"picked":"Envenom"},{"not_picked":["Backflip","Outmaneuver"],"picked":"Well Laid Plans"}],"player_experience":87770,"potions_floor_usage":[13,16,23],"damage_taken":[{"damage":7,"enemies":"Blue Slaver","floor":1,"turns":6},{"damage":0,"enemies":"Small Slimes","floor":2,"turns":5},{"damage":0,"enemies":"Cultist","floor":3,"turns":4},{"damage":2,"enemies":"Looter","floor":4,"turns":4},{"damage":21,"enemies":"Gremlin Nob","floor":11,"turns":4},{"damage":16,"enemies":"3 Sentries","floor":13,"turns":8},{"damage":0,"enemies":"Exordium Wildlife","floor":14,"turns":3},{"damage":31,"enemies":"Hexaghost","floor":16,"turns":11},{"damage":21,"enemies":"3 Byrds","floor":18,"turns":11},{"damage":29,"enemies":"Spheric Guardian","floor":22,"turns":6},{"damage":41,"enemies":"Book of Stabbing","floor":23,"turns":6}],"event_choices":[{"event_name":"Purifier","player_choice":"One Purge","floor":5,"damage_taken":0},{"event_name":"The Cleric","player_choice":"Card Removal","floor":7,"damage_taken":0},{"event_name":"Shining Light","player_choice":"Entered Light","floor":12,"damage_taken":0},{"event_name":"Vampires","player_choice":"Became a vampire","floor":19,"damage_taken":0},{"event_name":"The Library","player_choice":"Read","floor":20,"damage_taken":0},{"event_name":"Drug Dealer","player_choice":"Got JAXXED","floor":21,"damage_taken":0}],"boss_relics":[{"not_picked":["Ectoplasm","The Specimen"],"picked":"Black Star"}],"potions_floor_spawned":[2,11,14,18],"seed_played":"5417871072416750120","killed_by":"Book of Stabbing","is_trial":false}