{"path_per_floor":["M","$","?","M","$","R","E","M","T","R","M","M","M","$","R","B",null,"M","?","M","M","T"],"character_chosen":"THE_SILENT","items_purchased":["Footwork","Blur","Noxious Fumes"],"gold_per_floor":[111,8,8,33,33,33,74,95,95,95,116,137,151,9,9,130,130,113,113,128,152,152],"floor_reached":23,"campfire_rested":2,"playtime":3441,"current_hp_per_floor":[67,67,67,67,67,67,48,48,48,69,50,43,34,34,55,54,70,49,49,34,21,21],"items_purged":["Injury"],"gold":152,"play_id":"8723bae8-3041-45c6-9825-d3bec1a77bf4","is_prod":false,"is_daily":false,"campfire_rituals":0,"campfire_upgraded":1,"is_hardmode":false,"path_taken":["M","$","?","M","?","R","E","M","T","R","M","M","?","$","R","BOSS","M","?","?","M","?","E"],"build_version":"2018-01-18-PROD2","purchased_purges":1,"victory":false,"master_deck":["Defend_G","Defend_G","Defend_G","Defend_G","Strike_G","Strike_G","Strike_G","Strike_G","Strike_G","Survivor","Neutralize","Terror","Footwork","Blur","Sucker Punch","Well Laid Plans","Deflect","Catalyst","Crippling Poison","Tools of the Trade","Noxious Fumes","Unload","Infinite Blades","Heel Hook","Deadly Poison"],"max_hp_per_floor":[70,70,70,70,70,70,70,70,70,70,70,70,70,70,70,70,70,70,70,70,70,70],"relics":["Ring of the Snake","Golden Idol","Tough Bandages","Snake Skull","Black Star","Tingsha"],"campfire_meditates":0,"card_choices":[{"not_picked":["Noxious Fumes","PiercingWail"],"picked":"Terror"},{"not_picked":["Dash","Dagger Throw"],"picked":"Sucker Punch"},{"not_picked":["Bane","Deflect"],"picked":"Well Laid Plans"},{"not_picked":["PiercingWail","Catalyst"],"picked":"Deflect"},{"not_picked":["Dodge and Roll","Slice"],"picked":"Catalyst"},{"not_picked":["Choke","Deflect"],"picked":"Crippling Poison"},{"not_picked":["Skewer","Finisher"],"picked":"Tools of the Trade"},{"not_picked":["After Image","Venomology"],"picked":"Unload"},{"not_picked":["Backflip","Dagger Throw"],"picked":"Infinite Blades"},{"not_picked":["PiercingWail","Dodge and Roll"],"picked":"Heel Hook"},{"not_picked":["Leg Sweep","Flying Knee"],"picked":"Deadly Poison"}],"player_experience":13114,"potions_floor_usage":[16,23,23],"damage_taken":[{"damage":3,"enemies":"Blue Slaver","floor":1,"turns":5},{"damage":0,"enemies":"2 Louse","floor":4,"turns":5},{"damage":19,"enemies":"Lagavulin","floor":7,"turns":10},{"damage":0,"enemies":"Cultist","floor":8,"turns":4},{"damage":19,"enemies":"Gremlin Gang","floor":11,"turns":10},{"damage":7,"enemies":"Large Slime","floor":12,"turns":10},{"damage":9,"enemies":"2 Fungi Beasts","floor":13,"turns":4},{"damage":1,"enemies":"The Guardian","floor":16,"turns":8},{"damage":21,"enemies":"2 Thieves","floor":18,"turns":5},{"damage":15,"enemies":"Shell Parasite","floor":20,"turns":7},{"damage":13,"enemies":"Snake Plant","floor":21,"turns":6},{"damage":21,"enemies":"Slavers","floor":23,"turns":3}],"event_choices":[{"event_name":"Golden Idol","player_choice":"Take Wound","floor":3,"damage_taken":0},{"event_name":"Upgrade Shrine","player_choice":"Upgraded","floor":19,"damage_taken":0}],"boss_relics":[{"not_picked":["Tiny House","Eternal Feather"],"picked":"Black Star"}],"potions_floor_spawned":[1,8,13],"seed_played":"-3970468667029083496","killed_by":"Slavers","is_trial":false}