{"path_per_floor":["M","?","?","M","$","R","E","M","T","M","M","E","R","?","R","B",null,"M","?","?","$","?","R","E","?","T","M","M","R","M","M","R","B",null,"M","M","?","M","$","E","M","E","T","$","M","M","R","M","R","B"],"character_chosen":"THE_SILENT","items_purchased":["Well Laid Plans","Vajra","Paper Crane","Backflip","Footwork","Ginger","Elixir"],"gold_per_floor":[114,114,289,300,38,38,66,83,83,100,115,447,447,447,447,544,544,564,564,564,183,183,183,209,124,124,142,155,155,168,184,184,283,283,300,320,320,337,237,263,276,308,361,12,32,43,43,59,59,59],"floor_reached":51,"campfire_rested":2,"playtime":5070,"current_hp_per_floor":[70,70,70,69,69,69,68,69,69,68,70,64,64,57,57,49,70,53,37,37,37,37,58,70,80,80,78,77,77,79,80,80,42,80,63,56,56,49,49,64,65,56,62,62,59,60,60,62,86,53],"items_purged":["Doubt","Defend_G"],"gold":59,"play_id":"4fcdff9e-08e9-4683-8c32-1d37616edba3","is_prod":false,"is_daily":false,"campfire_rituals":0,"campfire_upgraded":6,"is_hardmode":false,"path_taken":["M","?","?","M","$","R","E","M","T","?","M","E","R","?","R","BOSS","M","?","?","$","?","R","E","?","T","M","M","R","M","M","R","BOSS","M","M","?","M","?","E","M","E","T","$","M","M","R","M","R","BOSS"],"build_version":"2018-01-18-PROD4","purchased_purges":3,"victory":true,"master_deck":["Defend_G","Defend_G","Defend_G","Defend_G","Strike_G","Strike_G","Strike_G","Survivor","Neutralize","Leg Sweep","Noxious Fumes","Well Laid Plans","Dagger Throw","Decay","Dagger Throw","Doppelganger","Necronomicurse","Backflip","Footwork","Dash","Backflip","Regret","Acrobatics","Skewer","Choke","Tools of the Trade","Quick Slash","Writhe"],"max_hp_per_floor":[70,70,70,70,70,70,70,70,70,70,70,70,70,70,70,70,70,70,70,70,70,70,70,70,80,80,80,80,80,80,80,80,80,80,80,80,80,80,80,80,80,80,86,86,86,86,86,86,86,86],"relics":["Cursed Key","Vajra","Blood Vial","Du-Vu Doll","Old Coin","Philosopher\u0027s Stone","Necronomicon","Paper Crane","Happy Flower","Pear","Sundial","Question Card","Prayer Wheel","Darkstone Periapt","Tiny Chest","Ginger"],"campfire_meditates":0,"card_choices":[{"not_picked":["Choke","Bane"],"picked":"Leg Sweep"},{"not_picked":["Blade Dance","Flechettes"],"picked":"Noxious Fumes"},{"not_picked":["Blur","All Out Attack"],"picked":"Dagger Throw"},{"not_picked":["Deadly Poison","Dagger Spray"],"picked":"Dagger Throw"},{"not_picked":["Bullet Time","Storm of Steel"],"picked":"Doppelganger"},{"not_picked":["Outmaneuver","Burst"],"picked":"Backflip"},{"not_picked":["Quick Slash","Distraction"],"picked":"Acrobatics"},{"not_picked":["Underhanded Strike","Backflip"],"picked":"Skewer"},{"not_picked":["Blade Dance","Unload"],"picked":"Choke"},{"not_picked":["Venomology","Corpse Explosion"],"picked":"Tools of the Trade"},{"not_picked":["Acrobatics","Riddle With Holes","Endless Agony"],"picked":"Quick Slash"}],"player_experience":100800,"potions_floor_usage":[16,18,24,33,35,40,40,45,50],"damage_taken":[{"damage":0.0,"enemies":"2 Louse","floor":1.0,"turns":3.0},{"damage":1.0,"enemies":"Blue Slaver","floor":4.0,"turns":7.0},{"damage":1,"enemies":"Lagavulin","floor":7,"turns":9},{"damage":1,"enemies":"Cultist","floor":8,"turns":4},{"damage":2,"enemies":"Looter","floor":10,"turns":3},{"damage":0,"enemies":"2 Fungi Beasts","floor":11,"turns":3},{"damage":6,"enemies":"3 Sentries","floor":12,"turns":6},{"damage":10,"enemies":"Slime Boss","floor":16,"turns":10},{"damage":17,"enemies":"Spheric Guardian","floor":18,"turns":5},{"damage":0,"enemies":"Book of Stabbing","floor":24,"turns":5},{"damage":2,"enemies":"Chosen","floor":27,"turns":2},{"damage":3,"enemies":"Centurion and Healer","floor":28,"turns":5},{"damage":0,"enemies":"Sentry and Sphere","floor":30,"turns":2},{"damage":0,"enemies":"Chosen and Byrds","floor":31,"turns":3},{"damage":38,"enemies":"Automaton","floor":33,"turns":7},{"damage":17,"enemies":"3 Shapes","floor":35,"turns":3},{"damage":9,"enemies":"Orb Walker","floor":36,"turns":3},{"damage":9,"enemies":"Sphere and 2 Shapes","floor":38,"turns":5},{"damage":2,"enemies":"Nemesis","floor":40,"turns":7},{"damage":1,"enemies":"3 Darklings","floor":41,"turns":4},{"damage":11,"enemies":"2 Orb Walkers","floor":42,"turns":4},{"damage":5,"enemies":"4 Shapes","floor":45,"turns":5},{"damage":1,"enemies":"Sphere and 2 Shapes","floor":46,"turns":5},{"damage":0,"enemies":"Maw","floor":48,"turns":6},{"damage":33,"enemies":"Donu and Deca","floor":50,"turns":9}],"event_choices":[{"event_name":"The Woman in Blue","player_choice":"Bought 0 Potions","floor":2.0,"damage_taken":0.0},{"event_name":"Liars Game","player_choice":"agreed","floor":3.0,"damage_taken":0.0},{"event_name":"Golden Wing","player_choice":"Card Removal","floor":14,"damage_taken":0},{"event_name":"Cursed Tome","player_choice":"Obtained Book","floor":19,"damage_taken":0},{"event_name":"Back to Basics","player_choice":"Simplicity","floor":20,"damage_taken":0},{"event_name":"The Library","player_choice":"Read","floor":22,"damage_taken":0},{"event_name":"Addict","player_choice":"Obtained Relic","floor":25,"damage_taken":0},{"event_name":"Bonfire Elementals","player_choice":"BASIC","floor":37,"damage_taken":0}],"boss_relics":[{"not_picked":["Sozu","Velvet Choker"],"picked":"Philosopher\u0027s Stone"},{"not_picked":["Black Star","The Specimen"],"picked":"Question Card"}],"potions_floor_spawned":[1,10,12,16,18,28,30,38,40],"seed_played":"4972007011474285589","is_trial":false}