{"path_per_floor":["M","?","M","M","?","E","R","M","T","?","R","E","M","$","R","B",null,"M","?","M","?","M","R","M","R","T","?","M","M","R","M","R","B",null,"M","?","M","?","M","R","M","M","T","$","R","M","M","M","R","B"],"character_chosen":"THE_SILENT","items_purchased":["Noxious Fumes","Apotheosis","Backflip","Block Potion","Well Laid Plans","Poison Potion"],"gold_per_floor":[110,110,129,149,99,134,134,152,234,234,234,265,285,170,170,273,303,313,313,333,333,347,347,364,364,364,279,290,305,305,316,316,413,413,431,431,450,450,465,465,475,485,485,56,56,73,83,97,97,97],"floor_reached":51,"campfire_rested":9,"playtime":8178,"current_hp_per_floor":[70,70,57,46,46,18,39,29,29,52,74,47,40,40,61,47,78,61,61,59,59,58,78,52,75,75,75,59,53,76,71,71,40,78,62,62,59,59,53,76,43,39,39,39,62,56,56,50,73,10],"items_purged":["Parasite"],"gold":97,"play_id":"3ce8ae16-4166-46a3-9061-e14d0aa2a4cd","is_prod":false,"is_daily":false,"campfire_rituals":0,"campfire_upgraded":1,"is_hardmode":false,"path_taken":["M","?","M","M","?","E","R","M","T","?","R","E","M","$","R","BOSS","M","?","M","?","M","R","M","R","T","?","M","?","R","M","R","BOSS","M","?","?","?","M","R","M","M","T","$","R","M","M","M","R","BOSS"],"build_version":"2018-01-18-PROD3","purchased_purges":1,"victory":true,"master_deck":["Defend_G","Defend_G","Defend_G","Defend_G","Defend_G","Strike_G","Survivor","Neutralize","Poisoned Stab","Infinite Blades","Bouncing Flask","Leg Sweep","PiercingWail","Bouncing Flask","Flying Knee","Noxious Fumes","Unload","Slice","Leg Sweep","Noxious Fumes","Bullet Time","Dagger Throw","Prepared","Bane","Envenom","Poisoned Stab","Acrobatics","Blade Dance","Terror","Footwork","Catalyst","Apotheosis","Backflip","Well Laid Plans","Catalyst","Dodge and Roll","Bane"],"max_hp_per_floor":[70,70,70,70,70,70,70,70,70,76,76,76,76,73,73,73,78,78,78,78,78,78,78,78,78,78,78,78,78,78,78,78,78,78,78,78,78,78,78,78,78,78,78,78,78,78,78,78,78,78],"relics":["The Specimen","Lantern","Darkstone Periapt","Peace Pipe","Tiny House","Ornamental Fan","Thread and Needle","Astrolabe","Gremlin Horn"],"campfire_meditates":0,"card_choices":[{"not_picked":["Dodge and Roll","Slice"],"picked":"Poisoned Stab"},{"not_picked":["Deflect","Dodge and Roll"],"picked":"Infinite Blades"},{"not_picked":["Dagger Throw","Catalyst"],"picked":"Bouncing Flask"},{"not_picked":["Outmaneuver","PiercingWail"],"picked":"Leg Sweep"},{"not_picked":["All Out Attack","Outmaneuver"],"picked":"PiercingWail"},{"not_picked":["Prepared","Leg Sweep"],"picked":"Bouncing Flask"},{"not_picked":["Predator","Quick Slash"],"picked":"Flying Knee"},{"not_picked":["Phantasmal Killer","Venomology"],"picked":"Unload"},{"not_picked":["Acrobatics","Flechettes"],"picked":"Slice"},{"not_picked":["Sucker Punch","PiercingWail"],"picked":"Leg Sweep"},{"not_picked":["Leg Sweep","Caltrops"],"picked":"Bullet Time"},{"not_picked":["Bouncing Flask","Backstab"],"picked":"Dagger Throw"},{"not_picked":["All Out Attack","Acrobatics"],"picked":"Prepared"},{"not_picked":["Acrobatics","Dagger Throw"],"picked":"Bane"},{"not_picked":["Unload","Tools of the Trade"],"picked":"Envenom"},{"not_picked":["Dagger Throw","Outmaneuver"],"picked":"Terror"},{"not_picked":["Dodge and Roll","Poisoned Stab"],"picked":"Footwork"},{"not_picked":["PiercingWail","Acrobatics"],"picked":"Catalyst"},{"not_picked":["Finisher","Deflect"],"picked":"Catalyst"},{"not_picked":["Deadly Poison","Quick Slash"],"picked":"Dodge and Roll"},{"not_picked":["Corpse Explosion","Choke"],"picked":"Bane"}],"player_experience":30349,"potions_floor_usage":[28,33,35,37,41,46,48,50,50,50],"damage_taken":[{"damage":0.0,"enemies":"Small Slimes","floor":1.0,"turns":5.0},{"damage":13.0,"enemies":"Blue Slaver","floor":3.0,"turns":5.0},{"damage":11.0,"enemies":"2 Louse","floor":4.0,"turns":3.0},{"damage":28.0,"enemies":"3 Sentries","floor":6.0,"turns":7.0},{"damage":10.0,"enemies":"Exordium Wildlife","floor":8.0,"turns":6.0},{"damage":27.0,"enemies":"Gremlin Nob","floor":12.0,"turns":6.0},{"damage":7.0,"enemies":"3 Louse","floor":13.0,"turns":4.0},{"damage":14.0,"enemies":"Hexaghost","floor":16.0,"turns":8.0},{"damage":17.0,"enemies":"Shell Parasite","floor":18.0,"turns":6.0},{"damage":2.0,"enemies":"3 Byrds","floor":20.0,"turns":6.0},{"damage":1.0,"enemies":"Centurion and Healer","floor":22.0,"turns":7.0},{"damage":26.0,"enemies":"Snake Plant","floor":24.0,"turns":7.0},{"damage":16,"enemies":"3 Cultists","floor":28,"turns":6},{"damage":6,"enemies":"Slaver and Parasite","floor":29,"turns":7},{"damage":5,"enemies":"Snake Plant","floor":31,"turns":4},{"damage":31,"enemies":"Collector","floor":33,"turns":10},{"damage":16,"enemies":"3 Shapes","floor":35,"turns":5},{"damage":3,"enemies":"3 Darklings","floor":37,"turns":6},{"damage":6,"enemies":"4 Shapes","floor":39,"turns":6},{"damage":33,"enemies":"Maw","floor":41,"turns":9},{"damage":4,"enemies":"Sphere and 2 Shapes","floor":42,"turns":7},{"damage":6,"enemies":"3 Darklings","floor":46,"turns":7},{"damage":0,"enemies":"Maw","floor":47,"turns":5},{"damage":6,"enemies":"4 Shapes","floor":48,"turns":6},{"damage":63,"enemies":"Awakened One","floor":50,"turns":14}],"event_choices":[{"event_name":"Wheel of Change","player_choice":"Curse","floor":2.0,"damage_taken":0.0},{"event_name":"The Cleric","player_choice":"Card Removal","floor":5.0,"damage_taken":0.0},{"event_name":"Mushrooms","player_choice":"Healed and dodged fight","floor":10.0,"damage_taken":0.0},{"event_name":"Cursed Tome","player_choice":"Ignored","floor":19.0,"damage_taken":0.0},{"event_name":"Duplicator","player_choice":"One dupe","floor":21.0,"damage_taken":0.0},{"event_name":"Addict","player_choice":"Obtained Relic","floor":27.0,"damage_taken":0.0},{"event_name":"Mysterious Sphere","player_choice":"Ignore","floor":38,"damage_taken":0}],"boss_relics":[{"not_picked":["Philosopher\u0027s Stone","White Beast Statue"],"picked":"Astrolabe"}],"potions_floor_spawned":[3,8,20,22,24,31,33,35,41,47,48],"seed_played":"-895019618109417501","is_trial":false}