{"path_per_floor":["M","?","?","M","?","R","E","R","T","E","$","R","M","M","R","B",null,"M","M","?","M","?","E","R","E","T","$","R","E","T","M","R","B",null,"M","$","?","$","?","R","E","R","T","R","M","$","E","M","R","B"],"character_chosen":"THE_SILENT","items_purchased":["Tools of the Trade","Blur","Well Laid Plans"],"gold_per_floor":[111,361,361,376,376,376,408,408,408,440,127,127,141,153,153,257,257,231,246,171,191,91,117,117,147,227,127,127,153,153,167,167,263,263,276,154,154,104,104,104,139,139,165,165,183,133,165,180,180,180],"floor_reached":51,"campfire_rested":3,"playtime":7562,"current_hp_per_floor":[70,70,75,75,75,75,75,75,75,65,65,65,65,65,65,40,75,69,69,69,67,67,64,64,25,25,25,47,44,44,44,44,41,75,72,72,72,72,62,62,26,26,26,48,41,41,26,34,56,39],"items_purged":["Strike_G","Defend_G","Regret","Strike_G","Strike_G"],"gold":180,"play_id":"38e01319-ad7d-4b81-955a-1515449a4ec5","is_prod":false,"is_daily":false,"is_ascension_mode":true,"campfire_upgraded":5,"path_taken":["M","?","?","M","?","R","E","R","T","E","$","R","M","M","R","BOSS","M","M","?","M","?","E","R","E","T","?","R","E","?","M","R","BOSS","M","?","?","$","?","R","E","R","T","R","M","?","E","M","R","BOSS"],"build_version":"2018-02-02-BETA1","purchased_purges":5,"victory":true,"master_deck":["Defend_G+1","Defend_G","Defend_G","Strike_G","Strike_G","Survivor","Neutralize+1","Backflip","Dash+1","After Image","Tools of the Trade+1","Blur+1","Acrobatics+1","Tactician+1","Outmaneuver+1","Predator","J.A.X.","Acrobatics+1","Flying Knee+1","Underhanded Strike","Tactician","Well Laid Plans","Madness","Madness","Noxious Fumes+1","Dash+1","Choke+1"],"max_hp_per_floor":[70,70,75,75,75,75,75,75,75,75,75,75,75,75,75,75,75,75,75,75,75,75,75,75,75,75,75,75,75,75,75,75,75,75,75,75,75,75,75,75,75,75,75,75,75,75,75,75,75,75],"relics":["Ring of the Snake","NeowsBlessing","Frozen Eye","Gremlin Horn","Ancient Tea Set","Sozu","Dream Catcher","Snake Skull","Kunai","Vajra","Shovel","Orichalcum","Calling Bell","Smiling Mask","Prayer Wheel","War Paint","Pantograph","Meat on the Bone","Bag of Marbles","Pen Nib","Lantern"],"card_choices":[{"not_picked":["Quick Slash","Bane"],"picked":"Backflip"},{"not_picked":["Quick Slash","All Out Attack"],"picked":"Dash"},{"not_picked":["Blade Dance","Cloak And Dagger"],"picked":"After Image"},{"not_picked":["Catalyst","Slice"],"picked":"Acrobatics"},{"not_picked":["Glass Knife","Night Terror"],"picked":"Tactician"},{"not_picked":["Dodge and Roll","Backflip"],"picked":"Outmaneuver"},{"not_picked":["Bane","Leg Sweep"],"picked":"Predator"},{"not_picked":["Deflect","Bouncing Flask"],"picked":"Acrobatics"},{"not_picked":["Deadly Poison","Accuracy"],"picked":"Flying Knee"},{"not_picked":["Phantasmal Killer","Deadly Poison"],"picked":"Underhanded Strike"},{"not_picked":["Bullet Time","Glass Knife"],"picked":"Tactician"},{"not_picked":["Storm of Steel","Sucker Punch"],"picked":"Noxious Fumes"},{"not_picked":["PiercingWail","Bane"],"picked":"Dash"},{"not_picked":["Deflect","Eviscerate"],"picked":"Choke"}],"player_experience":103245,"potions_floor_usage":[],"damage_taken":[{"damage":0.0,"enemies":"Jaw Worm","floor":1.0,"turns":1.0},{"damage":0.0,"enemies":"Blue Slaver","floor":4.0,"turns":1.0},{"damage":0.0,"enemies":"3 Sentries","floor":7.0,"turns":1.0},{"damage":10.0,"enemies":"Gremlin Nob","floor":10.0,"turns":4.0},{"damage":0.0,"enemies":"2 Louse","floor":13.0,"turns":1.0},{"damage":0.0,"enemies":"Looter","floor":14.0,"turns":4.0},{"damage":40.0,"enemies":"Slime Boss","floor":16.0,"turns":29.0},{"damage":6,"enemies":"2 Thieves","floor":18,"turns":5},{"damage":0,"enemies":"Shell Parasite","floor":19,"turns":9},{"damage":2,"enemies":"Snake Plant","floor":21,"turns":8},{"damage":3,"enemies":"Gremlin Leader","floor":23,"turns":9},{"damage":39,"enemies":"Slavers","floor":25,"turns":12},{"damage":3,"enemies":"Book of Stabbing","floor":29,"turns":6},{"damage":0,"enemies":"Sentry and Sphere","floor":31,"turns":4},{"damage":3,"enemies":"Collector","floor":33,"turns":9},{"damage":3,"enemies":"Flame Bruiser 1 Orb","floor":35,"turns":10},{"damage":36,"enemies":"Nemesis","floor":41,"turns":15},{"damage":7,"enemies":"3 Shapes","floor":45,"turns":6},{"damage":27,"enemies":"2 Orb Walkers","floor":47,"turns":6},{"damage":4,"enemies":"Maw","floor":48,"turns":7},{"damage":36,"enemies":"Time Eater","floor":50,"turns":14}],"event_choices":[{"event_name":"Golden Shrine","player_choice":"Desecrate","floor":2.0,"damage_taken":0.0},{"event_name":"Big Fish","player_choice":"Donut","floor":3.0,"damage_taken":0.0},{"event_name":"Living Wall","player_choice":"Forget","floor":5.0,"damage_taken":0.0},{"event_name":"Beggar","player_choice":"Gave Gold","floor":20,"damage_taken":0},{"event_name":"Drug Dealer","player_choice":"Got JAXXED","floor":22,"damage_taken":0},{"event_name":"Fountain of Cleansing","player_choice":"Removed Curse","floor":37,"damage_taken":0},{"event_name":"Winding Halls","player_choice":"Embrace Madness","floor":39,"damage_taken":0}],"boss_relics":[{"not_picked":["Tiny House","The Specimen"],"picked":"Calling Bell"}],"potions_floor_spawned":[4,7,13,16,18,19,23,35,48],"seed_played":"3619469674083008903","ascension_level":3,"is_trial":false}