{"path_per_floor":["M","M","M","?","M","R","M","R","T","?","E","R","E","T","R","B",null,"M","?","?","M","T"],"character_chosen":"THE_SILENT","items_purchased":[],"gold_per_floor":[147,157,168,168,186,186,203,203,227,177,209,209,236,260,260,356,356,370,470,470,487,536],"floor_reached":23,"campfire_rested":2,"playtime":3120,"current_hp_per_floor":[73,67,67,67,45,67,67,67,67,67,59,75,65,65,65,54,75,41,41,41,52,52],"items_purged":[],"gold":536,"play_id":"28b7e2b3-4bb4-4dbe-a19f-3fe07aae058d","is_prod":false,"is_daily":false,"is_ascension_mode":true,"campfire_upgraded":2,"path_taken":["M","M","M","?","?","R","M","R","T","?","E","R","E","?","R","BOSS","M","?","?","M","?","E"],"build_version":"2018-02-01-BETA1","purchased_purges":0,"victory":false,"master_deck":["Defend_G","Defend_G","Defend_G+1","Defend_G","Defend_G+1","Survivor","Neutralize+1","Backflip+1","Dagger Throw","Heel Hook","Dagger Throw","Blur","Tactician","Acrobatics","Bite","Bite","Bite","Bite","Bite","Terror+1","Footwork"],"max_hp_per_floor":[75,75,75,75,75,75,75,75,75,75,75,75,75,75,75,75,75,75,75,52,52,52],"relics":["Tiny House","Bag of Preparation","War Paint","Happy Flower","Prayer Wheel","Black Star","Lantern"],"card_choices":[{"not_picked":["Infinite Blades","Bane"],"picked":"Backflip"},{"not_picked":["Quick Slash","PiercingWail"],"picked":"Dagger Throw"},{"not_picked":["Blade Dance","Noxious Fumes"],"picked":"Heel Hook"},{"not_picked":["Quick Slash","Skewer"],"picked":"Dagger Throw"},{"not_picked":["Noxious Fumes","Bane"],"picked":"Blur"},{"not_picked":["Unload","Venomology"],"picked":"Tactician"},{"not_picked":["Sucker Punch","Expertise"],"picked":"Acrobatics"},{"not_picked":["Finisher","Outmaneuver"],"picked":"Terror"},{"not_picked":["Backflip","Heel Hook"],"picked":"Footwork"}],"player_experience":76758,"potions_floor_usage":[23],"damage_taken":[{"damage":2.0,"enemies":"Jaw Worm","floor":1.0,"turns":6.0},{"damage":6.0,"enemies":"Blue Slaver","floor":2.0,"turns":8.0},{"damage":0.0,"enemies":"2 Louse","floor":3.0,"turns":3.0},{"damage":22.0,"enemies":"Lots of Slimes","floor":5.0,"turns":8.0},{"damage":0.0,"enemies":"Exordium Wildlife","floor":7.0,"turns":3.0},{"damage":8.0,"enemies":"Lagavulin","floor":11.0,"turns":8.0},{"damage":10.0,"enemies":"Gremlin Nob","floor":13.0,"turns":4.0},{"damage":11.0,"enemies":"The Guardian","floor":16.0,"turns":17.0},{"damage":34.0,"enemies":"Chosen","floor":18.0,"turns":11.0},{"damage":2.0,"enemies":"Shell Parasite","floor":21.0,"turns":16.0},{"damage":77,"enemies":"Gremlin Leader","floor":23,"turns":13}],"event_choices":[{"event_name":"The Lab","player_choice":"Got Potions","floor":4.0,"damage_taken":0.0},{"event_name":"The Cleric","player_choice":"Card Removal","floor":10.0,"damage_taken":0.0},{"event_name":"Golden Shrine","player_choice":"Pray","floor":19.0,"damage_taken":0.0},{"event_name":"Vampires","player_choice":"Became a vampire","floor":20.0,"damage_taken":0.0}],"boss_relics":[],"potions_floor_spawned":[1,3,7,18],"seed_played":"2333433159454973588","killed_by":"Gremlin Leader","ascension_level":2,"is_trial":false}