{"path_per_floor":["M","M","?","?","M","R","M","?","T","E","R","E","$","T","R","B",null,"M","?","M","?","$","R","E","M","T","E","$","E","?","E","R","B",null,"M","M","$","M","M","R","E","R","T","M","?","M","E","$","R","B"],"character_chosen":"THE_SILENT","items_purchased":["Wraith Form","Noxious Fumes","Vajra","Pen Nib","Sundial","Sadistic Nature"],"gold_per_floor":[111,129,204,204,225,225,238,238,264,308,308,351,125,125,125,253,253,272,272,291,291,210,210,250,269,269,309,61,96,96,135,135,254,254,274,298,25,41,64,64,395,395,447,470,470,493,531,29,29,29],"floor_reached":51,"campfire_rested":4,"playtime":6033,"current_hp_per_floor":[70,70,59,42,42,63,57,57,57,46,67,59,59,59,59,38,70,70,70,70,70,70,70,63,63,63,63,63,54,54,52,70,65,70,45,47,47,25,27,48,50,50,50,50,67,69,70,70,70,18],"items_purged":["Strike_G","Defend_G","Injury"],"gold":29,"play_id":"38c73316-ebbc-438f-ba38-6fcf0547cb95","is_prod":false,"is_daily":false,"is_ascension_mode":true,"campfire_upgraded":4,"path_taken":["M","M","?","?","?","R","M","?","T","E","R","E","?","?","R","BOSS","M","?","M","?","?","R","E","M","T","E","$","E","?","E","R","BOSS","M","M","$","?","M","R","E","R","T","?","?","M","E","$","R","BOSS"],"build_version":"2018-02-02-BETA1","purchased_purges":7,"victory":true,"master_deck":["Defend_G","Defend_G","Defend_G","Defend_G","Strike_G","Strike_G","Strike_G","Strike_G","Survivor","Neutralize+1","Dash+1","Terror","Footwork+1","Wraith Form+1","Bullet Time","Noxious Fumes+1","Blur+1","Blur+1","Adrenaline","Clumsy","Injury","Well Laid Plans+1","Writhe","Sadistic Nature+1"],"max_hp_per_floor":[70,70,70,70,70,70,70,70,70,70,70,70,70,70,70,70,70,70,70,70,70,70,70,70,70,70,70,70,70,70,70,70,70,70,70,70,70,70,70,70,70,70,70,70,70,70,70,70,70,70],"relics":["Snecko Eye","Golden Idol","Anchor","Frozen Egg 2","Ninja Scroll","Gambling Chip","Sozu","Happy Flower","Ginger","Prayer Wheel","Vajra","Tough Bandages","Orichalcum","Du-Vu Doll","Calling Bell","Pantograph","Blood Vial","Oddly Smooth Stone","Pen Nib","Old Coin","Dream Catcher","Bag of Preparation","Sundial"],"card_choices":[{"not_picked":["Dodge and Roll","Noxious Fumes"],"picked":"Dash"},{"not_picked":["Malaise","Dagger Throw"],"picked":"Footwork"},{"not_picked":["Glass Knife","Wraith Form"],"picked":"Bullet Time"},{"not_picked":["Dagger Spray","PiercingWail"],"picked":"Blur"},{"not_picked":["Phantasmal Killer","Flying Knee"],"picked":"Blur"},{"not_picked":["A Thousand Cuts","Corpse Explosion"],"picked":"Adrenaline"},{"not_picked":["Acrobatics","Dagger Spray"],"picked":"Well Laid Plans"}],"player_experience":92693,"potions_floor_usage":[],"damage_taken":[{"damage":0.0,"enemies":"Cultist","floor":1.0,"turns":4.0},{"damage":0.0,"enemies":"Small Slimes","floor":2.0,"turns":3.0},{"damage":0.0,"enemies":"Jaw Worm","floor":5.0,"turns":6.0},{"damage":6.0,"enemies":"Looter","floor":7.0,"turns":4.0},{"damage":11.0,"enemies":"Gremlin Nob","floor":10.0,"turns":5.0},{"damage":8.0,"enemies":"Lagavulin","floor":12.0,"turns":8.0},{"damage":21.0,"enemies":"Hexaghost","floor":16.0,"turns":12.0},{"damage":0,"enemies":"Spheric Guardian","floor":18,"turns":3},{"damage":0,"enemies":"3 Byrds","floor":20,"turns":4},{"damage":7,"enemies":"Book of Stabbing","floor":24,"turns":5},{"damage":0,"enemies":"Snake Plant","floor":25,"turns":3},{"damage":0,"enemies":"Gremlin Leader","floor":27,"turns":5},{"damage":9,"enemies":"Slavers","floor":29,"turns":5},{"damage":2,"enemies":"Gremlin Leader","floor":31,"turns":6},{"damage":5,"enemies":"Automaton","floor":33,"turns":10},{"damage":25,"enemies":"Flame Bruiser 1 Orb","floor":35,"turns":7},{"damage":0,"enemies":"3 Darklings","floor":36,"turns":7},{"damage":24,"enemies":"Sphere and 2 Shapes","floor":38,"turns":6},{"damage":0,"enemies":"Maw","floor":39,"turns":6},{"damage":0,"enemies":"Nemesis","floor":41,"turns":7},{"damage":2,"enemies":"Flame Bruiser 2 Orb","floor":44,"turns":7},{"damage":0,"enemies":"4 Shapes","floor":46,"turns":6},{"damage":0,"enemies":"Giant Head","floor":47,"turns":6},{"damage":52,"enemies":"Awakened One","floor":50,"turns":14}],"event_choices":[{"event_name":"World of Goop","player_choice":"Gather Gold","floor":3.0,"damage_taken":0.0},{"event_name":"Golden Idol","player_choice":"Take Damage","floor":4.0,"damage_taken":0.0},{"event_name":"Match and Keep!","player_choice":"1 cards matched","floor":8.0,"damage_taken":0.0},{"event_name":"Wheel of Change","player_choice":"Full Heal","floor":19,"damage_taken":0},{"event_name":"Drug Dealer","player_choice":"Ignored","floor":21,"damage_taken":0},{"event_name":"The Mausoleum","player_choice":"Yes","floor":30,"damage_taken":0},{"event_name":"Winding Halls","player_choice":"Writhe","floor":45,"damage_taken":0}],"boss_relics":[{"not_picked":["Runic Pyramid","Question Card"],"picked":"Calling Bell"}],"potions_floor_spawned":[1,7,12,16,18,25,27,31,36,38,39],"seed_played":"1655427286145954612","ascension_level":2,"is_trial":false}