{"path_per_floor":["M","$","M","T","M","R","E","?","T","M","M","R","E","M","R","B",null,"M","M","M","?","M","M","R","$","T","E","R","M","E","M","R","B",null,"M","M","T","$","M","M","M","M","T","E","R","E","R","M","R","B"],"character_chosen":"THE_SILENT","items_purchased":["Well Laid Plans","Acrobatics"],"gold_per_floor":[115,0,10,34,48,48,73,73,96,108,126,126,157,168,168,269,269,269,209,209,209,209,209,209,209,209,209,209,209,209,209,209,209,209,209,209,209,60,60,60,60,60,60,60,60,60,60,60,60,60],"floor_reached":51,"campfire_rested":3,"playtime":6515,"current_hp_per_floor":[69,69,69,69,66,66,60,53,53,53,53,53,41,41,70,42,70,70,70,70,61,59,51,51,51,51,42,75,75,71,71,71,50,75,66,64,64,64,64,62,59,51,51,53,75,72,72,74,74,42],"items_purged":["Injury","Defend_G"],"gold":60,"play_id":"3af5b9bc-1925-4778-8741-1a2163ed0d53","is_prod":false,"is_daily":false,"is_ascension_mode":false,"campfire_upgraded":6,"path_taken":["M","$","M","?","?","R","E","?","T","M","M","R","E","M","R","BOSS","M","M","M","?","?","M","R","$","T","E","R","M","E","M","R","BOSS","M","M","?","?","M","M","?","M","T","E","R","E","R","M","R","BOSS"],"build_version":"2018-01-26-BETA1","purchased_purges":3,"victory":true,"master_deck":["Defend_G","Defend_G","Defend_G","Strike_G","Strike_G","Strike_G","Survivor","Neutralize","Sucker Punch+1","Backflip","Distraction+1","Well Laid Plans+1","All Out Attack","Dagger Throw","After Image+1","Flying Knee+1","Escape Plan+1","Escape Plan+1","Terror+1","After Image+1","Prepared+1","Acrobatics","Skewer+1","Predator+1","Blur+1","Bouncing Flask+1","Skewer+1"],"max_hp_per_floor":[70,70,70,70,70,70,70,70,70,70,70,70,70,70,70,70,70,70,70,70,75,75,75,75,75,75,75,75,75,75,75,75,75,75,75,75,75,75,75,75,75,75,75,75,75,75,75,75,75,75],"relics":["Ring of the Snake","Regal Pillow","Ornamental Fan","Frozen Egg","Bronze Scales","Ectoplasm","Ginger","Shuriken","Pantograph","Philosopher\u0027s Stone","Orichalcum","Blood Vial","Prayer Wheel","Smiling Mask"],"card_choices":[{"not_picked":["Bouncing Flask","Masterful Stab"],"picked":"Distraction"},{"not_picked":["Eviscerate","Skewer"],"picked":"All Out Attack"},{"not_picked":["Dodge and Roll","Flying Knee"],"picked":"Dagger Throw"},{"not_picked":["Unload","Doppelganger"],"picked":"After Image"},{"not_picked":["Dagger Spray","Backflip"],"picked":"Flying Knee"},{"not_picked":["Quick Slash","Deadly Poison"],"picked":"Escape Plan"},{"not_picked":["Sucker Punch","Backstab"],"picked":"Escape Plan"},{"not_picked":["PiercingWail","Bane"],"picked":"Terror"},{"not_picked":["Doppelganger","Envenom"],"picked":"After Image"},{"not_picked":["Sucker Punch","Poisoned Stab"],"picked":"Prepared"},{"not_picked":["Choke","Blade Dance"],"picked":"Skewer"},{"not_picked":["Deflect","Slice"],"picked":"Predator"},{"not_picked":["Predator","Distraction"],"picked":"Blur"},{"not_picked":["Prepared","Dagger Spray"],"picked":"Bouncing Flask"},{"not_picked":["Flying Knee","Expertise"],"picked":"Skewer"}],"player_experience":35996,"potions_floor_usage":[20,22,27,27,31,35,35,41,42,46,50],"damage_taken":[{"damage":1.0,"enemies":"Blue Slaver","floor":1.0,"turns":4.0},{"damage":0.0,"enemies":"Small Slimes","floor":3.0,"turns":5.0},{"damage":3.0,"enemies":"Jaw Worm","floor":5.0,"turns":3.0},{"damage":6.0,"enemies":"3 Sentries","floor":7.0,"turns":8.0},{"damage":0.0,"enemies":"2 Fungi Beasts","floor":10.0,"turns":3.0},{"damage":0.0,"enemies":"Red Slaver","floor":11.0,"turns":3.0},{"damage":12.0,"enemies":"Lagavulin","floor":13.0,"turns":10.0},{"damage":0.0,"enemies":"Exordium Wildlife","floor":14.0,"turns":3.0},{"damage":28.0,"enemies":"Hexaghost","floor":16.0,"turns":11.0},{"damage":0,"enemies":"Shell Parasite","floor":18,"turns":4},{"damage":0,"enemies":"2 Thieves","floor":19,"turns":4},{"damage":0,"enemies":"3 Cultists","floor":20,"turns":4},{"damage":2,"enemies":"Snake Plant","floor":22,"turns":4},{"damage":8,"enemies":"Sentry and Sphere","floor":23,"turns":4},{"damage":9,"enemies":"Slavers","floor":27,"turns":5},{"damage":0,"enemies":"Chosen and Byrds","floor":29,"turns":6},{"damage":4,"enemies":"Book of Stabbing","floor":30,"turns":6},{"damage":0,"enemies":"3 Cultists","floor":31,"turns":5},{"damage":25,"enemies":"Collector","floor":33,"turns":9},{"damage":9,"enemies":"3 Darklings","floor":35,"turns":5},{"damage":2,"enemies":"Orb Walker","floor":36,"turns":4},{"damage":0,"enemies":"Flame Bruiser 2 Orb","floor":39,"turns":4},{"damage":2,"enemies":"4 Shapes","floor":40,"turns":7},{"damage":3,"enemies":"Maw","floor":41,"turns":5},{"damage":8,"enemies":"Spire Growth","floor":42,"turns":3},{"damage":0,"enemies":"Giant Head","floor":44,"turns":6},{"damage":3,"enemies":"Nemesis","floor":46,"turns":7},{"damage":0,"enemies":"3 Darklings","floor":48,"turns":5},{"damage":33,"enemies":"Time Eater","floor":50,"turns":9}],"event_choices":[{"event_name":"Golden Wing","player_choice":"Card Removal","floor":8.0,"damage_taken":0.0},{"event_name":"Forgotten Altar","player_choice":"Shed Blood","floor":21,"damage_taken":0}],"boss_relics":[{"not_picked":["Runic Dome","Tiny House"],"picked":"Philosopher\u0027s Stone"}],"potions_floor_spawned":[1,5,10,11,14,18,19,29,30,33,41,44,46],"seed_played":"-8071287223014410509","ascension_level":0,"is_trial":false}