{"path_per_floor":["M","?","?","?","M","E","M","$","T","R","E","M","R","T","R","B",null],"character_chosen":"THE_SILENT","items_purchased":["Escape Plan"],"gold_per_floor":[15,15,15,15,33,67,86,7,7,7,51,72,72,372,372,497,527],"floor_reached":18,"campfire_rested":3,"playtime":1251,"current_hp_per_floor":[70,53,53,53,48,14,8,8,8,29,14,3,24,24,45,44,70],"items_purged":[],"gold":527,"score":202,"play_id":"d617495e-8d92-445d-805e-4c8a934dabfd","is_prod":false,"is_daily":false,"is_ascension_mode":true,"campfire_upgraded":0,"path_taken":["M","?","?","?","M","E","M","$","T","R","E","?","R","?","R","BOSS","M"],"build_version":"2018-02-08-BETA1","purchased_purges":1,"victory":false,"master_deck":["Defend_G","Defend_G","Defend_G","Defend_G","Strike_G","Strike_G","Strike_G","Survivor","Neutralize","Blade Dance","Envenom","Heel Hook","Quick Slash","Well Laid Plans","Escape Plan","Bane","A Thousand Cuts","Pain","Pain","Pain"],"max_hp_per_floor":[70,70,70,70,70,70,70,70,70,70,70,70,70,70,70,70,70],"relics":["Ring of the Snake","Golden Idol","Bronze Scales","Thread and Needle","Oddly Smooth Stone","Old Coin","Calling Bell","Dream Catcher","Tiny Chest","Bag of Preparation"],"card_choices":[{"not_picked":["Expertise","Leg Sweep"],"picked":"Blade Dance"},{"not_picked":["Malaise","Dagger Throw"],"picked":"Heel Hook"},{"not_picked":["Predator","Backstab"],"picked":"Quick Slash"},{"not_picked":["Flying Knee","Flechettes"],"picked":"Well Laid Plans"},{"not_picked":["Eviscerate","Backstab"],"picked":"Bane"},{"not_picked":["Die Die Die","Night Terror"],"picked":"A Thousand Cuts"}],"player_experience":126927,"potions_floor_usage":[],"damage_taken":[{"damage":0.0,"enemies":"Jaw Worm","floor":1.0,"turns":10.0},{"damage":5.0,"enemies":"Blue Slaver","floor":5.0,"turns":4.0},{"damage":34.0,"enemies":"3 Sentries","floor":6.0,"turns":13.0},{"damage":6.0,"enemies":"Small Slimes","floor":7.0,"turns":3.0},{"damage":15.0,"enemies":"Gremlin Nob","floor":11.0,"turns":5.0},{"damage":11.0,"enemies":"Gremlin Gang","floor":12.0,"turns":4.0},{"damage":1.0,"enemies":"Hexaghost","floor":16.0,"turns":9.0},{"damage":0,"enemies":"2 Thieves","floor":18,"turns":1}],"event_choices":[{"event_name":"Golden Idol","player_choice":"Take Damage","floor":2.0,"damage_taken":0.0},{"event_name":"The Lab","player_choice":"Got Potions","floor":3.0,"damage_taken":0.0},{"event_name":"Living Wall","player_choice":"Change","floor":4.0,"damage_taken":0.0}],"boss_relics":[],"potions_floor_spawned":[1,5,7,16],"seed_played":"-892127554172396832","killed_by":"2 Thieves","ascension_level":4,"is_trial":false}