{"path_per_floor":["M","M","M","?","M","R","?","R","T","M","T","E","M","?","R","B",null,"M","?"],"character_chosen":"THE_SILENT","items_purchased":[],"gold_per_floor":[118,137,155,155,171,171,171,171,195,206,258,287,252,252,252,350,350,290,190],"floor_reached":20,"campfire_rested":3,"playtime":1584,"current_hp_per_floor":[67,60,58,44,32,53,46,67,67,63,63,4,6,6,27,12,70,69,69],"items_purged":[],"gold":190,"score":206,"play_id":"4823aba5-3c7e-426d-8d5e-bf32d0fd5d81","is_prod":false,"is_daily":false,"is_ascension_mode":true,"campfire_upgraded":0,"path_taken":["M","?","M","?","M","R","?","R","T","?","?","E","M","?","R","BOSS","M","?","?"],"build_version":"2018-02-08-BETA1","purchased_purges":0,"victory":false,"master_deck":["Defend_G","Defend_G+1","Defend_G","Defend_G","Defend_G","Strike_G","Strike_G","Strike_G","Survivor+1","Neutralize","Catalyst","Calculated Gamble","Blur","Leg Sweep","Malaise","Adrenaline","J.A.X."],"max_hp_per_floor":[70,70,70,70,70,70,70,70,70,70,70,70,70,70,70,70,70,70,70],"relics":["The Specimen","Blood Vial","Ancient Tea Set","Orichalcum","Black Star"],"card_choices":[{"not_picked":["Flying Knee","Dash"],"picked":"Catalyst"},{"not_picked":["Deadly Poison","Catalyst"],"picked":"Calculated Gamble"},{"not_picked":["Deflect","Terror"],"picked":"Blur"},{"not_picked":["Flying Knee","Dagger Throw"],"picked":"Leg Sweep"},{"not_picked":["Infinite Blades","Backflip"],"picked":"Malaise"},{"not_picked":["Die Die Die","Venomology"],"picked":"Adrenaline"}],"player_experience":134074,"potions_floor_usage":[5,13,13,16,20],"damage_taken":[{"damage":3,"enemies":"Blue Slaver","floor":1,"turns":8},{"damage":7,"enemies":"Small Slimes","floor":2,"turns":5},{"damage":2,"enemies":"Jaw Worm","floor":3,"turns":8},{"damage":12,"enemies":"Exordium Wildlife","floor":5,"turns":5},{"damage":6,"enemies":"2 Fungi Beasts","floor":10,"turns":7},{"damage":61,"enemies":"3 Sentries","floor":12,"turns":26},{"damage":0,"enemies":"Exordium Thugs","floor":13,"turns":8},{"damage":17,"enemies":"The Guardian","floor":16,"turns":24},{"damage":1,"enemies":"2 Thieves","floor":18,"turns":4},{"damage":84,"enemies":"Chosen","floor":20,"turns":15}],"event_choices":[{"event_name":"Shining Light","player_choice":"Entered Light","floor":4,"damage_taken":0},{"event_name":"Golden Wing","player_choice":"Card Removal","floor":7,"damage_taken":0},{"event_name":"Living Wall","player_choice":"Forget","floor":14,"damage_taken":0},{"event_name":"Drug Dealer","player_choice":"Got JAXXED","floor":19,"damage_taken":0}],"boss_relics":[{"not_picked":["Snecko Eye","Sozu"],"picked":"Black Star"}],"potions_floor_spawned":[1,3,10,13,16],"seed_played":"8712048557851118120","killed_by":"Chosen","ascension_level":4,"is_trial":false}