{"path_per_floor":["M","?","M","?","?","R","E","M","T","E","R","T","E","?","R","B",null,"M","M","?","?","?","R","E","M","T","M","$","$","E","M","R","B",null,"M","?","?","?","M","R","M","M","T","$","?","M","R","M","R"],"character_chosen":"THE_SILENT","items_purchased":["Tools of the Trade"],"gold_per_floor":[111,111,121,121,121,121,148,160,231,264,264,291,319,319,319,415,415,415,340,265,265,265,265,265,265,265,265,28,28,28,28,28,28,28,28,28,0,0,0,0,0,0,0,0,0,0,0,0,0],"floor_reached":50,"campfire_rested":5,"playtime":5468,"current_hp_per_floor":[63,38,38,38,70,70,45,45,45,44,65,65,65,65,65,25,59,58,45,45,13,13,34,32,32,46,46,46,46,44,44,69,68,80,79,79,79,68,68,68,53,55,55,55,55,44,69,69,84],"items_purged":["Writhe"],"gold":0,"score":640,"play_id":"69b9810d-3046-4b72-8f99-0178d06579cb","is_prod":false,"is_daily":false,"is_ascension_mode":true,"campfire_upgraded":3,"path_taken":["M","?","?","?","?","R","E","?","T","E","R","?","E","?","R","BOSS","M","?","?","?","?","R","E","M","T","M","?","$","E","M","R","BOSS","M","?","?","?","?","R","M","M","T","$","?","M","R","M","R","BOSS"],"build_version":"2018-02-13-BETA1","purchased_purges":1,"victory":false,"master_deck":["Defend_G","Defend_G","Defend_G","Defend_G","Strike_G","Strike_G","Survivor","Neutralize+1","Burst+1","Cloak And Dagger+1","Storm of Steel+1","Leg Sweep","A Thousand Cuts+1","Acrobatics+1","Setup+1","Dramatic Entrance","Madness","Blind","Reflex+1","Acrobatics","Tools of the Trade","Escape Plan+1","Madness","Madness","Riddle With Holes+1"],"max_hp_per_floor":[70,70,70,70,70,70,70,70,70,70,70,70,70,70,70,70,70,70,70,70,70,70,70,70,70,84,84,84,84,84,84,84,84,84,84,84,84,84,84,84,84,84,84,84,84,84,84,84,84],"relics":["Astrolabe","Torii","Bag of Preparation","Toolbox","Frozen Eye","Happy Flower","Du-Vu Doll","Ectoplasm","Centennial Puzzle","Vajra","Mango","Orichalcum","Runic Dome","Red Mask","Tingsha"],"card_choices":[{"not_picked":["Outmaneuver","Deflect"],"picked":"Choke"},{"not_picked":["Deflect","All Out Attack"],"picked":"Storm of Steel"},{"not_picked":["Distraction","Backflip"],"picked":"Leg Sweep"},{"not_picked":["Die Die Die","Venomology"],"picked":"A Thousand Cuts"},{"not_picked":["Dagger Spray","Well Laid Plans"],"picked":"Acrobatics"},{"not_picked":["Deflect","Cloak And Dagger"],"picked":"Setup"},{"not_picked":["Underhanded Strike","Cloak And Dagger"],"picked":"Reflex"},{"not_picked":["Deadly Poison","Caltrops"],"picked":"Acrobatics"},{"not_picked":["Infinite Blades","Poisoned Stab"],"picked":"Escape Plan"},{"not_picked":["Outmaneuver","Acrobatics"],"picked":"Riddle With Holes"}],"player_experience":173459,"potions_floor_usage":[13,13,16,24,30,33,33,42],"damage_taken":[{"damage":0,"enemies":"Cultist","floor":1,"turns":4},{"damage":0,"enemies":"2 Louse","floor":3,"turns":3},{"damage":25,"enemies":"Gremlin Nob","floor":7,"turns":6},{"damage":0,"enemies":"Small Slimes","floor":8,"turns":3},{"damage":1,"enemies":"3 Sentries","floor":10,"turns":9},{"damage":0,"enemies":"Lagavulin","floor":13,"turns":5},{"damage":40,"enemies":"Slime Boss","floor":16,"turns":21},{"damage":1,"enemies":"Shell Parasite","floor":18,"turns":8},{"damage":13,"enemies":"2 Thieves","floor":19,"turns":5},{"damage":2,"enemies":"Gremlin Leader","floor":24,"turns":8},{"damage":0,"enemies":"Centurion and Healer","floor":25,"turns":2},{"damage":0,"enemies":"3 Cultists","floor":27,"turns":4},{"damage":2,"enemies":"Slavers","floor":30,"turns":3},{"damage":8,"enemies":"Chosen and Byrds","floor":31,"turns":7},{"damage":1,"enemies":"Automaton","floor":33,"turns":7},{"damage":1,"enemies":"3 Darklings","floor":35,"turns":4},{"damage":0,"enemies":"Flame Bruiser 1 Orb","floor":39,"turns":5},{"damage":15,"enemies":"3 Darklings","floor":41,"turns":3},{"damage":13,"enemies":"Maw","floor":42,"turns":8},{"damage":11,"enemies":"Spire Growth","floor":46,"turns":3},{"damage":0,"enemies":"4 Shapes","floor":48,"turns":2},{"damage":84,"enemies":"Time Eater","floor":50,"turns":8}],"event_choices":[{"event_name":"Scrap Ooze","player_choice":"success","floor":2,"damage_taken":25},{"event_name":"Golden Idol","player_choice":"Ignored","floor":4,"damage_taken":0},{"event_name":"Bonfire Elementals","player_choice":"UNCOMMON","floor":5,"damage_taken":0},{"event_name":"Liars Game","player_choice":"disagreed","floor":14,"damage_taken":0},{"event_name":"Beggar","player_choice":"Gave Gold","floor":20,"damage_taken":0},{"event_name":"Knowing Skull","player_choice":"CARD CARD CARD ","floor":21,"damage_taken":0},{"event_name":"The Mausoleum","player_choice":"Yes","floor":22,"damage_taken":0},{"event_name":"Tomb of Lord Red Mask","player_choice":"Paid","floor":37,"damage_taken":0},{"event_name":"Winding Halls","player_choice":"Embrace Madness","floor":38,"damage_taken":0},{"event_name":"Mysterious Sphere","player_choice":"Ignore","floor":45,"damage_taken":0}],"boss_relics":[{"not_picked":["Black Star","Orrery"],"picked":"Ectoplasm"},{"not_picked":["The Specimen","Runic Pyramid"],"picked":"Runic Dome"}],"potions_floor_spawned":[3,7,10,18,27,30,31,41,42,46],"seed_played":"7240921848042580423","killed_by":"Time Eater","ascension_level":6,"is_trial":false}