{"path_per_floor":["M","?","?","T","?","R","$","M","T","R","E","M","R","M","R","B",null,"M","?","?","M","M","R","$","R","T","R","$","R","T","?","R","B",null,"M","M","?","M","M","R","?","E","T","?","?","M","R","M","R"],"character_chosen":"THE_SILENT","items_purchased":["Noxious Fumes","Omamori"],"gold_per_floor":[13,13,13,13,188,188,75,89,89,89,133,146,146,161,161,284,284,302,302,302,321,341,341,86,86,166,166,41,41,41,41,41,166,166,182,205,205,220,233,233,0,38,38,371,421,441,441,458,458],"floor_reached":50,"campfire_rested":4,"playtime":4497,"current_hp_per_floor":[62,45,45,45,45,66,66,66,76,76,74,74,74,74,74,43,80,67,67,67,62,58,58,58,58,58,58,58,58,58,58,80,52,80,60,48,48,45,45,69,69,69,69,69,69,69,69,57,80],"items_purged":["Doubt","Strike_G","Defend_G"],"gold":458,"score":584,"play_id":"fe5243ec-7f27-41a9-bac2-5580901b2d4e","is_prod":false,"is_daily":false,"is_ascension_mode":true,"campfire_upgraded":8,"path_taken":["M","?","?","?","?","R","?","M","T","R","E","M","R","?","R","BOSS","M","?","?","M","M","R","$","R","T","R","$","R","?","?","R","BOSS","M","M","?","M","M","R","?","E","T","?","?","M","R","M","R","BOSS"],"build_version":"2018-02-07-BETA1","purchased_purges":4,"victory":false,"master_deck":["Defend_G","Survivor","Neutralize+1","Adrenaline+1","Bullet Time","Dash+1","Noxious Fumes+1","Noxious Fumes+1","Terror+1","Burst+1","Masterful Stab","Acrobatics+1","Night Terror+1","Dagger Throw+1","A Thousand Cuts","Acrobatics+1","Doppelganger+1","Bouncing Flask+1","Catalyst+1","Footwork+1","Well Laid Plans+1"],"max_hp_per_floor":[70,70,70,70,70,70,70,70,80,80,80,80,80,80,80,80,80,80,80,80,80,80,80,80,80,80,80,80,80,80,80,80,80,80,80,80,80,80,80,80,80,80,80,80,80,80,80,80,80],"relics":["Ring of the Snake","Ancient Tea Set","Pear","Bag of Preparation","Philosopher\u0027s Stone","Dodecahedron","Omamori","Kunai","Du-Vu Doll","Astrolabe","Red Mask","Letter Opener","Molten Egg 2","Girya"],"card_choices":[{"not_picked":["Dagger Spray","Underhanded Strike"],"picked":"Dash"},{"not_picked":["Flying Knee","Backflip"],"picked":"Terror"},{"not_picked":["Cloak And Dagger","Blade Dance"],"picked":"Burst"},{"not_picked":["Expertise","Cloak And Dagger"],"picked":"Masterful Stab"},{"not_picked":["Poisoned Stab","Terror"],"picked":"Acrobatics"},{"not_picked":["Adrenaline","Envenom"],"picked":"Night Terror"},{"not_picked":["Flying Knee","Cloak And Dagger"],"picked":"Dagger Throw"},{"not_picked":["Night Terror","Venomology"],"picked":"A Thousand Cuts"},{"not_picked":["Prepared","Acrobatics"],"picked":"Bouncing Flask"},{"not_picked":["Sucker Punch","Quick Slash"],"picked":"Catalyst"},{"not_picked":["Sucker Punch","Riddle With Holes"],"picked":"Footwork"},{"not_picked":["Storm of Steel","Outmaneuver"],"picked":"Well Laid Plans"}],"player_experience":117960,"potions_floor_usage":[16,33,33,33,50,50,50],"damage_taken":[{"damage":8,"enemies":"Cultist","floor":1,"turns":6},{"damage":0,"enemies":"Jaw Worm","floor":8,"turns":4},{"damage":2,"enemies":"Lagavulin","floor":11,"turns":6},{"damage":0,"enemies":"2 Louse","floor":12,"turns":2},{"damage":0,"enemies":"2 Fungi Beasts","floor":14,"turns":3},{"damage":31,"enemies":"The Guardian","floor":16,"turns":7},{"damage":13,"enemies":"2 Thieves","floor":18,"turns":4},{"damage":5,"enemies":"Shell Parasite","floor":21,"turns":4},{"damage":4,"enemies":"Centurion and Healer","floor":22,"turns":7},{"damage":28,"enemies":"Automaton","floor":33,"turns":9},{"damage":20,"enemies":"Flame Bruiser 1 Orb","floor":35,"turns":6},{"damage":12,"enemies":"3 Shapes","floor":36,"turns":3},{"damage":3,"enemies":"3 Darklings","floor":38,"turns":4},{"damage":0,"enemies":"Spire Growth","floor":39,"turns":3},{"damage":0,"enemies":"Giant Head","floor":42,"turns":5},{"damage":0,"enemies":"Mysterious Sphere","floor":45,"turns":3},{"damage":0,"enemies":"Maw","floor":46,"turns":3},{"damage":12,"enemies":"Sphere and 2 Shapes","floor":48,"turns":3},{"damage":110,"enemies":"Awakened One","floor":50,"turns":8}],"event_choices":[{"event_name":"Golden Idol","player_choice":"Take Damage","floor":2,"damage_taken":0},{"event_name":"Living Wall","player_choice":"Change","floor":3,"damage_taken":0},{"event_name":"Liars Game","player_choice":"agreed","floor":5,"damage_taken":0},{"event_name":"The Mausoleum","player_choice":"Yes","floor":19,"damage_taken":0},{"event_name":"Purifier","player_choice":"One Purge","floor":20,"damage_taken":0},{"event_name":"Upgrade Shrine","player_choice":"Upgraded","floor":31,"damage_taken":0},{"event_name":"Tomb of Lord Red Mask","player_choice":"Paid","floor":41,"damage_taken":0},{"event_name":"The Moai Head","player_choice":"Gave Idol","floor":44,"damage_taken":0},{"event_name":"Mysterious Sphere","player_choice":"Fight","floor":45,"damage_taken":0}],"boss_relics":[{"not_picked":["Eternal Feather","Black Star"],"picked":"Philosopher\u0027s Stone"},{"not_picked":["Runic Pyramid","Sozu"],"picked":"Astrolabe"}],"potions_floor_spawned":[1,8,16,22,35,38,45,48],"seed_played":"-8705541146622619119","killed_by":"Awakened One","ascension_level":4,"is_trial":false}