{"path_per_floor":["M","M","M","M","M","E","R","E","T","?","R","$","R","?","R","B",null,"M","?","$","?","?","R","M","R","T","E","R","M","M","M","R","B",null,"M","$","?","?","?","R","M","E","T","M","$","M","R","?","R"],"character_chosen":"THE_SILENT","items_purchased":["Dexterity Potion","Adrenaline","Footwork","Pen Nib"],"gold_per_floor":[112,127,141,152,169,204,204,235,258,258,258,183,183,183,183,280,280,294,294,142,142,167,167,180,180,203,229,229,241,256,269,269,364,364,377,111,111,111,333,333,352,387,387,407,39,58,58,58,58],"floor_reached":50,"campfire_rested":4,"playtime":3766,"current_hp_per_floor":[63,62,62,60,60,51,51,51,51,44,44,44,44,30,51,42,63,65,65,65,52,36,58,60,60,60,51,51,53,55,53,75,42,67,69,69,69,69,69,69,71,20,20,22,22,24,49,70,70],"items_purged":["Strike_G","Strike_G","Strike_G","Defend_G"],"gold":58,"score":640,"play_id":"f1974c90-f227-47fc-a85f-046f7a34ef98","is_prod":false,"is_daily":false,"is_ascension_mode":true,"campfire_upgraded":7,"path_taken":["M","M","?","M","M","E","R","E","T","?","R","$","R","?","R","BOSS","M","?","?","?","?","R","M","R","T","E","R","M","M","M","R","BOSS","M","$","?","?","?","R","M","E","T","M","$","M","R","?","R","BOSS"],"build_version":"2018-02-23-BETA1","purchased_purges":6,"victory":false,"master_deck":["Defend_G","Defend_G","Defend_G+1","Defend_G+1","Strike_G+1","Survivor+1","Neutralize+1","Noxious Fumes+1","Cloak And Dagger","Well Laid Plans+1","Dash+1","Noxious Fumes+1","Terror+1","Bullet Time","Bane","Dagger Throw","Backflip+1","Expertise+1","Grand Finale","Adrenaline","Prepared+1","Footwork+1","Writhe"],"max_hp_per_floor":[70,70,70,70,70,70,70,70,70,70,70,70,70,70,70,70,70,70,70,70,75,75,75,75,75,75,75,75,75,75,75,75,75,75,75,75,75,75,75,75,75,85,85,85,85,85,85,85,85],"relics":["Ring of the Snake","Gambling Chip","Blood Vial","Bag of Preparation","Philosopher\u0027s Stone","Red Mask","Juzu Bracelet","Whetstone","Lizard Tail","Pear","Du-Vu Doll","Pen Nib"],"card_choices":[{"not_picked":["Storm of Steel","Acrobatics"],"picked":"Noxious Fumes"},{"not_picked":["Accuracy","Flechettes"],"picked":"Cloak And Dagger"},{"not_picked":["Deadly Poison","Prepared"],"picked":"Well Laid Plans"},{"not_picked":["Prepared","Deadly Poison"],"picked":"Dash"},{"not_picked":["Quick Slash","Predator"],"picked":"Noxious Fumes"},{"not_picked":["After Image","Cloak And Dagger"],"picked":"Terror"},{"not_picked":["Corpse Explosion","Phantasmal Killer"],"picked":"Bullet Time"},{"not_picked":["Acrobatics","Heel Hook"],"picked":"Bane"},{"not_picked":["Deflect","Choke"],"picked":"Backflip"},{"not_picked":["Bane","Outmaneuver"],"picked":"Expertise"},{"not_picked":["A Thousand Cuts","After Image"],"picked":"Grand Finale"},{"not_picked":["Cloak And Dagger","Poisoned Stab"],"picked":"Prepared"}],"player_experience":190016,"potions_floor_usage":[6,16,16,27,30,31,42,46,46],"damage_taken":[{"damage":0,"enemies":"Cultist","floor":1,"turns":5},{"damage":1,"enemies":"Jaw Worm","floor":2,"turns":7},{"damage":0,"enemies":"Small Slimes","floor":3,"turns":4},{"damage":2,"enemies":"Blue Slaver","floor":4,"turns":6},{"damage":0,"enemies":"Large Slime","floor":5,"turns":5},{"damage":21,"enemies":"Gremlin Nob","floor":6,"turns":5},{"damage":0,"enemies":"3 Sentries","floor":8,"turns":6},{"damage":11,"enemies":"Slime Boss","floor":16,"turns":9},{"damage":0,"enemies":"Chosen","floor":18,"turns":5},{"damage":18,"enemies":"Masked Bandits","floor":22,"turns":4},{"damage":0,"enemies":"2 Thieves","floor":24,"turns":4},{"damage":11,"enemies":"Book of Stabbing","floor":27,"turns":5},{"damage":0,"enemies":"Centurion and Healer","floor":29,"turns":5},{"damage":0,"enemies":"Slaver and Parasite","floor":30,"turns":6},{"damage":4,"enemies":"Chosen and Byrds","floor":31,"turns":5},{"damage":33,"enemies":"Automaton","floor":33,"turns":9},{"damage":0,"enemies":"3 Shapes","floor":35,"turns":5},{"damage":0,"enemies":"3 Darklings","floor":41,"turns":2},{"damage":107,"enemies":"2 Orb Walkers","floor":42,"turns":7},{"damage":0,"enemies":"4 Shapes","floor":44,"turns":6},{"damage":0,"enemies":"Sphere and 2 Shapes","floor":46,"turns":5},{"damage":76,"enemies":"Awakened One","floor":50,"turns":3}],"event_choices":[{"event_name":"Golden Wing","player_choice":"Card Removal","floor":10,"damage_taken":0},{"event_name":"Shining Light","player_choice":"Entered Light","floor":14,"damage_taken":0},{"event_name":"The Library","player_choice":"Read","floor":19,"damage_taken":0},{"event_name":"Forgotten Altar","player_choice":"Shed Blood","floor":21,"damage_taken":0},{"event_name":"Masked Bandits","player_choice":"Fought over 142 gold","floor":22,"damage_taken":0},{"event_name":"Upgrade Shrine","player_choice":"Upgraded","floor":37,"damage_taken":0},{"event_name":"Mysterious Sphere","player_choice":"Ignore","floor":38,"damage_taken":0},{"event_name":"Tomb of Lord Red Mask","player_choice":"Wore Mask","floor":39,"damage_taken":0},{"event_name":"Winding Halls","player_choice":"Writhe","floor":48,"damage_taken":0}],"boss_relics":[{"not_picked":["Ectoplasm","Question Card"],"picked":"Philosopher\u0027s Stone"},{"not_picked":["Sozu","Calling Bell"],"picked":"Lizard Tail"}],"potions_floor_spawned":[1,2,5,18,22,27,29,42,44],"seed_played":"1146996833182534693","killed_by":"Awakened One","ascension_level":6,"is_trial":false}