{"path_per_floor":["M","M","M","?","M","R","$","R","T","R","M","M","R","E","R","B",null,"M","?","$","?","?","R","M","E","T","R","M","R","?","M","R","B",null,"M"],"character_chosen":"THE_SILENT","items_purchased":["Terror"],"gold_per_floor":[118,133,143,143,161,161,86,86,111,111,123,140,140,169,169,267,267,287,287,107,107,107,107,117,149,174,174,189,189,216,233,233,329,329,346],"floor_reached":36,"campfire_rested":3,"playtime":2052,"current_hp_per_floor":[63,63,63,63,51,51,51,51,51,51,51,47,68,68,68,38,62,64,64,64,64,51,51,48,30,30,52,65,65,52,53,75,40,66,39],"items_purged":["Strike_G","Defend_G"],"gold":346,"score":490,"play_id":"f7aaa789-93a2-4360-81fc-210667794d1f","is_prod":false,"is_daily":false,"is_ascension_mode":true,"campfire_upgraded":6,"path_taken":["M","?","?","?","M","R","$","R","T","R","M","M","R","E","R","BOSS","M","?","$","?","?","R","M","E","T","R","M","R","?","M","R","BOSS","M","?"],"build_version":"2018-02-23-BETA1","purchased_purges":2,"victory":false,"master_deck":["Defend_G+1","Defend_G+1","Defend_G+1","Defend_G+1","Neutralize+1","Endless Agony+1","After Image","Noxious Fumes+1","Noxious Fumes+1","A Thousand Cuts+1","Terror","Bite","Bite","Bite","Bite","Catalyst+1","Heel Hook","Tools of the Trade","A Thousand Cuts+1","Predator+1","Deep Breath+1","Footwork+1"],"max_hp_per_floor":[70,70,70,70,70,70,70,70,70,70,70,70,70,70,70,70,70,70,70,70,70,75,75,75,75,75,75,75,75,75,75,75,75,75,75],"relics":["Ring of the Snake","NeowsBlessing","Ancient Tea Set","Sozu","Dream Catcher","Oddly Smooth Stone","Red Mask","Astrolabe"],"card_choices":[{"not_picked":["Concentrate","PiercingWail"],"picked":"Endless Agony"},{"not_picked":["Bane","Outmaneuver"],"picked":"After Image"},{"not_picked":["Cloak And Dagger","Flechettes"],"picked":"Backflip"},{"not_picked":["Backstab","Quick Slash"],"picked":"Noxious Fumes"},{"not_picked":["Slice","Outmaneuver"],"picked":"Noxious Fumes"},{"not_picked":["Grand Finale","After Image"],"picked":"A Thousand Cuts"},{"not_picked":["Bouncing Flask","Prepared"],"picked":"Catalyst"},{"not_picked":["Bane","Flechettes"],"picked":"Heel Hook"},{"not_picked":["Glass Knife","Storm of Steel"],"picked":"Tools of the Trade"},{"not_picked":["Reflex","Eviscerate"],"picked":"Footwork"}],"player_experience":187747,"potions_floor_usage":[5,16,16,24],"damage_taken":[{"damage":0,"enemies":"Cultist","floor":1,"turns":1},{"damage":0,"enemies":"Small Slimes","floor":2,"turns":1},{"damage":0,"enemies":"Jaw Worm","floor":3,"turns":1},{"damage":12,"enemies":"Exordium Wildlife","floor":5,"turns":7},{"damage":0,"enemies":"2 Fungi Beasts","floor":11,"turns":4},{"damage":4,"enemies":"3 Louse","floor":12,"turns":4},{"damage":0,"enemies":"3 Sentries","floor":14,"turns":7},{"damage":32,"enemies":"Hexaghost","floor":16,"turns":10},{"damage":0,"enemies":"3 Byrds","floor":18,"turns":4},{"damage":15,"enemies":"Shell Parasite","floor":24,"turns":5},{"damage":28,"enemies":"Book of Stabbing","floor":25,"turns":6},{"damage":5,"enemies":"Centurion and Healer","floor":28,"turns":5},{"damage":21,"enemies":"Masked Bandits","floor":30,"turns":4},{"damage":7,"enemies":"Snecko","floor":31,"turns":5},{"damage":50,"enemies":"Automaton","floor":33,"turns":8},{"damage":31,"enemies":"3 Darklings","floor":35,"turns":3},{"damage":45,"enemies":"Mysterious Sphere","floor":36,"turns":3}],"event_choices":[{"event_name":"Purifier","player_choice":"One Purge","floor":4,"damage_taken":0},{"event_name":"Back to Basics","player_choice":"Simplicity","floor":19,"damage_taken":0},{"event_name":"Vampires","player_choice":"Became a vampire (Vial)","floor":21,"damage_taken":0},{"event_name":"Forgotten Altar","player_choice":"Shed Blood","floor":22,"damage_taken":0},{"event_name":"Masked Bandits","player_choice":"Fought over 189 gold","floor":30,"damage_taken":0},{"event_name":"Mysterious Sphere","player_choice":"Fight","floor":36,"damage_taken":0}],"boss_relics":[{"not_picked":["Pandora\u0027s Box","Calling Bell"],"picked":"Sozu"},{"not_picked":["Runic Pyramid","Snecko Eye"],"picked":"Astrolabe"}],"potions_floor_spawned":[1,2,5,14,18,33],"seed_played":"-7393030915774353289","killed_by":"Mysterious Sphere","ascension_level":6,"is_trial":false}