{"path_per_floor":["M","?","?","?","M","R","$","E","T","$","M","R","?","M","R","B",null,"M","?","?","M","$","R","E","R","T","?","M","R","$","?","R","B",null,"M","M","$","M","?","M","R","?","T","?","R","M","T","M","R","B"],"character_chosen":"THE_SILENT","items_purchased":["Kunai","Noxious Fumes","Noxious Fumes","Footwork","Dexterity Potion"],"gold_per_floor":[119,119,119,294,308,308,33,62,62,23,33,33,108,118,118,220,220,235,150,150,164,89,89,120,120,120,120,137,137,56,56,56,157,157,176,186,38,51,51,68,68,68,93,93,93,112,191,204,204,204],"floor_reached":51,"campfire_rested":7,"playtime":3085,"current_hp_per_floor":[56,56,56,56,56,56,56,32,32,32,32,53,42,42,63,63,68,56,56,56,48,48,48,16,37,37,37,38,38,38,38,59,13,56,35,22,22,16,16,25,46,37,37,37,58,45,45,30,51,38],"items_purged":["Strike_G","Tactician"],"gold":204,"score":689,"play_id":"683d4127-eb42-424c-aee0-a9a59aacddca","local_time":"20180227084710","is_prod":false,"is_daily":false,"is_ascension_mode":true,"campfire_upgraded":3,"timestamp":1519739230,"path_taken":["M","?","?","?","M","R","$","E","T","?","M","R","?","M","R","BOSS","M","?","?","M","$","R","E","R","T","?","M","R","$","?","R","BOSS","M","M","$","M","?","?","R","?","T","?","R","M","?","M","R","BOSS"],"build_version":"2018-02-26-BETA1","purchased_purges":4,"victory":true,"master_deck":["Defend_G+1","Defend_G+1","Defend_G+1","Defend_G+1","Defend_G+1","Strike_G+1","Strike_G+1","Strike_G+1","Survivor","Neutralize+1","Calculated Gamble","Noxious Fumes+1","Dash+1","Noxious Fumes+1","Terror","Slice","Calculated Gamble+1","Eviscerate","Noxious Fumes+1","Footwork","Tools of the Trade","Blur+1","Backstab+1","Madness","Madness","Decay","Dagger Throw+1"],"max_hp_per_floor":[70,70,70,70,70,70,70,70,70,70,70,70,70,70,70,70,70,70,70,70,70,70,70,70,70,70,70,70,70,70,70,70,70,70,70,70,70,70,70,70,70,70,70,70,70,70,70,70,70,70],"relics":["Runic Dome","Kunai","Whetstone","Unceasing Top","Orrery","Bird Faced Urn","Orichalcum","Omamori","Happy Flower","Cursed Key","Pen Nib","Bottled Tornado"],"card_choices":[{"not_picked":["Underhanded Strike","Choke"],"picked":"Calculated Gamble"},{"not_picked":["Quick Slash","Bouncing Flask"],"picked":"Dash"},{"not_picked":["Phantasmal Killer","Bullet Time"],"picked":"Tactician"},{"not_picked":["Leg Sweep","Flying Knee"],"picked":"Terror"},{"not_picked":["Underhanded Strike","Sucker Punch"],"picked":"Slice"},{"not_picked":["Burst","Deadly Poison"],"picked":"Calculated Gamble"},{"not_picked":["Reflex","Predator"],"picked":"Escape Plan"},{"not_picked":["Choke","Burst"],"picked":"Eviscerate"},{"not_picked":["Finisher","Cloak And Dagger"],"picked":"Noxious Fumes"},{"not_picked":["Bullet Time","Corpse Explosion"],"picked":"Tools of the Trade"},{"not_picked":["Underhanded Strike","Skewer"],"picked":"Blur"},{"not_picked":["Infinite Blades","Setup"],"picked":"Backstab"},{"not_picked":["PiercingWail","Underhanded Strike"],"picked":"Dagger Throw"}],"player_experience":196795,"potions_floor_usage":[16,24,38,46,50,50],"damage_taken":[{"damage":7,"enemies":"2 Louse","floor":1,"turns":4},{"damage":0,"enemies":"Cultist","floor":5,"turns":6},{"damage":24,"enemies":"3 Sentries","floor":8,"turns":9},{"damage":0,"enemies":"Jaw Worm","floor":11,"turns":3},{"damage":0,"enemies":"2 Fungi Beasts","floor":14,"turns":3},{"damage":0,"enemies":"The Guardian","floor":16,"turns":12},{"damage":12,"enemies":"Chosen","floor":18,"turns":5},{"damage":12,"enemies":"Spheric Guardian","floor":21,"turns":6},{"damage":36,"enemies":"Book of Stabbing","floor":24,"turns":7},{"damage":3,"enemies":"Centurion and Healer","floor":28,"turns":6},{"damage":54,"enemies":"Collector","floor":33,"turns":9},{"damage":31,"enemies":"3 Darklings","floor":35,"turns":6},{"damage":23,"enemies":"3 Shapes","floor":36,"turns":5},{"damage":16,"enemies":"3 Darklings","floor":38,"turns":5},{"damage":1,"enemies":"Spire Growth","floor":40,"turns":6},{"damage":23,"enemies":"Flame Bruiser 2 Orb","floor":46,"turns":7},{"damage":25,"enemies":"Sphere and 2 Shapes","floor":48,"turns":6},{"damage":23,"enemies":"Time Eater","floor":50,"turns":12}],"event_choices":[{"event_name":"The Woman in Blue","player_choice":"Bought 0 Potions","floor":2,"damage_taken":0},{"event_name":"Living Wall","player_choice":"Forget","floor":3,"damage_taken":0},{"event_name":"Liars Game","player_choice":"agreed","floor":4,"damage_taken":0},{"event_name":"World of Goop","player_choice":"Gather Gold","floor":13,"damage_taken":0},{"event_name":"Addict","player_choice":"Obtained Relic","floor":19,"damage_taken":0},{"event_name":"Wheel of Change","player_choice":"Card Removal","floor":20,"damage_taken":0},{"event_name":"Back to Basics","player_choice":"Simplicity","floor":27,"damage_taken":0},{"event_name":"The Mausoleum","player_choice":"Yes","floor":31,"damage_taken":0},{"event_name":"Winding Halls","player_choice":"Embrace Madness","floor":42,"damage_taken":0},{"event_name":"Mysterious Sphere","player_choice":"Ignore","floor":44,"damage_taken":0}],"boss_relics":[{"not_picked":["Snecko Eye","Velvet Choker"],"picked":"Orrery"},{"not_picked":["Black Star","Sozu"],"picked":"Cursed Key"}],"potions_floor_spawned":[8,14,33,35,40],"seed_played":"-5759316791026586812","ascension_level":6,"is_trial":false}