{"path_per_floor":["M","M","$","?","M","R","M","R","T","R","M","M","$","T","R","B",null,"M","?","M","$","M","R","?","R","T","M","R","M","$","M","R","B",null,"M","M","M","M","M","R","M","R","T","?","R","?","?","$","R","B"],"character_chosen":"THE_SILENT","items_purchased":["Caltrops","Bandage Up"],"gold_per_floor":[20,33,33,33,45,45,65,65,65,65,82,92,17,42,42,142,142,155,70,84,84,100,100,100,100,100,112,112,124,24,34,34,138,138,152,168,178,194,207,207,224,224,247,247,247,247,301,4,4,4],"floor_reached":51,"campfire_rested":3,"playtime":3659,"current_hp_per_floor":[63,63,63,63,61,61,57,57,57,57,57,57,57,64,64,39,68,68,68,68,68,66,66,66,66,66,58,77,70,70,70,70,33,66,66,48,41,41,41,77,77,77,77,77,77,67,49,49,77,4],"items_purged":["Defend_G","Strike_G","Strike_G"],"gold":4,"score":827,"play_id":"e04589a5-ec77-4499-b265-58a60f3d8147","local_time":"20180325110650","is_prod":false,"is_daily":false,"is_ascension_mode":true,"campfire_upgraded":9,"timestamp":1521990410,"path_taken":["M","M","?","?","M","R","?","R","T","R","M","?","?","?","R","BOSS","M","?","M","?","M","R","?","R","T","M","R","M","?","?","R","BOSS","M","M","M","M","M","R","M","R","T","?","R","?","?","$","R","BOSS"],"build_version":"2018-03-23","purchased_purges":5,"victory":true,"master_deck":["Defend_G+1","Defend_G","Defend_G","Defend_G","Survivor+1","Neutralize+1","Dagger Spray+1","Backstab","Dagger Throw+1","Calculated Gamble+1","Infinite Blades","A Thousand Cuts+1","Terror+1","Backflip+1","Leg Sweep+1","Adrenaline+1","Prepared+1","Escape Plan+1","Quick Slash+1","Eviscerate+1","Dagger Throw+1","Blur+1","Burst+1","Madness","Madness","Caltrops","Bandage Up"],"max_hp_per_floor":[70,70,70,70,70,70,70,70,70,70,70,70,70,77,77,77,77,77,77,77,77,77,77,77,77,77,77,77,77,77,77,77,77,77,77,77,77,77,77,77,77,77,77,77,77,77,77,77,77,77],"relics":["Ring of the Snake","Gambling Chip","Strawberry","Sozu","Regal Pillow","Mercury Hourglass","Orrery","Pen Nib","Bird Faced Urn"],"card_choices":[{"not_picked":["Slice","PiercingWail"],"picked":"Dagger Spray","floor":1},{"not_picked":["Poisoned Stab","Choke"],"picked":"Backstab","floor":2},{"not_picked":["Sucker Punch","Acrobatics"],"picked":"Dagger Throw","floor":5},{"not_picked":["Cloak And Dagger","Outmaneuver"],"picked":"Calculated Gamble","floor":11},{"not_picked":["Poisoned Stab","PiercingWail"],"picked":"Infinite Blades","floor":12},{"not_picked":["Unload","Venomology"],"picked":"A Thousand Cuts","floor":16},{"not_picked":["Dagger Spray","Prepared"],"picked":"Terror","floor":18},{"not_picked":["Poisoned Stab","Dagger Spray"],"picked":"Leg Sweep","floor":31},{"not_picked":["Phantasmal Killer","Venomology"],"picked":"Adrenaline","floor":33},{"not_picked":["Skewer","Backflip"],"picked":"Prepared","floor":34},{"not_picked":["Poisoned Stab","Prepared"],"picked":"Escape Plan","floor":34},{"not_picked":["Deflect","Caltrops"],"picked":"Quick Slash","floor":34},{"not_picked":["Cloak And Dagger","Sucker Punch"],"picked":"Eviscerate","floor":35},{"not_picked":["Concentrate","Slice"],"picked":"Dagger Throw","floor":36},{"not_picked":["Outmaneuver","Malaise"],"picked":"Blur","floor":37},{"not_picked":["PiercingWail","Sucker Punch"],"picked":"Burst","floor":38}],"player_experience":211100,"potions_floor_usage":[12,16,31],"damage_taken":[{"damage":0,"enemies":"Cultist","floor":1,"turns":4},{"damage":0,"enemies":"2 Louse","floor":2,"turns":2},{"damage":2,"enemies":"Jaw Worm","floor":5,"turns":5},{"damage":4,"enemies":"Lots of Slimes","floor":7,"turns":2},{"damage":0,"enemies":"Exordium Wildlife","floor":11,"turns":1},{"damage":0,"enemies":"Red Slaver","floor":12,"turns":2},{"damage":25,"enemies":"The Guardian","floor":16,"turns":19},{"damage":0,"enemies":"Spheric Guardian","floor":18,"turns":3},{"damage":0,"enemies":"3 Byrds","floor":20,"turns":3},{"damage":2,"enemies":"3 Cultists","floor":22,"turns":5},{"damage":8,"enemies":"Snake Plant","floor":27,"turns":3},{"damage":7,"enemies":"Centurion and Healer","floor":29,"turns":4},{"damage":0,"enemies":"Chosen and Byrds","floor":31,"turns":3},{"damage":37,"enemies":"Automaton","floor":33,"turns":10},{"damage":0,"enemies":"3 Shapes","floor":35,"turns":3},{"damage":18,"enemies":"3 Darklings","floor":36,"turns":4},{"damage":7,"enemies":"Maw","floor":37,"turns":6},{"damage":0,"enemies":"Spire Growth","floor":38,"turns":3},{"damage":0,"enemies":"Sphere and 2 Shapes","floor":39,"turns":4},{"damage":0,"enemies":"Maw","floor":41,"turns":7},{"damage":18,"enemies":"Mysterious Sphere","floor":47,"turns":5},{"damage":77,"enemies":"Time Eater","floor":50,"turns":13}],"event_choices":[{"event_name":"Upgrade Shrine","player_choice":"Upgraded","floor":4,"damage_taken":0},{"event_name":"Addict","player_choice":"Obtained Relic","floor":19,"damage_taken":0},{"event_name":"The Library","player_choice":"Read","floor":24,"damage_taken":0},{"event_name":"Winding Halls","player_choice":"Embrace Madness","floor":46,"damage_taken":0},{"event_name":"Mysterious Sphere","player_choice":"Fight","floor":47,"damage_taken":0}],"boss_relics":[{"not_picked":["Velvet Choker","Lizard Tail"],"picked":"Sozu"},{"not_picked":["Tiny House","Runic Dome"],"picked":"Orrery"}],"potions_floor_spawned":[5,7,11,18,20,27,33,35,37,41],"seed_played":"3170997526761335285","ascension_level":8,"is_trial":false}