{"path_per_floor":["M","M","?","M","?","R","E","M","T","M","?","M","?","?","R"],"character_chosen":"THE_SILENT","items_purchased":[],"gold_per_floor":[115,134,134,152,152,152,177,190,190,207,207,223,223,223,223,223],"floor_reached":16,"campfire_rested":1,"playtime":800,"current_hp_per_floor":[63,58,63,56,56,56,22,17,17,17,17,14,7,25,47,0],"items_purged":[],"gold":223,"score":158,"play_id":"716728d2-c398-4e62-a4a8-4e075e543ca0","local_time":"20180329212658","is_prod":false,"is_daily":false,"is_ascension_mode":true,"campfire_upgraded":1,"timestamp":1522373218,"path_taken":["M","M","?","?","?","R","E","?","T","M","?","M","?","?","R","BOSS"],"build_version":"2018-03-29","purchased_purges":0,"victory":false,"master_deck":["Defend_G","Defend_G","Defend_G","Defend_G","Defend_G","Strike_G","Strike_G","Strike_G","Survivor","Neutralize","AscendersBane","Sucker Punch","Leg Sweep+1","Dagger Throw","Noxious Fumes","Predator","Parasite"],"max_hp_per_floor":[70,70,75,75,75,75,75,75,75,75,75,75,75,75,75,75],"relics":["Ring of the Snake","Mummified Hand","Juzu Bracelet"],"card_choices":[{"not_picked":["Accuracy","Calculated Gamble"],"picked":"Sucker Punch","floor":1},{"not_picked":["Deflect","Accuracy"],"picked":"Leg Sweep","floor":2},{"not_picked":["Deadly Poison","Deflect"],"picked":"Dagger Throw","floor":4},{"not_picked":["Venomology","PiercingWail"],"picked":"Noxious Fumes","floor":7},{"not_picked":["Sucker Punch","Masterful Stab"],"picked":"Predator","floor":8}],"player_experience":272562,"potions_floor_usage":[7,7,16,16,16],"damage_taken":[{"damage":0,"enemies":"2 Louse","floor":1,"turns":4},{"damage":5,"enemies":"Jaw Worm","floor":2,"turns":5},{"damage":7,"enemies":"Small Slimes","floor":4,"turns":5},{"damage":34,"enemies":"Lagavulin","floor":7,"turns":8},{"damage":5,"enemies":"Blue Slaver","floor":8,"turns":6},{"damage":0,"enemies":"Exordium Wildlife","floor":10,"turns":5},{"damage":3,"enemies":"2 Fungi Beasts","floor":12,"turns":4},{"damage":52,"enemies":"Hexaghost","floor":16,"turns":12}],"event_choices":[{"event_name":"Big Fish","player_choice":"Donut","floor":3,"damage_taken":0},{"event_name":"Golden Idol","player_choice":"Ignored","floor":5,"damage_taken":0},{"event_name":"Living Wall","player_choice":"Forget","floor":11,"damage_taken":0},{"event_name":"Golden Wing","player_choice":"Card Removal","floor":13,"damage_taken":0},{"event_name":"Mushrooms","player_choice":"Healed and dodged fight","floor":14,"damage_taken":0}],"boss_relics":[],"potions_floor_spawned":[1,4,8,10,12],"seed_played":"-788278546126033635","killed_by":"Hexaghost","ascension_level":11,"is_trial":false}