{"path_per_floor":["M","?","M","M","M","R","E","M","T","?","R","E","R","M","R","B",null,"M","?","?","?","?","R","E","R","T","M","$","R","?","M","R"],"character_chosen":"THE_SILENT","items_purchased":["Dead Branch"],"gold_per_floor":[14,14,29,41,56,56,83,95,118,218,218,245,245,263,263,361,361,380,380,295,320,320,320,348,348,348,358,68,68,68,85,85,85],"floor_reached":33,"campfire_rested":4,"playtime":3220,"current_hp_per_floor":[62,62,62,62,59,59,19,15,15,15,36,23,44,43,43,35,61,37,37,44,31,31,47,41,41,41,41,41,41,41,42,56,0],"items_purged":[],"gold":85,"score":463,"play_id":"e6c37c01-ebf2-4774-8c90-20473e6106fa","local_time":"20180331091403","is_prod":false,"is_daily":false,"is_ascension_mode":true,"campfire_upgraded":4,"timestamp":1522502043,"path_taken":["M","?","M","M","?","R","E","M","T","?","R","E","R","M","R","BOSS","M","?","?","?","?","R","E","R","T","?","$","R","?","M","R","BOSS"],"build_version":"2018-03-29","purchased_purges":0,"victory":false,"master_deck":["Defend_G","Defend_G+1","Defend_G","Defend_G","Defend_G","Survivor+1","Neutralize+1","AscendersBane","A Thousand Cuts+1","Predator+1","Dagger Spray","Well Laid Plans","Leg Sweep","Blur","Footwork+1","Burst+1","Bite","Bite","Bite","Bite","Bite","Prepared+1","Acrobatics","Endless Agony"],"max_hp_per_floor":[70,70,70,70,70,70,70,70,70,70,70,70,70,70,70,70,70,70,49,56,56,56,56,56,56,56,56,56,56,56,56,56,56],"relics":["Ring of the Snake","Bottled Flame","War Paint","Bronze Scales","Sozu","Strawberry","Red Mask","Tingsha","Happy Flower","Dead Branch"],"card_choices":[{"not_picked":["Die Die Die","Grand Finale"],"picked":"A Thousand Cuts","floor":0},{"not_picked":["Dagger Spray","Bane"],"picked":"Predator","floor":1},{"not_picked":["Outmaneuver","Dagger Throw"],"picked":"Dagger Spray","floor":3},{"not_picked":["Dagger Spray","All Out Attack"],"picked":"Well Laid Plans","floor":4},{"not_picked":["Setup","Acrobatics"],"picked":"Leg Sweep","floor":7},{"not_picked":["Slice","Outmaneuver"],"picked":"Blur","floor":12},{"not_picked":["Bouncing Flask","Deadly Poison"],"picked":"Footwork","floor":14},{"not_picked":["Phantasmal Killer","Bullet Time"],"picked":"Burst","floor":16},{"not_picked":["Dagger Throw","Leg Sweep"],"picked":"Prepared","floor":21},{"not_picked":["Bane","Underhanded Strike"],"picked":"Acrobatics","floor":27},{"not_picked":["Acrobatics","Deflect"],"picked":"Endless Agony","floor":31}],"player_experience":297348,"potions_floor_usage":[5,12,12],"damage_taken":[{"damage":1,"enemies":"Small Slimes","floor":1,"turns":4},{"damage":0,"enemies":"Cultist","floor":3,"turns":4},{"damage":0,"enemies":"2 Louse","floor":4,"turns":3},{"damage":3,"enemies":"Exordium Thugs","floor":5,"turns":5},{"damage":40,"enemies":"Lagavulin","floor":7,"turns":7},{"damage":4,"enemies":"Large Slime","floor":8,"turns":5},{"damage":13,"enemies":"3 Sentries","floor":12,"turns":7},{"damage":1,"enemies":"3 Louse","floor":14,"turns":3},{"damage":8,"enemies":"The Guardian","floor":16,"turns":15},{"damage":24,"enemies":"Chosen","floor":18,"turns":8},{"damage":19,"enemies":"Masked Bandits","floor":21,"turns":5},{"damage":22,"enemies":"Book of Stabbing","floor":24,"turns":7},{"damage":4,"enemies":"Spheric Guardian","floor":27,"turns":4},{"damage":11,"enemies":"Snecko","floor":31,"turns":7},{"damage":71,"enemies":"Champ","floor":33,"turns":15}],"event_choices":[{"event_name":"Upgrade Shrine","player_choice":"Upgraded","floor":2,"damage_taken":0},{"event_name":"Golden Shrine","player_choice":"Pray","floor":10,"damage_taken":0},{"event_name":"Vampires","player_choice":"Became a vampire","floor":19,"damage_taken":0},{"event_name":"Addict","player_choice":"Obtained Relic","floor":20,"damage_taken":0},{"event_name":"Masked Bandits","player_choice":"Fought over 295 gold","floor":21,"damage_taken":0},{"event_name":"Ghosts","player_choice":"Ignored","floor":22,"damage_taken":0},{"event_name":"The Mausoleum","player_choice":"No","floor":30,"damage_taken":0}],"boss_relics":[{"not_picked":["Philosopher\u0027s Stone","Orrery"],"picked":"Sozu"}],"potions_floor_spawned":[1,3,8,21,27,31],"seed_played":"-7866228978009816120","killed_by":"Champ","ascension_level":12,"is_trial":false}