{"path_per_floor":["M","?","$","?","M","R","E","M","T","E","M","T","R","M","R","B",null,"M","?","?","?","M","R","E","M","T","E","$","T","R","M","R","B",null,"M","M","?","M","?","E","R","M","T","R","E","$","?","M","R","B"],"character_chosen":"THE_SILENT","items_purchased":["Well Laid Plans","Energy Potion"],"gold_per_floor":[115,65,65,65,79,79,113,132,132,191,207,207,207,222,222,300,300,300,300,225,125,125,125,125,125,125,125,51,51,51,51,51,51,51,51,51,51,51,51,51,51,51,51,51,51,1,0,0,0,0],"floor_reached":51,"campfire_rested":6,"playtime":3948,"current_hp_per_floor":[66,66,66,59,54,54,19,19,19,9,5,5,30,30,30,26,70,68,42,42,42,40,40,37,34,46,24,24,26,44,44,62,38,58,59,56,56,58,49,10,31,37,37,58,57,57,57,57,74,34],"items_purged":[],"gold":0,"score":1268,"play_id":"9eaa21d9-70a5-4b4a-8556-e6c62316b35a","local_time":"20180401215605","is_prod":false,"is_daily":false,"is_ascension_mode":true,"campfire_upgraded":3,"timestamp":1522634165,"path_taken":["M","?","$","?","M","R","E","?","T","E","M","?","R","M","R","BOSS","M","?","?","?","M","R","E","M","T","E","?","?","R","M","R","BOSS","M","?","?","M","?","E","R","M","T","R","E","$","?","?","R","BOSS"],"build_version":"2018-03-29","purchased_purges":0,"victory":true,"master_deck":["Defend_G","Defend_G","Defend_G","Defend_G","Defend_G","Strike_G","Strike_G","Survivor","Neutralize+1","AscendersBane","Poisoned Stab","Dagger Throw","Infinite Blades","Footwork+1","Cloak And Dagger","Noxious Fumes","Footwork","Envenom+1","Leg Sweep+1","Ghostly","Ghostly","Ghostly","Ghostly","Ghostly+1","J.A.X.","Noxious Fumes+1","Calculated Gamble+1","Well Laid Plans","Terror","Madness","Madness","Footwork+1","Acrobatics+1"],"max_hp_per_floor":[84,84,84,84,84,84,84,84,84,84,84,84,84,84,84,84,84,84,42,42,42,42,42,42,44,56,58,58,60,60,62,62,64,64,66,66,66,68,68,70,70,72,72,72,74,74,74,74,74,74],"relics":["Ring of the Snake","Singing Bowl","Dodecahedron","Tiny Chest","Tingsha","Ectoplasm","Prayer Wheel","Pear","Matryoshka","Toolbox","Bag of Preparation","Lizard Tail","Snake Skull","Orichalcum","Question Card","War Paint","Red Mask"],"card_choices":[{"not_picked":["Distraction","Deadly Poison"],"picked":"Poisoned Stab","floor":1},{"not_picked":["Calculated Gamble","Riddle With Holes"],"picked":"Dagger Throw","floor":5},{"not_picked":["Deflect","Underhanded Strike"],"picked":"Infinite Blades","floor":7},{"not_picked":["Deflect","Accuracy"],"picked":"Footwork","floor":8},{"not_picked":["Tactician","Acrobatics"],"picked":"Cloak And Dagger","floor":10},{"not_picked":["Acrobatics","PiercingWail"],"picked":"Noxious Fumes","floor":11},{"not_picked":["Bane","Deadly Poison"],"picked":"Footwork","floor":14},{"not_picked":["Burst","Doppelganger"],"picked":"Envenom","floor":16},{"not_picked":["Skewer","Escape Plan"],"picked":"Leg Sweep","floor":18},{"not_picked":["Flechettes","Blur"],"picked":"Noxious Fumes","floor":22},{"not_picked":["Dash","Footwork"],"picked":"Calculated Gamble","floor":24},{"not_picked":["Quick Slash","Dodge and Roll"],"picked":"Terror","floor":36},{"not_picked":["Deflect","Infinite Blades"],"picked":"Footwork","floor":43},{"not_picked":["Calculated Gamble","Flying Knee","Flechettes"],"picked":"Acrobatics","floor":48}],"player_experience":338999,"potions_floor_usage":[10,18,22,24,24,25,33,50,50,50],"damage_taken":[{"damage":11,"enemies":"Small Slimes","floor":1,"turns":6},{"damage":5,"enemies":"Cultist","floor":5,"turns":4},{"damage":35,"enemies":"Lagavulin","floor":7,"turns":8},{"damage":0,"enemies":"2 Louse","floor":8,"turns":2},{"damage":10,"enemies":"3 Sentries","floor":10,"turns":10},{"damage":4,"enemies":"Looter","floor":11,"turns":4},{"damage":0,"enemies":"Blue Slaver","floor":14,"turns":5},{"damage":4,"enemies":"The Guardian","floor":16,"turns":12},{"damage":2,"enemies":"Shell Parasite","floor":18,"turns":7},{"damage":2,"enemies":"Spheric Guardian","floor":22,"turns":8},{"damage":3,"enemies":"Gremlin Leader","floor":24,"turns":7},{"damage":5,"enemies":"Snake Plant","floor":25,"turns":6},{"damage":24,"enemies":"Book of Stabbing","floor":27,"turns":7},{"damage":2,"enemies":"Centurion and Healer","floor":31,"turns":7},{"damage":26,"enemies":"Automaton","floor":33,"turns":11},{"damage":1,"enemies":"3 Shapes","floor":35,"turns":6},{"damage":3,"enemies":"Flame Bruiser 1 Orb","floor":36,"turns":7},{"damage":0,"enemies":"3 Darklings","floor":38,"turns":7},{"damage":41,"enemies":"2 Orb Walkers","floor":40,"turns":8},{"damage":31,"enemies":"Sphere and 2 Shapes","floor":42,"turns":7},{"damage":3,"enemies":"Giant Head","floor":45,"turns":8},{"damage":0,"enemies":"Spire Growth","floor":48,"turns":7},{"damage":40,"enemies":"Donu and Deca","floor":50,"turns":11}],"event_choices":[{"event_name":"The Cleric","player_choice":"Card Removal","floor":2,"damage_taken":0},{"event_name":"Golden Wing","player_choice":"Card Removal","floor":4,"damage_taken":0},{"event_name":"Ghosts","player_choice":"Became a Ghost","floor":19,"damage_taken":0},{"event_name":"Beggar","player_choice":"Gave Gold","floor":20,"damage_taken":0},{"event_name":"Drug Dealer","player_choice":"Got JAXXED","floor":21,"damage_taken":0},{"event_name":"Winding Halls","player_choice":"Embrace Madness","floor":39,"damage_taken":0},{"event_name":"Tomb of Lord Red Mask","player_choice":"Paid","floor":47,"damage_taken":0}],"boss_relics":[{"not_picked":["White Beast Statue","The Specimen"],"picked":"Ectoplasm"},{"not_picked":["Philosopher\u0027s Stone","Velvet Choker"],"picked":"Lizard Tail"}],"potions_floor_spawned":[7,8,11,16,18,24,27,42,45],"seed_played":"-1266695443759732003","ascension_level":13,"is_trial":false}