{"path_per_floor":["M","M","M","M","M","R","E","M","T","R","M","M","R","E","R","B",null,"M","M","M","M","M","R","?","E","T","R","M","$","E","M","R"],"character_chosen":"THE_SILENT","items_purchased":[],"gold_per_floor":[99,99,99,99,99,99,99,99,99,99,99,69,69,69,69,69,69,69,0,0,0,0,0,0,0,0,0,0,0,0,0,0,0],"floor_reached":33,"campfire_rested":5,"playtime":2108,"current_hp_per_floor":[59,58,55,55,55,55,44,30,30,49,40,33,52,40,40,40,60,54,39,39,26,7,26,26,13,13,32,32,32,32,26,45,0],"items_purged":[],"gold":0,"score":646,"play_id":"86f9e553-c949-407a-b793-81e406e74b98","local_time":"20180402201319","is_prod":false,"is_daily":false,"is_ascension_mode":true,"campfire_upgraded":2,"timestamp":1522714399,"path_taken":["M","M","M","M","M","R","E","M","T","R","M","M","R","E","R","BOSS","M","M","?","M","M","R","?","E","T","R","M","?","E","M","R","BOSS"],"build_version":"2018-03-29","purchased_purges":0,"victory":false,"master_deck":["Defend_G+1","Defend_G+1","Defend_G+1","Defend_G+1","Defend_G+1","Strike_G+1","Strike_G+1","Strike_G+1","Strike_G+1","Strike_G+1","Survivor","Neutralize+1","AscendersBane","Quick Slash","Flying Knee","Bouncing Flask","Deadly Poison","Calculated Gamble+1","Noxious Fumes","Terror","Blur","Cloak And Dagger","Malaise","Phantasmal Killer","Riddle With Holes"],"max_hp_per_floor":[66,66,66,66,66,66,66,66,66,66,66,66,66,66,66,66,66,66,66,66,66,66,66,66,66,66,66,66,66,66,66,66,66],"relics":["Ectoplasm","Vajra","Oddly Smooth Stone","Tough Bandages","Sozu","Girya","Snake Skull","Smiling Mask"],"card_choices":[{"not_picked":["Crippling Poison","Poisoned Stab"],"picked":"Quick Slash","floor":1},{"not_picked":["Infinite Blades","Poisoned Stab"],"picked":"Flying Knee","floor":2},{"not_picked":["Calculated Gamble","Sucker Punch"],"picked":"Bouncing Flask","floor":3},{"not_picked":["Quick Slash","Underhanded Strike"],"picked":"Deadly Poison","floor":4},{"not_picked":["Venomology","Underhanded Strike"],"picked":"Calculated Gamble","floor":5},{"not_picked":["Dodge and Roll","Footwork"],"picked":"Noxious Fumes","floor":7},{"not_picked":["Distraction","Dodge and Roll"],"picked":"Terror","floor":12},{"not_picked":["Deflect","Outmaneuver"],"picked":"Blur","floor":14},{"not_picked":["Prepared","Deadly Poison"],"picked":"Cloak And Dagger","floor":18},{"not_picked":["Storm of Steel","PiercingWail"],"picked":"Malaise","floor":22},{"not_picked":["Endless Agony","PiercingWail"],"picked":"Phantasmal Killer","floor":25},{"not_picked":["Prepared","Poisoned Stab"],"picked":"Riddle With Holes","floor":28}],"player_experience":352718,"potions_floor_usage":[4,7,14,16],"damage_taken":[{"damage":0,"enemies":"Cultist","floor":1,"turns":5},{"damage":1,"enemies":"Jaw Worm","floor":2,"turns":3},{"damage":3,"enemies":"Small Slimes","floor":3,"turns":3},{"damage":0,"enemies":"Exordium Wildlife","floor":4,"turns":5},{"damage":0,"enemies":"Exordium Thugs","floor":5,"turns":4},{"damage":23,"enemies":"3 Sentries","floor":7,"turns":10},{"damage":14,"enemies":"Large Slime","floor":8,"turns":4},{"damage":9,"enemies":"3 Louse","floor":11,"turns":4},{"damage":7,"enemies":"Looter","floor":12,"turns":3},{"damage":12,"enemies":"Gremlin Nob","floor":14,"turns":3},{"damage":0,"enemies":"The Guardian","floor":16,"turns":9},{"damage":6,"enemies":"Shell Parasite","floor":18,"turns":4},{"damage":15,"enemies":"2 Thieves","floor":19,"turns":4},{"damage":0,"enemies":"Centurion and Healer","floor":20,"turns":7},{"damage":13,"enemies":"Cultist and Chosen","floor":21,"turns":8},{"damage":19,"enemies":"Snecko","floor":22,"turns":5},{"damage":13,"enemies":"Gremlin Leader","floor":25,"turns":9},{"damage":0,"enemies":"Snake Plant","floor":28,"turns":3},{"damage":0,"enemies":"Book of Stabbing","floor":30,"turns":6},{"damage":6,"enemies":"Centurion and Healer","floor":31,"turns":8},{"damage":47,"enemies":"Champ","floor":33,"turns":8}],"event_choices":[{"event_name":"Back to Basics","player_choice":"Simplicity","floor":24,"damage_taken":0}],"boss_relics":[{"not_picked":["Runic Dome","Velvet Choker"],"picked":"Sozu"}],"potions_floor_spawned":[1,3,11,14,21,22],"seed_played":"-8923595441015369477","killed_by":"Champ","ascension_level":14,"is_trial":false}