{"path_per_floor":["M","M","?","?","M","R","M","M","T","E","R","$","E","?","R","B",null,"M","M","?","M","$"],"character_chosen":"THE_SILENT","items_purchased":["Oddly Smooth Stone","Footwork"],"gold_per_floor":[110,125,125,125,145,145,159,175,175,204,204,57,88,88,88,159,159,176,166,91,103,21,21],"floor_reached":23,"campfire_rested":0,"playtime":1524,"current_hp_per_floor":[63,63,56,56,56,56,56,56,56,60,60,60,59,43,43,43,71,71,62,62,60,60,0],"items_purged":[],"gold":21,"score":414,"play_id":"5359f971-a086-4a42-90b9-bbec12f51238","local_time":"20180331221440","is_prod":false,"is_daily":false,"is_ascension_mode":true,"campfire_upgraded":3,"timestamp":1522548880,"path_taken":["M","M","?","?","?","R","M","M","T","E","R","$","E","?","R","BOSS","M","M","?","M","$","E"],"build_version":"2018-03-29","purchased_purges":1,"victory":false,"master_deck":["Defend_G","Defend_G","Defend_G","Defend_G","Defend_G+1","Strike_G","Strike_G","Strike_G+1","Strike_G","Survivor","Neutralize+1","AscendersBane","Dash","Flying Knee","Sucker Punch","Leg Sweep+1","Glass Knife+1","Acrobatics","Tools of the Trade","Footwork"],"max_hp_per_floor":[70,70,70,70,70,70,70,70,70,80,80,80,80,80,80,80,80,80,80,80,80,80,80],"relics":["Ring of the Snake","Paper Crane","Dodecahedron","Pear","Oddly Smooth Stone","Toolbox","Black Star"],"card_choices":[{"not_picked":["Outmaneuver","Caltrops"],"picked":"Dash","floor":1},{"not_picked":["Bouncing Flask","PiercingWail"],"picked":"Flying Knee","floor":5},{"not_picked":["Prepared","Flechettes"],"picked":"Sucker Punch","floor":7},{"not_picked":["Bouncing Flask","Deflect"],"picked":"Leg Sweep","floor":8},{"not_picked":["Acrobatics","Dodge and Roll"],"picked":"Glass Knife","floor":10},{"not_picked":["Finisher","Eviscerate"],"picked":"Acrobatics","floor":13},{"not_picked":["Phantasmal Killer","Glass Knife"],"picked":"Tools of the Trade","floor":16}],"player_experience":319742,"potions_floor_usage":[10,16,21,23],"damage_taken":[{"damage":0,"enemies":"2 Louse","floor":1,"turns":3},{"damage":0,"enemies":"Small Slimes","floor":2,"turns":4},{"damage":0,"enemies":"Cultist","floor":5,"turns":4},{"damage":0,"enemies":"3 Louse","floor":7,"turns":4},{"damage":0,"enemies":"2 Fungi Beasts","floor":8,"turns":3},{"damage":6,"enemies":"Lagavulin","floor":10,"turns":10},{"damage":1,"enemies":"3 Sentries","floor":13,"turns":6},{"damage":0,"enemies":"The Guardian","floor":16,"turns":16},{"damage":0,"enemies":"Shell Parasite","floor":18,"turns":5},{"damage":9,"enemies":"2 Thieves","floor":19,"turns":4},{"damage":2,"enemies":"Snake Plant","floor":21,"turns":8},{"damage":65,"enemies":"Gremlin Leader","floor":23,"turns":6}],"event_choices":[{"event_name":"Scrap Ooze","player_choice":"success","floor":3,"damage_taken":7},{"event_name":"Liars Game","player_choice":"disagreed","floor":4,"damage_taken":0},{"event_name":"Shining Light","player_choice":"Entered Light","floor":14,"damage_taken":0},{"event_name":"Beggar","player_choice":"Gave Gold","floor":20,"damage_taken":0}],"boss_relics":[{"not_picked":["Cursed Key","The Specimen"],"picked":"Black Star"}],"potions_floor_spawned":[5,7,16,18],"seed_played":"-947855253044147814","killed_by":"Gremlin Leader","ascension_level":13,"is_trial":false}