{"path_per_floor":["M","?","?","?","M","R","E","R","T","M","E","M","?","M","R","B",null,"M","$","?","?","M","R","E","R","T","R","$","M","?","M","R","B",null,"M"],"character_chosen":"THE_SILENT","items_purchased":["Tough Bandages","Burst","Matryoshka"],"gold_per_floor":[117,117,192,192,203,203,236,236,261,276,309,325,325,341,341,438,438,448,64,64,264,284,284,319,319,319,319,3,17,0,13,13,108,108,124,124],"floor_reached":36,"campfire_rested":5,"playtime":2442,"current_hp_per_floor":[63,63,52,57,57,57,44,44,44,44,21,21,14,14,36,32,64,53,53,53,53,23,45,9,31,31,53,53,53,53,53,75,13,60,21,0],"items_purged":["Strike_G"],"gold":124,"score":605,"play_id":"780bddf4-77f7-49fe-a26a-3eeb56647413","local_time":"20180329222459","is_prod":false,"is_daily":false,"is_ascension_mode":true,"campfire_upgraded":2,"timestamp":1522376699,"path_taken":["M","?","?","?","?","R","E","R","T","M","E","M","?","M","R","BOSS","M","$","?","?","M","R","E","R","T","R","?","M","?","M","R","BOSS","M","?"],"build_version":"2018-03-29","purchased_purges":2,"victory":false,"master_deck":["Defend_G","Defend_G","Defend_G","Defend_G","Defend_G","Strike_G","Strike_G","Strike_G","Survivor","Neutralize+1","AscendersBane","Adrenaline","Noxious Fumes+1","Acrobatics","Dagger Spray+1","Skewer","Catalyst","Calculated Gamble","Outmaneuver","Burst","Well Laid Plans","Malaise","Tactician"],"max_hp_per_floor":[70,70,70,75,75,75,75,75,75,75,75,75,75,75,75,75,75,75,75,75,75,75,75,75,75,75,75,75,75,75,75,75,75,75,75,75],"relics":["Ring of the Snake","Art of War","Bag of Marbles","Omamori","Sozu","Tough Bandages","Anchor","Prayer Wheel","Matryoshka","Cursed Key"],"card_choices":[{"not_picked":["Quick Slash","Bane"],"picked":"Noxious Fumes","floor":1},{"not_picked":["Crippling Poison","Dagger Spray"],"picked":"Acrobatics","floor":5},{"not_picked":["Doppelganger","All Out Attack"],"picked":"Dagger Spray","floor":7},{"not_picked":["Prepared","Slice"],"picked":"Skewer","floor":10},{"not_picked":["Underhanded Strike","Dash"],"picked":"Catalyst","floor":11},{"not_picked":["Cloak And Dagger","Flechettes"],"picked":"Calculated Gamble","floor":12},{"not_picked":["Underhanded Strike","Cloak And Dagger"],"picked":"Outmaneuver","floor":14},{"not_picked":["Choke","Dagger Spray"],"picked":"Well Laid Plans","floor":22},{"not_picked":["PiercingWail","Flechettes"],"picked":"Malaise","floor":24},{"not_picked":["Die Die Die","Wraith Form"],"picked":"Tactician","floor":33}],"player_experience":274375,"potions_floor_usage":[7,16,16,18],"damage_taken":[{"damage":0,"enemies":"Jaw Worm","floor":1,"turns":6},{"damage":0,"enemies":"Cultist","floor":5,"turns":4},{"damage":13,"enemies":"3 Sentries","floor":7,"turns":7},{"damage":0,"enemies":"Small Slimes","floor":10,"turns":1},{"damage":23,"enemies":"Gremlin Nob","floor":11,"turns":5},{"damage":0,"enemies":"3 Louse","floor":12,"turns":1},{"damage":0,"enemies":"2 Fungi Beasts","floor":14,"turns":4},{"damage":4,"enemies":"The Guardian","floor":16,"turns":10},{"damage":11,"enemies":"2 Thieves","floor":18,"turns":4},{"damage":30,"enemies":"Chosen","floor":22,"turns":5},{"damage":36,"enemies":"Book of Stabbing","floor":24,"turns":7},{"damage":0,"enemies":"Slaver and Parasite","floor":29,"turns":7},{"damage":0,"enemies":"Chosen and Byrds","floor":31,"turns":7},{"damage":62,"enemies":"Automaton","floor":33,"turns":14},{"damage":39,"enemies":"3 Darklings","floor":35,"turns":5},{"damage":30,"enemies":"3 Shapes","floor":36,"turns":3}],"event_choices":[{"event_name":"Upgrade Shrine","player_choice":"Upgraded","floor":2,"damage_taken":0},{"event_name":"World of Goop","player_choice":"Gather Gold","floor":3,"damage_taken":0},{"event_name":"Big Fish","player_choice":"Donut","floor":4,"damage_taken":0},{"event_name":"Golden Wing","player_choice":"Card Removal","floor":13,"damage_taken":0},{"event_name":"Cursed Tome","player_choice":"Ignored","floor":20,"damage_taken":0},{"event_name":"Wheel of Change","player_choice":"Gold","floor":21,"damage_taken":0},{"event_name":"Masked Bandits","player_choice":"Paid Bandits 17 gold","floor":30,"damage_taken":0}],"boss_relics":[{"not_picked":["White Beast Statue","The Specimen"],"picked":"Sozu"},{"not_picked":["Lizard Tail","Orrery"],"picked":"Cursed Key"}],"potions_floor_spawned":[1,11,12,14,18,24,33],"seed_played":"-3951739755863752833","killed_by":"3 Shapes","ascension_level":11,"is_trial":false}