{"path_per_floor":["M","M","?","?","M","?","R","M","T","R","M","R","?","M","R","B",null,"M","M","M","?","M","R","M","M","T","M","R","?","M"],"character_chosen":"THE_SILENT","items_purchased":[],"gold_per_floor":[112,129,129,129,141,141,141,158,158,158,169,169,119,130,130,235,235,252,236,256,256,267,267,284,304,353,367,367,367,377,377],"floor_reached":31,"campfire_rested":3,"playtime":1820,"current_hp_per_floor":[62,62,62,62,55,48,48,39,39,60,59,59,59,59,59,68,70,48,34,18,18,24,45,33,33,33,15,36,36,1,0],"items_purged":[],"gold":377,"score":350,"play_id":"3a74247b-2648-4d82-bea9-9c399ca2866a","local_time":"20180327064837","is_prod":false,"is_daily":false,"is_ascension_mode":true,"campfire_upgraded":3,"timestamp":1522147717,"path_taken":["M","M","?","?","?","?","R","M","T","R","M","R","?","M","R","BOSS","M","M","M","?","M","R","M","?","T","M","R","?","M","M"],"build_version":"2018-03-25","purchased_purges":0,"victory":false,"master_deck":["Defend_G","Defend_G","Defend_G","Defend_G","Strike_G","Strike_G","Survivor+1","Neutralize+1","AscendersBane","Terror+1","Dagger Spray","Backstab","Masterful Stab","Slice","Envenom","Prepared","Footwork","Heel Hook+1","Backflip","PiercingWail+1","Blade Dance+1","Concentrate","Crippling Poison+1"],"max_hp_per_floor":[70,70,70,70,70,70,70,70,70,70,70,70,70,70,70,70,70,70,70,70,70,70,70,70,70,70,70,70,70,70,70],"relics":["Ring of the Snake","Unceasing Top","Question Card","Prayer Wheel"],"card_choices":[{"not_picked":["Prepared","Poisoned Stab"],"picked":"Acrobatics","floor":1},{"not_picked":["Deadly Poison","Well Laid Plans"],"picked":"Terror","floor":2},{"not_picked":["Sucker Punch","Terror"],"picked":"Dagger Spray","floor":5},{"not_picked":["Deflect","Dagger Throw"],"picked":"Backstab","floor":8},{"not_picked":["Deadly Poison","Flechettes"],"picked":"Masterful Stab","floor":11},{"not_picked":["Terror","Outmaneuver"],"picked":"Slice","floor":14},{"not_picked":["Glass Knife","Tactician"],"picked":"Envenom","floor":16},{"not_picked":["Acrobatics","Sucker Punch","Finisher"],"picked":"Prepared","floor":18},{"not_picked":["Dagger Spray","Cloak And Dagger","Escape Plan"],"picked":"Footwork","floor":19},{"not_picked":["Deadly Poison","Endless Agony","Flying Knee"],"picked":"Heel Hook","floor":20},{"not_picked":["Poisoned Stab","All Out Attack","Bane"],"picked":"Backflip","floor":22},{"not_picked":["Masterful Stab","Flying Knee","Well Laid Plans"],"picked":"PiercingWail","floor":24},{"not_picked":["PiercingWail","Outmaneuver","Backflip"],"picked":"Blade Dance","floor":25},{"not_picked":["Blade Dance","Backflip","Dagger Spray"],"picked":"Concentrate","floor":27},{"not_picked":["Glass Knife","Quick Slash","Heel Hook"],"picked":"Crippling Poison","floor":30}],"player_experience":240055,"potions_floor_usage":[16,16,22,22,25],"damage_taken":[{"damage":1,"enemies":"Cultist","floor":1,"turns":6},{"damage":0,"enemies":"2 Louse","floor":2,"turns":3},{"damage":7,"enemies":"Small Slimes","floor":5,"turns":3},{"damage":9,"enemies":"Exordium Thugs","floor":8,"turns":5},{"damage":1,"enemies":"Large Slime","floor":11,"turns":5},{"damage":0,"enemies":"Gremlin Gang","floor":14,"turns":6},{"damage":2,"enemies":"The Guardian","floor":16,"turns":11},{"damage":22,"enemies":"Spheric Guardian","floor":18,"turns":4},{"damage":14,"enemies":"2 Thieves","floor":19,"turns":4},{"damage":16,"enemies":"Centurion and Healer","floor":20,"turns":7},{"damage":9,"enemies":"Cultist and Chosen","floor":22,"turns":9},{"damage":12,"enemies":"Snecko","floor":24,"turns":5},{"damage":12,"enemies":"Snake Plant","floor":25,"turns":5},{"damage":18,"enemies":"Centurion and Healer","floor":27,"turns":8},{"damage":35,"enemies":"Chosen and Byrds","floor":30,"turns":7},{"damage":13,"enemies":"Cultist and Chosen","floor":31,"turns":4}],"event_choices":[{"event_name":"Living Wall","player_choice":"Forget","floor":3,"damage_taken":0},{"event_name":"Bonfire Elementals","player_choice":"BASIC","floor":4,"damage_taken":0},{"event_name":"Golden Wing","player_choice":"Card Removal","floor":6,"damage_taken":0},{"event_name":"The Cleric","player_choice":"Card Removal","floor":13,"damage_taken":0},{"event_name":"Accursed Blacksmith","player_choice":"Ignore","floor":21,"damage_taken":0},{"event_name":"Cursed Tome","player_choice":"Ignored","floor":29,"damage_taken":0}],"boss_relics":[{"not_picked":["Calling Bell","Black Star"],"picked":"Question Card"}],"potions_floor_spawned":[5,8,19,20,24],"seed_played":"-3212177278788397149","killed_by":"Cultist and Chosen","ascension_level":10,"is_trial":false}