{"path_per_floor":["M","M","?","T","M","R","M","R","T","R","M","R","M","M","R","B",null,"M","$","?","$","?","R","E","M","T","?","M","M","R","M","R","B",null,"M","M","?","M","M","R","E","?","T","M","R","T","M","$","R","B"],"character_chosen":"THE_SILENT","items_purchased":["Kunai","Regal Pillow"],"gold_per_floor":[115,132,207,207,221,221,241,241,265,265,281,281,292,308,308,405,405,419,344,344,88,13,13,39,49,73,73,83,95,95,109,109,204,234,251,271,271,288,304,304,337,337,337,348,348,348,359,112,112,112],"floor_reached":51,"campfire_rested":4,"playtime":4741,"current_hp_per_floor":[60,56,45,45,45,45,44,44,44,44,38,59,55,55,55,20,61,61,61,61,61,61,61,63,63,63,63,65,67,67,67,82,82,89,89,91,80,71,73,73,36,36,36,4,33,33,33,33,77,29],"items_purged":["Strike_G","Madness"],"gold":112,"score":1063,"play_id":"6f077a70-dfba-4f45-9a0f-996aad79bf35","local_time":"20180325220323","is_prod":false,"is_daily":false,"is_ascension_mode":true,"campfire_upgraded":7,"timestamp":1522029803,"path_taken":["M","M","?","?","M","R","M","R","T","R","?","R","M","M","R","BOSS","M","$","?","$","?","R","E","M","T","?","M","?","R","M","R","BOSS","M","M","?","M","M","R","E","?","T","?","R","?","M","$","R","BOSS"],"build_version":"2018-03-25","purchased_purges":3,"victory":true,"master_deck":["Defend_G+1","Defend_G+1","Defend_G+1","Defend_G+1","Defend_G+1","Strike_G+1","Strike_G+1","Strike_G+1","Strike_G+1","Survivor","Neutralize+1","Footwork+1","Backflip+1","Terror+1","Predator+1","A Thousand Cuts+1","Blur+1","Blur+1","Tools of the Trade+1","Calculated Gamble","Madness","Escape Plan+1"],"max_hp_per_floor":[70,70,70,70,70,70,70,70,70,70,72,72,74,74,74,74,74,76,76,76,76,76,76,78,78,78,78,80,82,82,82,82,82,89,89,91,91,93,95,95,97,97,97,97,97,97,99,99,99,99],"relics":["Ring of the Snake","Singing Bowl","Anchor","Sozu","Kunai","Art of War","Ancient Tea Set","Tiny House","Bottled Flame","Ginger","Dead Branch","Regal Pillow"],"card_choices":[{"not_picked":["Doppelganger","Underhanded Strike"],"picked":"Footwork","floor":1},{"not_picked":["Catalyst","Poisoned Stab"],"picked":"Backflip","floor":2},{"not_picked":["Cloak And Dagger","Slice"],"picked":"Acrobatics","floor":5},{"not_picked":["Dagger Throw","Heel Hook"],"picked":"Terror","floor":7},{"not_picked":["Riddle With Holes","Infinite Blades"],"picked":"Predator","floor":14},{"not_picked":["Wraith Form","Corpse Explosion"],"picked":"A Thousand Cuts","floor":16},{"not_picked":["Acrobatics","Deadly Poison"],"picked":"Blur","floor":25},{"not_picked":["Flying Knee","Acrobatics"],"picked":"Blur","floor":31},{"not_picked":["Doppelganger","Venomology"],"picked":"Tools of the Trade","floor":33},{"not_picked":["Deadly Poison","Dagger Spray"],"picked":"Calculated Gamble","floor":35},{"not_picked":["Tactician","PiercingWail"],"picked":"Escape Plan","floor":44}],"player_experience":220880,"potions_floor_usage":[11,13,16],"damage_taken":[{"damage":3,"enemies":"Jaw Worm","floor":1,"turns":5},{"damage":4,"enemies":"Small Slimes","floor":2,"turns":7},{"damage":0,"enemies":"Cultist","floor":5,"turns":5},{"damage":1,"enemies":"Exordium Wildlife","floor":7,"turns":10},{"damage":8,"enemies":"Gremlin Gang","floor":11,"turns":8},{"damage":6,"enemies":"Exordium Thugs","floor":13,"turns":14},{"damage":0,"enemies":"Blue Slaver","floor":14,"turns":6},{"damage":50,"enemies":"The Guardian","floor":16,"turns":17},{"damage":2,"enemies":"Spheric Guardian","floor":18,"turns":9},{"damage":0,"enemies":"Book of Stabbing","floor":24,"turns":7},{"damage":0,"enemies":"Chosen","floor":25,"turns":5},{"damage":0,"enemies":"Snake Plant","floor":28,"turns":4},{"damage":0,"enemies":"Cultist and Chosen","floor":29,"turns":8},{"damage":0,"enemies":"Sentry and Sphere","floor":31,"turns":8},{"damage":0,"enemies":"Champ","floor":33,"turns":22},{"damage":0,"enemies":"3 Shapes","floor":35,"turns":6},{"damage":0,"enemies":"Flame Bruiser 1 Orb","floor":36,"turns":7},{"damage":11,"enemies":"3 Darklings","floor":38,"turns":6},{"damage":0,"enemies":"4 Shapes","floor":39,"turns":7},{"damage":39,"enemies":"2 Orb Walkers","floor":41,"turns":9},{"damage":32,"enemies":"Maw","floor":44,"turns":9},{"damage":2,"enemies":"Spire Growth","floor":47,"turns":5},{"damage":48,"enemies":"Awakened One","floor":50,"turns":32}],"event_choices":[{"event_name":"World of Goop","player_choice":"Gather Gold","floor":3,"damage_taken":0},{"event_name":"Back to Basics","player_choice":"Simplicity","floor":20,"damage_taken":0},{"event_name":"Beggar","player_choice":"Gave Gold","floor":22,"damage_taken":0},{"event_name":"Addict","player_choice":"Ignored","floor":27,"damage_taken":0},{"event_name":"Winding Halls","player_choice":"Embrace Madness","floor":37,"damage_taken":0},{"event_name":"Upgrade Shrine","player_choice":"Upgraded","floor":42,"damage_taken":0}],"boss_relics":[{"not_picked":["The Specimen","White Beast Statue"],"picked":"Sozu"},{"not_picked":["Orrery","Runic Dome"],"picked":"Tiny House"}],"potions_floor_spawned":[1,5,14,18,25,29,36,38,47],"seed_played":"-7319588326029329547","ascension_level":9,"is_trial":false}