{"path_per_floor":["M","M","?","?","$","R","E","R","T","R","M","M","R","M","R","B",null,"M","?"],"character_chosen":"THE_SILENT","items_purchased":[],"gold_per_floor":[112,128,128,128,53,53,84,84,84,84,102,114,114,126,126,200,200,213,213,213],"floor_reached":20,"campfire_rested":0,"playtime":730,"current_hp_per_floor":[59,59,59,59,59,59,59,59,59,59,59,59,59,59,59,1,50,31,31,0],"items_purged":["Strike_G"],"gold":213,"score":345,"play_id":"845f5b2b-1049-408e-9bf5-ff1c464965fd","local_time":"20180408010057","is_prod":false,"is_daily":false,"is_ascension_mode":true,"campfire_upgraded":5,"timestamp":1523163657,"path_taken":["M","M","?","?","?","R","E","R","T","R","M","M","R","M","R","BOSS","M","?","?"],"build_version":"2018-04-05","purchased_purges":1,"victory":false,"master_deck":["Defend_G","Defend_G","Defend_G","Defend_G","Defend_G","Strike_G","Survivor+1","Neutralize+1","AscendersBane","Cloak And Dagger+1","Choke+1","Grand Finale+1","PiercingWail+1","Tactician+1","Wraith Form+1","Flying Knee+1","Acrobatics"],"max_hp_per_floor":[66,66,66,66,66,66,66,66,66,66,66,66,66,66,66,66,66,66,66,66],"relics":["Ring of the Snake","NeowsBlessing","Orichalcum","Calipers","Astrolabe"],"card_choices":[{"not_picked":["Bane","Deflect"],"picked":"Cloak And Dagger","floor":1},{"not_picked":["Underhanded Strike","Escape Plan"],"picked":"Choke","floor":2},{"not_picked":["Concentrate","Poisoned Stab"],"picked":"Grand Finale","floor":7},{"not_picked":["Dodge and Roll","Backflip"],"picked":"PiercingWail","floor":11}],"player_experience":393744,"potions_floor_usage":[16,16,16],"damage_taken":[{"damage":0,"enemies":"Small Slimes","floor":1,"turns":1},{"damage":0,"enemies":"Cultist","floor":2,"turns":1},{"damage":0,"enemies":"Gremlin Nob","floor":7,"turns":1},{"damage":0,"enemies":"Jaw Worm","floor":11,"turns":5},{"damage":0,"enemies":"Exordium Wildlife","floor":12,"turns":5},{"damage":0,"enemies":"2 Fungi Beasts","floor":14,"turns":3},{"damage":58,"enemies":"Hexaghost","floor":16,"turns":15},{"damage":19,"enemies":"Chosen","floor":18,"turns":7},{"damage":33,"enemies":"Masked Bandits","floor":20,"turns":3}],"event_choices":[{"event_name":"Upgrade Shrine","player_choice":"Upgraded","floor":3,"damage_taken":0},{"event_name":"Liars Game","player_choice":"disagreed","floor":4,"damage_taken":0},{"event_name":"The Library","player_choice":"Read","floor":19,"damage_taken":0},{"event_name":"Masked Bandits","player_choice":"Fought over 213 gold","floor":20,"damage_taken":0}],"boss_relics":[{"not_picked":["Runic Pyramid","Cursed Key"],"picked":"Astrolabe"}],"potions_floor_spawned":[7,12,14,16],"seed_played":"6057533128197884940","killed_by":"Masked Bandits","ascension_level":15,"is_trial":false}