{"path_per_floor":["M","M","?","M","M","R","E","R","T","R","M","M","M","$","R","B",null,"M","M","M","M","?","R","E","R","T"],"character_chosen":"THE_SILENT","items_purchased":["Accuracy","Tiny Chest"],"gold_per_floor":[18,34,109,120,130,130,165,165,165,165,180,200,217,57,57,129,129,146,158,170,180,180,180,205,205,205,205],"floor_reached":27,"campfire_rested":3,"playtime":1561,"current_hp_per_floor":[56,53,42,42,41,41,23,42,42,42,36,36,35,35,35,18,54,54,24,14,12,25,44,7,26,26,0],"items_purged":[],"gold":205,"score":415,"play_id":"e477b79e-b9fb-40dc-8267-0bc9f41ecf31","local_time":"20180406111239","is_prod":false,"is_daily":false,"is_ascension_mode":true,"campfire_upgraded":3,"timestamp":1523027559,"path_taken":["M","M","?","M","M","R","E","R","T","R","M","M","M","$","R","BOSS","M","M","M","?","?","R","E","R","T","E"],"build_version":"2018-04-05","purchased_purges":0,"victory":false,"master_deck":["Defend_G","Defend_G","Defend_G","Defend_G","Defend_G","Strike_G","Strike_G","Strike_G","Strike_G","Strike_G","Survivor","Neutralize+1","AscendersBane","Storm of Steel+1","Backflip","Predator","Backstab","After Image","Acrobatics","Blur","Accuracy+1","After Image","Backflip","Leg Sweep","Backstab","Regret"],"max_hp_per_floor":[66,66,66,66,66,66,66,66,66,66,66,66,66,66,66,66,66,66,66,66,66,66,66,66,66,66,66],"relics":["Ring of the Snake","Pen Nib","Sundial","Tiny Chest","Cursed Key","Bronze Scales","Question Card"],"card_choices":[{"not_picked":["Adrenaline","Night Terror"],"picked":"Storm of Steel","floor":0},{"not_picked":["Deadly Poison","Dagger Throw"],"picked":"Backflip","floor":1},{"not_picked":["Dagger Throw","Acrobatics"],"picked":"Predator","floor":2},{"not_picked":["Flying Knee","Calculated Gamble"],"picked":"Backstab","floor":4},{"not_picked":["Flying Knee","Bane"],"picked":"After Image","floor":7},{"not_picked":["Skewer","Deadly Poison"],"picked":"Acrobatics","floor":11},{"not_picked":["Underhanded Strike","Poisoned Stab"],"picked":"Blur","floor":12},{"not_picked":["Venomology","Unload"],"picked":"After Image","floor":16},{"not_picked":["Sucker Punch","All Out Attack"],"picked":"Backflip","floor":19},{"not_picked":["All Out Attack","PiercingWail"],"picked":"Leg Sweep","floor":20},{"not_picked":["Finisher","Phantasmal Killer"],"picked":"Backstab","floor":24}],"player_experience":387492,"potions_floor_usage":[16,16,16,24,27],"damage_taken":[{"damage":3,"enemies":"2 Louse","floor":1,"turns":3},{"damage":3,"enemies":"Small Slimes","floor":2,"turns":6},{"damage":0,"enemies":"Cultist","floor":4,"turns":4},{"damage":1,"enemies":"Looter","floor":5,"turns":3},{"damage":18,"enemies":"3 Sentries","floor":7,"turns":9},{"damage":6,"enemies":"3 Louse","floor":11,"turns":3},{"damage":0,"enemies":"Large Slime","floor":12,"turns":2},{"damage":1,"enemies":"Exordium Wildlife","floor":13,"turns":3},{"damage":17,"enemies":"Slime Boss","floor":16,"turns":9},{"damage":0,"enemies":"Shell Parasite","floor":18,"turns":6},{"damage":30,"enemies":"2 Thieves","floor":19,"turns":4},{"damage":10,"enemies":"Snake Plant","floor":20,"turns":5},{"damage":2,"enemies":"Snecko","floor":21,"turns":5},{"damage":37,"enemies":"Slavers","floor":24,"turns":14},{"damage":30,"enemies":"Gremlin Leader","floor":27,"turns":4}],"event_choices":[{"event_name":"World of Goop","player_choice":"Gather Gold","floor":3,"damage_taken":0},{"event_name":"The Library","player_choice":"Heal","floor":22,"damage_taken":0}],"boss_relics":[{"not_picked":["Calling Bell","Pandora\u0027s Box"],"picked":"Cursed Key"}],"potions_floor_spawned":[5,7,12,13,19,20,24],"seed_played":"6220452179123943493","killed_by":"Gremlin Leader","ascension_level":15,"is_trial":false}