{"path_per_floor":["M","?","M","?","M","E","M","R","T","M","R","M","?","E","R","B",null,"M","M","?","M","?","R","?","$","T","R"],"character_chosen":"THE_SILENT","items_purchased":[],"gold_per_floor":[18,18,37,112,122,150,169,169,169,185,185,202,202,235,235,312,312,312,312,212,212,212,212,212,137,137,137,137],"floor_reached":28,"campfire_rested":2,"playtime":1504,"current_hp_per_floor":[58,58,58,47,47,23,22,41,41,41,41,25,18,3,22,15,53,50,43,43,17,30,30,30,30,30,30,0],"items_purged":["Strike_G"],"gold":137,"score":399,"play_id":"f80022b7-d46b-4272-961d-7dab2a5c5adf","local_time":"20180410000347","is_prod":false,"is_daily":false,"is_ascension_mode":true,"campfire_upgraded":0,"timestamp":1523333027,"path_taken":["M","?","M","?","M","E","M","R","T","M","R","M","?","E","R","BOSS","M","M","?","M","?","R","?","$","T","R","M"],"build_version":"2018-04-05","purchased_purges":1,"victory":false,"master_deck":["Defend_G","Defend_G","Defend_G","Defend_G","Defend_G","Strike_G","Strike_G","Strike_G","Survivor","Neutralize","AscendersBane","Backflip","Masterful Stab","Slice","Deflect","Well Laid Plans","Dash","Caltrops","Grand Finale","PiercingWail","Footwork","J.A.X.","Calculated Gamble"],"max_hp_per_floor":[66,66,66,66,66,66,66,66,66,66,66,66,66,66,66,66,66,66,66,66,66,66,66,66,66,66,66,66],"relics":["Ring of the Snake","Peace Pipe","Orichalcum","Girya","Toolbox","Ectoplasm","Bird Faced Urn"],"card_choices":[{"not_picked":["Bane","Flechettes"],"picked":"Backflip","floor":1},{"not_picked":["Sucker Punch","Bouncing Flask"],"picked":"Masterful Stab","floor":3},{"not_picked":["Acrobatics","Crippling Poison"],"picked":"Slice","floor":5},{"not_picked":["Corpse Explosion","Acrobatics"],"picked":"Deflect","floor":6},{"not_picked":["Deadly Poison","Quick Slash"],"picked":"Well Laid Plans","floor":7},{"not_picked":["Poisoned Stab","Prepared"],"picked":"Dash","floor":12},{"not_picked":["Dagger Spray","Setup"],"picked":"Caltrops","floor":14},{"not_picked":["Tactician","Glass Knife"],"picked":"Grand Finale","floor":16},{"not_picked":["Bane","Escape Plan"],"picked":"PiercingWail","floor":18},{"not_picked":["Cloak And Dagger","Prepared"],"picked":"Footwork","floor":19},{"not_picked":["Bouncing Flask","Burst"],"picked":"Calculated Gamble","floor":21}],"player_experience":403333,"potions_floor_usage":[14,16,18,18,19,19],"damage_taken":[{"damage":1,"enemies":"Jaw Worm","floor":1,"turns":6},{"damage":0,"enemies":"2 Louse","floor":3,"turns":4},{"damage":0,"enemies":"Small Slimes","floor":5,"turns":5},{"damage":24,"enemies":"3 Sentries","floor":6,"turns":14},{"damage":1,"enemies":"Blue Slaver","floor":7,"turns":4},{"damage":0,"enemies":"2 Fungi Beasts","floor":10,"turns":4},{"damage":16,"enemies":"Large Slime","floor":12,"turns":6},{"damage":27,"enemies":"Lagavulin","floor":14,"turns":9},{"damage":7,"enemies":"The Guardian","floor":16,"turns":17},{"damage":3,"enemies":"3 Byrds","floor":18,"turns":3},{"damage":7,"enemies":"Spheric Guardian","floor":19,"turns":5},{"damage":26,"enemies":"Snake Plant","floor":21,"turns":6},{"damage":38,"enemies":"Cultist and Chosen","floor":28,"turns":5}],"event_choices":[{"event_name":"The Cleric","player_choice":"Leave","floor":2,"damage_taken":0},{"event_name":"World of Goop","player_choice":"Gather Gold","floor":4,"damage_taken":0},{"event_name":"Golden Wing","player_choice":"Card Removal","floor":13,"damage_taken":0},{"event_name":"Drug Dealer","player_choice":"Got JAXXED","floor":20,"damage_taken":0},{"event_name":"The Library","player_choice":"Heal","floor":22,"damage_taken":0},{"event_name":"N\u0027loth","player_choice":"Ignored","floor":24,"damage_taken":0}],"boss_relics":[{"not_picked":["Orrery","Pandora\u0027s Box"],"picked":"Ectoplasm"}],"potions_floor_spawned":[5,7,12,14,16,18],"seed_played":"58563492341209490","killed_by":"Cultist and Chosen","ascension_level":15,"is_trial":false}