{"path_per_floor":["M","?","?","M","M","R","E","R","T","R","E","M","?","T","R","B",null,"M","?","M","?","$","R","E","R","T","M"],"character_chosen":"THE_SILENT","items_purchased":["Strawberry","Footwork"],"gold_per_floor":[118,118,118,134,146,146,172,172,172,172,200,215,215,242,242,321,321,340,340,355,355,68,68,103,103,127,147,147],"floor_reached":28,"campfire_rested":2,"playtime":1290,"current_hp_per_floor":[58,63,63,56,54,54,44,44,44,44,34,24,24,24,60,46,65,52,52,34,34,41,41,19,57,57,42,0],"items_purged":["Writhe"],"gold":147,"score":427,"play_id":"0463469b-f080-4177-a9a6-3d140033e3f1","local_time":"20180416225455","is_prod":false,"is_daily":false,"chose_seed":false,"is_ascension_mode":true,"campfire_upgraded":4,"timestamp":1523933695,"path_taken":["M","?","?","M","?","R","E","R","T","R","E","M","?","?","R","BOSS","M","?","M","?","$","R","E","R","T","M","E"],"build_version":"2018-04-13","seed_source_timestamp":452671049573862,"purchased_purges":1,"victory":false,"master_deck":["Defend_G","Defend_G","Defend_G","Defend_G","Defend_G","Strike_G","Strike_G+1","Strike_G","Strike_G","Strike_G+1","Survivor","Neutralize+1","AscendersBane","Bouncing Flask+1","Caltrops","Deadly Poison","Bouncing Flask+1","Deadly Poison","Blur","Burst","Backflip","Footwork+1","Skewer","Dash"],"max_hp_per_floor":[66,71,71,71,71,71,71,71,71,71,71,71,71,71,71,71,71,71,71,71,71,78,78,78,78,78,78,78],"relics":["Velvet Choker","Regal Pillow","Lantern","Dodecahedron","Happy Flower","Sozu","Girya","Strawberry","Mummified Hand","Whetstone"],"card_choices":[{"not_picked":["Setup","Infinite Blades"],"picked":"Bouncing Flask","floor":1},{"not_picked":["Crippling Poison","Masterful Stab"],"picked":"Caltrops","floor":4},{"not_picked":["Well Laid Plans","Outmaneuver"],"picked":"Deadly Poison","floor":5},{"not_picked":["Heel Hook","Quick Slash"],"picked":"Bouncing Flask","floor":7},{"not_picked":["Slice","Quick Slash"],"picked":"Deadly Poison","floor":11},{"not_picked":["Outmaneuver","Poisoned Stab"],"picked":"Blur","floor":12},{"not_picked":["Tactician","Tools of the Trade"],"picked":"Burst","floor":16},{"not_picked":["Flying Knee","Poisoned Stab"],"picked":"Backflip","floor":20},{"not_picked":["Storm of Steel","Dagger Throw"],"picked":"Skewer","floor":24},{"not_picked":["Endless Agony","Predator"],"picked":"Dash","floor":27}],"player_experience":492809,"potions_floor_usage":[7,16,28],"damage_taken":[{"damage":1,"enemies":"Cultist","floor":1,"turns":5},{"damage":7,"enemies":"2 Louse","floor":4,"turns":3},{"damage":2,"enemies":"Jaw Worm","floor":5,"turns":3},{"damage":10,"enemies":"3 Sentries","floor":7,"turns":8},{"damage":10,"enemies":"Lagavulin","floor":11,"turns":7},{"damage":10,"enemies":"Lots of Slimes","floor":12,"turns":3},{"damage":14,"enemies":"The Guardian","floor":16,"turns":8},{"damage":13,"enemies":"Spheric Guardian","floor":18,"turns":4},{"damage":18,"enemies":"Chosen","floor":20,"turns":4},{"damage":22,"enemies":"Gremlin Leader","floor":24,"turns":10},{"damage":15,"enemies":"Snake Plant","floor":27,"turns":4},{"damage":42,"enemies":"Slavers","floor":28,"turns":3}],"event_choices":[{"event_name":"Big Fish","player_choice":"Donut","floor":2,"damage_taken":0},{"event_name":"Match and Keep!","player_choice":"0 cards matched","floor":3,"damage_taken":0},{"event_name":"Shining Light","player_choice":"Ignored","floor":13,"damage_taken":0},{"event_name":"Cursed Tome","player_choice":"Ignored","floor":19,"damage_taken":0},{"event_name":"The Mausoleum","player_choice":"Yes","floor":21,"damage_taken":0}],"boss_relics":[{"not_picked":["Snecko Eye","Runic Dome"],"picked":"Sozu"}],"potions_floor_spawned":[1,5,7,20,24,27],"seed_played":"179518733362591153","killed_by":"Slavers","ascension_level":15,"is_trial":false}