{"path_per_floor":["M","M","?","M","M","R","E","R","T","E","M","$","?","M","R"],"character_chosen":"THE_SILENT","items_purchased":["Kunai"],"gold_per_floor":[113,133,133,146,164,164,190,190,269,303,314,72,72,92,92,92],"floor_reached":16,"campfire_rested":1,"playtime":981,"current_hp_per_floor":[59,55,55,55,55,55,25,44,54,35,31,31,56,46,46,0],"items_purged":[],"gold":92,"score":196,"play_id":"3896d434-99b8-4e5d-879d-628ea48e90c3","local_time":"20180407180357","is_prod":false,"is_daily":false,"is_ascension_mode":true,"campfire_upgraded":2,"timestamp":1523138637,"path_taken":["M","M","?","M","M","R","E","R","T","E","M","$","?","M","R","BOSS"],"build_version":"2018-04-05","purchased_purges":0,"victory":false,"master_deck":["Defend_G","Defend_G","Defend_G","Defend_G","Defend_G","Strike_G","Strike_G","Strike_G","Strike_G","Survivor","Neutralize+1","AscendersBane","Outmaneuver","Finisher+1","PiercingWail","Backflip","Terror+1","Expertise","Dash"],"max_hp_per_floor":[66,66,66,66,66,66,66,66,76,76,76,76,76,78,78,78],"relics":["Ring of the Snake","Pen Nib","Pear","Singing Bowl","Kunai"],"card_choices":[{"not_picked":["Underhanded Strike","Reflex"],"picked":"Outmaneuver","floor":1},{"not_picked":["Outmaneuver","Flechettes"],"picked":"Finisher","floor":2},{"not_picked":["Crippling Poison","Prepared"],"picked":"PiercingWail","floor":4},{"not_picked":["Dagger Throw","Bane"],"picked":"Backflip","floor":5},{"not_picked":["Distraction","Deadly Poison"],"picked":"Terror","floor":7},{"not_picked":["Dagger Spray","Unload"],"picked":"Expertise","floor":10},{"not_picked":["Choke","Reflex"],"picked":"Dash","floor":11}],"player_experience":389053,"potions_floor_usage":[7,16],"damage_taken":[{"damage":0,"enemies":"2 Louse","floor":1,"turns":3},{"damage":4,"enemies":"Small Slimes","floor":2,"turns":5},{"damage":0,"enemies":"Jaw Worm","floor":4,"turns":4},{"damage":0,"enemies":"Blue Slaver","floor":5,"turns":4},{"damage":30,"enemies":"Gremlin Nob","floor":7,"turns":5},{"damage":19,"enemies":"3 Sentries","floor":10,"turns":15},{"damage":4,"enemies":"Red Slaver","floor":11,"turns":4},{"damage":12,"enemies":"Exordium Thugs","floor":14,"turns":5},{"damage":52,"enemies":"Slime Boss","floor":16,"turns":10}],"event_choices":[{"event_name":"Living Wall","player_choice":"Forget","floor":3,"damage_taken":0},{"event_name":"Big Fish","player_choice":"Banana","floor":13,"damage_taken":0}],"boss_relics":[],"potions_floor_spawned":[2,7,11,14],"seed_played":"208745053734936387","killed_by":"Slime Boss","ascension_level":15,"is_trial":false}