{"path_per_floor":["M","?","$","?","?","E","R","M","T","R","M","E","M","M","R","B",null,"M","$","M","M","?","R","E","M","T","R","?","E","$"],"character_chosen":"THE_SILENT","items_purchased":["Calculated Gamble","Blur","Tough Bandages"],"gold_per_floor":[111,111,72,72,122,166,166,185,185,185,206,267,280,301,301,397,397,397,254,254,254,254,254,254,254,254,254,254,254,11,11],"floor_reached":31,"campfire_rested":3,"playtime":1931,"current_hp_per_floor":[54,54,54,54,54,1,19,15,15,33,31,13,12,6,24,22,51,46,46,46,26,60,60,57,53,53,53,53,5,5,0],"items_purged":["Strike_G"],"gold":11,"score":495,"play_id":"e6661c75-2801-4b07-80d6-af52a9d8372e","local_time":"20180419224014","is_prod":false,"is_daily":false,"chose_seed":false,"is_ascension_mode":true,"campfire_upgraded":2,"timestamp":1524192014,"path_taken":["M","?","$","?","?","E","R","M","T","R","M","E","M","M","R","BOSS","M","$","M","M","?","R","E","M","T","R","?","E","$","M"],"build_version":"2018-04-19","seed_source_timestamp":710359462293472,"purchased_purges":1,"victory":false,"master_deck":["Defend_G","Defend_G","Defend_G","Defend_G","Defend_G","Strike_G","Strike_G","Strike_G","Strike_G","Survivor","Neutralize+1","AscendersBane","Dagger Spray","Calculated Gamble","Predator","Endless Agony","Slice","Dash","Flying Knee","Malaise+1","Tools of the Trade","Backflip","Blur","Sucker Punch","Acrobatics","Storm of Steel","Neutralize","Infinite Blades"],"max_hp_per_floor":[66,60,60,60,60,60,60,60,60,60,60,60,60,60,60,60,60,60,60,60,60,60,60,60,60,60,60,60,60,60,60],"relics":["Runic Pyramid","Golden Idol","Du-Vu Doll","Centennial Puzzle","Tiny Chest","Ectoplasm","Bottled Lightning","Oddly Smooth Stone","Girya","Tough Bandages"],"card_choices":[{"not_picked":["Outmaneuver","Deadly Poison"],"picked":"Dagger Spray","floor":1},{"not_picked":["Poisoned Stab","Dodge and Roll"],"picked":"Endless Agony","floor":6},{"not_picked":["Acrobatics","Deadly Poison"],"picked":"Slice","floor":8},{"not_picked":["Backstab","Deadly Poison"],"picked":"Dash","floor":11},{"not_picked":["Terror","All Out Attack"],"picked":"Flying Knee","floor":12},{"not_picked":["Cloak And Dagger","Heel Hook"],"picked":"Malaise","floor":13},{"not_picked":["Tactician","Unload"],"picked":"Tools of the Trade","floor":16},{"not_picked":["Escape Plan","Dash"],"picked":"Backflip","floor":18},{"not_picked":["Poisoned Stab","Deadly Poison"],"picked":"Sucker Punch","floor":20},{"not_picked":["Flechettes","Acrobatics"],"picked":"Escape Plan","floor":21},{"not_picked":["Acrobatics","Quick Slash"],"picked":"Infinite Blades","floor":29}],"player_experience":523485,"potions_floor_usage":[16,18,21,24,29],"damage_taken":[{"damage":5,"enemies":"Small Slimes","floor":1,"turns":6},{"damage":53,"enemies":"Gremlin Nob","floor":6,"turns":6},{"damage":4,"enemies":"2 Louse","floor":8,"turns":2},{"damage":2,"enemies":"Jaw Worm","floor":11,"turns":3},{"damage":18,"enemies":"Lagavulin","floor":12,"turns":7},{"damage":1,"enemies":"3 Louse","floor":13,"turns":2},{"damage":6,"enemies":"Exordium Thugs","floor":14,"turns":3},{"damage":14,"enemies":"Slime Boss","floor":16,"turns":13},{"damage":5,"enemies":"Shell Parasite","floor":18,"turns":6},{"damage":0,"enemies":"3 Byrds","floor":20,"turns":7},{"damage":20,"enemies":"Sentry and Sphere","floor":21,"turns":8},{"damage":3,"enemies":"Gremlin Leader","floor":24,"turns":10},{"damage":4,"enemies":"Snake Plant","floor":25,"turns":7},{"damage":48,"enemies":"Slavers","floor":29,"turns":7},{"damage":8,"enemies":"Centurion and Healer","floor":31,"turns":1}],"event_choices":[{"event_name":"Golden Idol","player_choice":"Lose Max HP","floor":2,"damage_taken":0},{"event_name":"Match and Keep!","player_choice":"1 cards matched","floor":4,"damage_taken":0},{"event_name":"Golden Shrine","player_choice":"Pray","floor":5,"damage_taken":0},{"event_name":"Bonfire Elementals","player_choice":"UNCOMMON","floor":22,"damage_taken":0},{"event_name":"Match and Keep!","player_choice":"3 cards matched","floor":28,"damage_taken":0}],"boss_relics":[{"not_picked":["White Beast Statue","Eternal Feather"],"picked":"Ectoplasm"}],"potions_floor_spawned":[11,13,14,16,18,21,25],"seed_played":"-6405044666012160616","killed_by":"Centurion and Healer","ascension_level":15,"is_trial":false}