{"path_per_floor":["M","M","M","?","M","R","E","?","T","?","$","R","M","?","R","B",null,"M","?","$","?","M","R","M","$","T","R","E","$"],"character_chosen":"IRONCLAD","items_purchased":["Enlightenment","Self Forming Clay","Flash of Steel","Elixir"],"gold_per_floor":[109,123,141,141,161,161,205,205,273,448,373,373,397,397,397,523,523,513,513,87,87,100,100,121,23,23,23,58,9],"floor_reached":30,"campfire_rested":2,"playtime":3523,"current_hp_per_floor":[80,78,80,60,64,64,48,48,58,58,58,58,64,52,79,69,90,71,71,71,71,65,65,47,47,47,74,10,10],"items_purged":["Doubt"],"gold":9,"play_id":"9ebe1389-1902-4f3f-b426-3c7a9320a0aa","is_prod":false,"is_daily":false,"campfire_rituals":0,"campfire_upgraded":3,"is_hardmode":false,"path_taken":["M","M","M","?","M","R","E","?","T","?","$","R","M","?","R","BOSS","M","?","$","?","M","R","M","$","T","R","E","?","M"],"build_version":"2018-01-11-PROD2","purchased_purges":1,"victory":false,"master_deck":["Strike_R","Strike_R","Strike_R","Defend_R","Defend_R","Defend_R","Defend_R","Bash","Flex","Flame Barrier","Headbutt","Pommel Strike","Flame Barrier","Juggernaut","Shrug It Off","Enlightenment","Armaments","Flash of Steel","Writhe","Pommel Strike"],"max_hp_per_floor":[80,80,80,80,80,80,80,80,90,90,90,90,90,90,90,90,90,90,90,90,90,90,90,90,90,90,90,90,90],"relics":["Burning Blood","Golden Idol","Pantograph","Pear","Paper Frog","Cursed Key","Self Forming Clay","Dodecahedron","Champion Belt"],"campfire_meditates":0,"card_choices":[{"not_picked":["Cleave","Warcry"],"picked":"Flex"},{"not_picked":["Iron Wave","Disarm"],"picked":"Flame Barrier"},{"not_picked":["Clothesline","Demon Form"],"picked":"Headbutt"},{"not_picked":["Iron Wave","Bloodletting"],"picked":"Pommel Strike"},{"not_picked":["Flex","Armaments"],"picked":"Flame Barrier"},{"not_picked":["Dark Embrace","Barricade"],"picked":"Juggernaut"},{"not_picked":["Thunderclap","Battle Trance"],"picked":"Shrug It Off"},{"not_picked":["Bludgeon","Infernal Blade"],"picked":"Pommel Strike"}],"player_experience":0,"potions_floor_usage":[30],"damage_taken":[{"damage":0.0,"enemies":"Small Slimes","floor":1.0,"turns":3.0},{"damage":8.0,"enemies":"2 Louse","floor":2.0,"turns":3.0},{"damage":0.0,"enemies":"Cultist","floor":3.0,"turns":5.0},{"damage":14.0,"enemies":"Lots of Slimes","floor":5.0,"turns":5.0},{"damage":22.0,"enemies":"Gremlin Nob","floor":7.0,"turns":5.0},{"damage":0.0,"enemies":"2 Fungi Beasts","floor":13.0,"turns":3.0},{"damage":27.0,"enemies":"The Guardian","floor":16.0,"turns":9.0},{"damage":25.0,"enemies":"2 Thieves","floor":18.0,"turns":4.0},{"damage":12,"enemies":"Shell Parasite","floor":22,"turns":6},{"damage":24,"enemies":"Centurion and Healer","floor":24,"turns":12},{"damage":70,"enemies":"Gremlin Leader","floor":28,"turns":10},{"damage":12,"enemies":"Snake Plant","floor":30,"turns":3}],"event_choices":[{"event_name":"Golden Idol","player_choice":"Take Damage","floor":4.0,"damage_taken":0.0},{"event_name":"Purifier","player_choice":"One Purge","floor":8.0,"damage_taken":0.0},{"event_name":"Liars Game","player_choice":"agreed","floor":10.0,"damage_taken":0.0},{"event_name":"Scrap Ooze","player_choice":"success","floor":14.0,"damage_taken":12.0},{"event_name":"Bonfire Elementals","player_choice":"BASIC","floor":19.0,"damage_taken":0.0},{"event_name":"The Library","player_choice":"Read","floor":21,"damage_taken":0}],"boss_relics":[],"potions_floor_spawned":[2,7,13,16,18,22],"seed_played":"3385906088198377036","killed_by":"Snake Plant","is_trial":false}