{"path_per_floor":["M","M","$","M","?","M","E","R","T","R","?","R","?","M","R","B",null,"M","M","M","?","$","E","$","R","T","?","R","$","R","M","R","B",null,"M","M","M","?","M","R","$","M","T","R","$","M","R","M","R"],"character_chosen":"IRONCLAD","items_purchased":["Fire Breathing","Anchor","Orichalcum","Meat on the Bone","Sword Boomerang"],"gold_per_floor":[113,133,96,107,107,124,152,152,204,204,204,204,204,221,221,323,323,337,357,377,302,5,35,35,35,35,35,35,35,35,53,53,158,158,177,191,209,256,272,272,20,35,35,35,9,22,22,42,42],"floor_reached":50,"campfire_rested":6,"playtime":4291,"current_hp_per_floor":[80,75,75,78,78,74,50,50,57,57,54,54,54,64,64,45,87,87,85,64,64,64,40,40,40,40,25,52,52,79,81,81,64,92,86,73,51,24,7,34,34,27,27,54,54,53,80,53,80],"items_purged":[],"gold":42,"play_id":"9e3b1edf-e1b2-4825-970d-261c03dfb613","is_prod":false,"is_daily":false,"campfire_rituals":0,"campfire_upgraded":3,"is_hardmode":false,"path_taken":["M","M","$","M","?","M","E","R","T","R","?","R","?","M","R","BOSS","M","M","M","?","?","E","$","R","T","?","R","?","R","M","R","BOSS","M","M","?","?","?","R","?","M","T","R","$","?","R","M","R","BOSS"],"build_version":"2018-01-18-PROD3","purchased_purges":0,"victory":false,"master_deck":["Strike_R","Strike_R","Strike_R","Strike_R","Strike_R","Defend_R","Defend_R","Defend_R","Defend_R","Perfected Strike","Headbutt","Fire Breathing","Perfected Strike","Uppercut","Searing Blow","Clash","Bludgeon","Heavy Blade","Whirlwind","Perfected Strike","Fiend Fire","Warcry","Seeing Red","Flex","Battle Trance","Intimidate","Twin Strike","Sword Boomerang","Spot Weakness","Fire Breathing"],"max_hp_per_floor":[80,80,80,80,80,80,80,80,87,87,87,87,87,87,87,87,87,87,87,87,87,87,87,87,87,87,92,92,92,92,92,92,92,92,92,92,92,92,92,92,92,92,92,92,92,92,92,92,92],"relics":["Burning Blood","Pantograph","Strawberry","Girya","Sozu","Anchor","Orichalcum","Unceasing Top","Bird Faced Urn","Question Card","Sundial","Meat on the Bone","Torii"],"campfire_meditates":0,"card_choices":[{"not_picked":["Body Slam","Iron Wave"],"picked":"Perfected Strike"},{"not_picked":["Flex","Body Slam"],"picked":"Headbutt"},{"not_picked":["Armaments","Pommel Strike"],"picked":"Perfected Strike"},{"not_picked":["Twin Strike","Feel No Pain"],"picked":"Uppercut"},{"not_picked":["Dual Wield","Feel No Pain"],"picked":"Searing Blow"},{"not_picked":["Twin Strike","Hemokinesis"],"picked":"Clash"},{"not_picked":["Limit Break","Brutality"],"picked":"Bludgeon"},{"not_picked":["Hemokinesis","Iron Wave"],"picked":"Heavy Blade"},{"not_picked":["Disarm","Shockwave"],"picked":"Whirlwind"},{"not_picked":["Shockwave","Anger"],"picked":"Perfected Strike"},{"not_picked":["Double Tap","Offering"],"picked":"Fiend Fire"},{"not_picked":["Corruption","Body Slam","Iron Wave"],"picked":"Warcry"},{"not_picked":["True Grit","Shrug It Off","Feel No Pain"],"picked":"Seeing Red"},{"not_picked":["Thunderclap","Armaments","Shrug It Off"],"picked":"Flex"},{"not_picked":["Cleave","Burning Pact","Shrug It Off"],"picked":"Battle Trance"},{"not_picked":["True Grit","Headbutt","Twin Strike"],"picked":"Intimidate"},{"not_picked":["Pummel","Rampage","Hemokinesis"],"picked":"Twin Strike"},{"not_picked":["Inflame","Infernal Blade","Twin Strike"],"picked":"Spot Weakness"},{"not_picked":["Anger","Iron Wave","Combust"],"picked":"Fire Breathing"}],"player_experience":43228,"potions_floor_usage":[],"damage_taken":[{"damage":0.0,"enemies":"Small Slimes","floor":1.0,"turns":3.0},{"damage":11.0,"enemies":"Blue Slaver","floor":2.0,"turns":5.0},{"damage":3.0,"enemies":"2 Louse","floor":4.0,"turns":3.0},{"damage":10.0,"enemies":"Looter","floor":6.0,"turns":3.0},{"damage":30.0,"enemies":"Lagavulin","floor":7.0,"turns":7.0},{"damage":5.0,"enemies":"3 Louse","floor":14.0,"turns":5.0},{"damage":48.0,"enemies":"The Guardian","floor":16.0,"turns":7.0},{"damage":0.0,"enemies":"Spheric Guardian","floor":18.0,"turns":3.0},{"damage":8.0,"enemies":"Shell Parasite","floor":19.0,"turns":4.0},{"damage":27.0,"enemies":"Snake Plant","floor":20.0,"turns":4.0},{"damage":30.0,"enemies":"Gremlin Leader","floor":23.0,"turns":5.0},{"damage":6.0,"enemies":"Slaver and Parasite","floor":31.0,"turns":4.0},{"damage":34.0,"enemies":"Collector","floor":33.0,"turns":8.0},{"damage":12.0,"enemies":"Orb Walker","floor":35.0,"turns":3.0},{"damage":19.0,"enemies":"3 Darklings","floor":36.0,"turns":5.0},{"damage":30.0,"enemies":"Sphere and 2 Shapes","floor":37.0,"turns":4.0},{"damage":33.0,"enemies":"Mysterious Sphere","floor":38.0,"turns":4.0},{"damage":25,"enemies":"4 Shapes","floor":39,"turns":3},{"damage":25,"enemies":"Maw","floor":42,"turns":6},{"damage":7,"enemies":"Sphere and 2 Shapes","floor":46,"turns":3},{"damage":35,"enemies":"4 Shapes","floor":48,"turns":5},{"damage":101,"enemies":"Time Eater","floor":50,"turns":8}],"event_choices":[{"event_name":"Golden Wing","player_choice":"Ignored","floor":5.0,"damage_taken":0.0},{"event_name":"Scrap Ooze","player_choice":"success","floor":11.0,"damage_taken":3.0},{"event_name":"Living Wall","player_choice":"Grow","floor":13.0,"damage_taken":0.0},{"event_name":"Beggar","player_choice":"Gave Gold","floor":21.0,"damage_taken":0.0},{"event_name":"Forgotten Altar","player_choice":"Shed Blood","floor":27.0,"damage_taken":0.0},{"event_name":"Mysterious Sphere","player_choice":"Fight","floor":38.0,"damage_taken":0.0}],"boss_relics":[],"potions_floor_spawned":[2,7,16,23,33,37,39,42,48],"seed_played":"3381174166455237850","killed_by":"Time Eater","is_trial":false}