{"path_per_floor":["M","M","T","M","?","R","M","M","T","?","R","$","M","E","R","B",null,"M","M","$","?","M","?"],"character_chosen":"IRONCLAD","items_purchased":["Anchor","Happy Flower"],"gold_per_floor":[209,228,251,266,266,266,281,295,295,358,358,210,230,257,257,353,353,364,378,232,232,242,242],"floor_reached":24,"campfire_rested":0,"playtime":1550,"current_hp_per_floor":[72,78,78,80,80,80,80,80,80,66,66,66,75,68,68,61,80,80,80,80,64,59,56],"items_purged":[],"gold":242,"play_id":"75b64983-1584-4c9a-912c-a2228ae3e296","is_prod":false,"is_daily":false,"campfire_rituals":0,"campfire_upgraded":3,"is_hardmode":false,"path_taken":["M","M","?","M","?","R","M","M","T","?","R","$","M","E","R","BOSS","M","M","$","?","M","?","M"],"build_version":"2018-01-11-PROD2","purchased_purges":0,"victory":false,"master_deck":["Defend_R","Defend_R","Defend_R","Defend_R","Bash","Fiend Fire","Sword Boomerang","Perfected Strike","Pommel Strike","Twin Strike","Heavy Blade","Battle Trance","Offering","Thunderclap","Perfected Strike","Necronomicurse","Sword Boomerang","Bite_R","Bite_R","Bite_R","Bite_R","Bite_R"],"max_hp_per_floor":[80,80,80,80,80,80,80,80,80,80,80,80,80,80,80,80,80,80,80,80,80,80,56],"relics":["Black Blood","Pen Nib","Magic Flower","Oddly Smooth Stone","Anchor","Whetstone","Happy Flower","Necronomicon"],"campfire_meditates":0,"card_choices":[{"not_picked":["Thunderclap","Clothesline"],"picked":"Fiend Fire"},{"not_picked":["Pommel Strike","Anger"],"picked":"Sword Boomerang"},{"not_picked":["Armaments","Headbutt"],"picked":"Perfected Strike"},{"not_picked":["Shrug It Off","Pummel"],"picked":"Pommel Strike"},{"not_picked":["Sever Soul","Anger"],"picked":"Twin Strike"},{"not_picked":["Warcry","Uppercut"],"picked":"Heavy Blade"},{"not_picked":["Sword Boomerang","Hemokinesis"],"picked":"Battle Trance"},{"not_picked":["Juggernaut","Berserk"],"picked":"Offering"},{"not_picked":["Armaments","Intimidate"],"picked":"Thunderclap"},{"not_picked":["Body Slam","True Grit"],"picked":"Perfected Strike"},{"not_picked":["Limit Break","Bloodletting"],"picked":"Sword Boomerang"}],"player_experience":8092,"potions_floor_usage":[10],"damage_taken":[{"damage":14,"enemies":"Blue Slaver","floor":1,"turns":6},{"damage":0,"enemies":"2 Louse","floor":2,"turns":3},{"damage":0,"enemies":"Small Slimes","floor":4,"turns":3},{"damage":5,"enemies":"Looter","floor":7,"turns":2},{"damage":5,"enemies":"3 Louse","floor":8,"turns":3},{"damage":23,"enemies":"Lagavulin Event","floor":10,"turns":4},{"damage":0,"enemies":"2 Fungi Beasts","floor":13,"turns":2},{"damage":16,"enemies":"3 Sentries","floor":14,"turns":4},{"damage":16,"enemies":"Slime Boss","floor":16,"turns":5},{"damage":4,"enemies":"Chosen","floor":18,"turns":2},{"damage":4,"enemies":"2 Thieves","floor":19,"turns":2},{"damage":20,"enemies":"Snake Plant","floor":22,"turns":3},{"damage":75,"enemies":"Slaver and Parasite","floor":24,"turns":5}],"event_choices":[{"event_name":"Golden Wing","player_choice":"Ignored","floor":5,"damage_taken":0},{"event_name":"Dead Adventurer","player_choice":"Searched \u00272\u0027 times","floor":10,"damage_taken":0},{"event_name":"Cursed Tome","player_choice":"Obtained Book","floor":21,"damage_taken":0},{"event_name":"Vampires","player_choice":"Became a vampire","floor":23,"damage_taken":0}],"boss_relics":[{"not_picked":["Orrery","Snecko Eye"],"picked":"Black Blood"}],"potions_floor_spawned":[1,7,10,13],"seed_played":"8471874092795370278","killed_by":"Slaver and Parasite","is_trial":false}