{"path_per_floor":["M","?","?","$","?","E","R","T","T","M","M","$","M","M","R","B",null,"M","?","M","$","?","R","M","R","T","E","M","M","T","M","R","B",null,"M","M","$","M","M","R","?","?","T","R","M","M","M","M","R","B"],"character_chosen":"IRONCLAD","items_purchased":["Madness","Flame Barrier","Flash of Steel","Regen Potion"],"gold_per_floor":[11,11,11,11,11,36,36,82,108,123,141,53,66,76,76,171,171,189,104,122,55,55,55,69,69,69,104,121,133,156,167,167,266,266,283,300,148,162,177,177,0,0,52,52,72,89,106,116,116,116],"floor_reached":51,"campfire_rested":1,"playtime":8800,"current_hp_per_floor":[96,101,101,101,94,51,51,51,51,57,63,63,69,75,75,54,101,101,101,100,100,100,100,76,101,101,101,101,101,101,98,98,55,101,101,88,88,93,85,85,85,85,85,85,91,97,88,94,94,80],"items_purged":[],"gold":116,"play_id":"ae8f2e24-5663-4527-a53a-9da22a873a9b","is_prod":false,"is_daily":false,"campfire_rituals":0,"campfire_upgraded":7,"is_hardmode":false,"path_taken":["M","?","?","?","?","E","R","?","T","M","M","$","?","M","R","BOSS","M","?","?","$","?","R","M","R","T","E","?","?","?","M","R","BOSS","M","M","$","?","M","R","?","?","T","R","M","M","M","M","R","BOSS"],"build_version":"2018-01-18-PROD4","purchased_purges":0,"victory":true,"master_deck":["Defend_R","Defend_R","Defend_R","Defend_R","Bash","Battle Trance","Seeing Red","Shrug It Off","Madness","Double Tap","Burning Pact","Power Through","Rampage","Body Slam","Flame Barrier","Flame Barrier","Intimidate","Thunderclap","Body Slam","Flame Barrier","Pommel Strike","Barricade","Battle Trance","Flash of Steel","Body Slam","Battle Trance","Pommel Strike","Body Slam","Inflame"],"max_hp_per_floor":[96,101,101,101,101,101,101,101,101,101,101,101,101,101,101,101,101,101,101,101,101,101,101,101,101,101,101,101,101,101,101,101,101,101,101,101,101,101,101,101,101,101,101,101,101,101,101,101,101,101],"relics":["Burning Blood","Gremlin Horn","Lantern","War Paint","Astrolabe","Omamori","Happy Flower","Bronze Scales","Bottled Lightning","Molten Egg","Cursed Key","Red Mask","Oddly Smooth Stone"],"campfire_meditates":0,"card_choices":[{"not_picked":["Pommel Strike","Whirlwind"],"picked":"Battle Trance"},{"not_picked":["Flex","Spot Weakness"],"picked":"Seeing Red"},{"not_picked":["Armaments","Warcry"],"picked":"Shrug It Off"},{"not_picked":["Fiend Fire","Bludgeon"],"picked":"Double Tap"},{"not_picked":["Twin Strike","Sever Soul"],"picked":"Body Slam"},{"not_picked":["Headbutt","Cleave"],"picked":"Flame Barrier"},{"not_picked":["Sword Boomerang","Thunderclap"],"picked":"Intimidate"},{"not_picked":["True Grit","Warcry"],"picked":"Thunderclap"},{"not_picked":["Intimidate","Headbutt"],"picked":"Body Slam"},{"not_picked":["Iron Wave","Flex"],"picked":"Flame Barrier"},{"not_picked":["Flex","Anger"],"picked":"Pommel Strike"},{"not_picked":["Fiend Fire","Demon Form"],"picked":"Barricade"},{"not_picked":["Rage","Thunderclap"],"picked":"Battle Trance"},{"not_picked":["Cleave","Clothesline"],"picked":"Body Slam"},{"not_picked":["Heavy Blade","Combust"],"picked":"Pommel Strike"},{"not_picked":["Intimidate","Headbutt"],"picked":"Body Slam"},{"not_picked":["Clash","Infernal Blade"],"picked":"Inflame"}],"player_experience":47519,"potions_floor_usage":[],"damage_taken":[{"damage":5.0,"enemies":"Small Slimes","floor":1.0,"turns":4.0},{"damage":49.0,"enemies":"Gremlin Nob","floor":6.0,"turns":5.0},{"damage":0.0,"enemies":"Jaw Worm","floor":10.0,"turns":3.0},{"damage":0.0,"enemies":"2 Louse","floor":11.0,"turns":3.0},{"damage":0.0,"enemies":"Exordium Thugs","floor":13.0,"turns":6.0},{"damage":0.0,"enemies":"Looter","floor":14.0,"turns":4.0},{"damage":27.0,"enemies":"The Guardian","floor":16.0,"turns":18.0},{"damage":2.0,"enemies":"Shell Parasite","floor":18.0,"turns":4.0},{"damage":7.0,"enemies":"2 Thieves","floor":20.0,"turns":5.0},{"damage":37.0,"enemies":"Chosen and Byrds","floor":24.0,"turns":5.0},{"damage":4.0,"enemies":"Slavers","floor":27.0,"turns":6.0},{"damage":1.0,"enemies":"Snake Plant","floor":28.0,"turns":2.0},{"damage":0.0,"enemies":"Centurion and Healer","floor":29.0,"turns":3.0},{"damage":9.0,"enemies":"3 Cultists","floor":31.0,"turns":8.0},{"damage":49.0,"enemies":"Collector","floor":33.0,"turns":11.0},{"damage":0,"enemies":"Orb Walker","floor":35,"turns":3},{"damage":19,"enemies":"3 Shapes","floor":36,"turns":3},{"damage":1,"enemies":"Maw","floor":38,"turns":6},{"damage":14,"enemies":"Sphere and 2 Shapes","floor":39,"turns":5},{"damage":0,"enemies":"3 Darklings","floor":45,"turns":5},{"damage":0,"enemies":"Maw","floor":46,"turns":5},{"damage":15,"enemies":"Sphere and 2 Shapes","floor":47,"turns":5},{"damage":0,"enemies":"3 Darklings","floor":48,"turns":3},{"damage":20,"enemies":"Time Eater","floor":50,"turns":9}],"event_choices":[{"event_name":"Big Fish","player_choice":"Donut","floor":2.0,"damage_taken":0.0},{"event_name":"Purifier","player_choice":"One Purge","floor":3.0,"damage_taken":0.0},{"event_name":"Golden Wing","player_choice":"Card Removal","floor":5.0,"damage_taken":0.0},{"event_name":"Addict","player_choice":"Obtained Relic","floor":19.0,"damage_taken":0.0},{"event_name":"The Mausoleum","player_choice":"Yes","floor":22.0,"damage_taken":0.0},{"event_name":"Tomb of Lord Red Mask","player_choice":"Paid","floor":41,"damage_taken":0},{"event_name":"Duplicator","player_choice":"One dupe","floor":42,"damage_taken":0}],"boss_relics":[{"not_picked":["White Beast Statue","Runic Cube"],"picked":"Cursed Key"}],"potions_floor_spawned":[6,10,16,31,33,38,39,46,47],"seed_played":"-6461110195179059284","is_trial":false}