{"path_per_floor":["M","?","M","M","M","R","M","?","T","M","E","$","?","M","R","B",null,"M","M","$","M","$","R","E","R","T","?","M","M","M","M","R"],"character_chosen":"IRONCLAD","items_purchased":["Singing Bowl","Finesse"],"gold_per_floor":[109,109,125,149,168,168,183,183,208,231,275,50,88,111,111,234,234,247,262,72,92,92,92,126,126,152,67,81,95,114,137,137],"floor_reached":33,"campfire_rested":4,"playtime":4227,"current_hp_per_floor":[80,60,63,68,74,74,76,76,76,73,65,65,36,42,80,49,82,70,59,59,43,43,84,35,77,77,84,58,44,28,13,58],"items_purged":["Strike_R","Havoc"],"gold":137,"play_id":"fef35dd6-1ac9-498a-8a98-d8ec6c928b75","is_prod":false,"is_daily":false,"is_ascension_mode":false,"campfire_upgraded":1,"path_taken":["M","?","M","M","M","R","M","?","T","M","E","$","?","M","R","BOSS","M","M","$","M","$","R","E","R","T","?","M","M","M","?","R","BOSS"],"build_version":"2018-02-01-PROD3","purchased_purges":2,"victory":false,"master_deck":["Strike_R","Strike_R","Strike_R","Strike_R","Defend_R","Defend_R","Defend_R","Defend_R","Bash","Clash","Inflame","Rampage+1","Flex","Inflame","Demon Form","Finesse","Heavy Blade","Spot Weakness"],"max_hp_per_floor":[80,80,80,80,80,80,80,80,80,80,80,80,80,80,80,82,82,84,86,86,88,88,88,90,90,90,97,99,99,99,101,101],"relics":["Burning Blood","Golden Idol","Regal Pillow","Bronze Scales","Singing Bowl","Odd Mushroom","Sozu","Kunai","Pen Nib","Strawberry"],"card_choices":[{"not_picked":["Wild Strike","Perfected Strike"],"picked":"Clash"},{"not_picked":["Feel No Pain","Blood for Blood"],"picked":"Inflame"},{"not_picked":["Whirlwind","Clash"],"picked":"Rampage"},{"not_picked":["Thunderclap","Shrug It Off"],"picked":"Flex"},{"not_picked":["Clash","Feel No Pain"],"picked":"Havoc"},{"not_picked":["Cleave","Whirlwind"],"picked":"Inflame"},{"not_picked":["Anger","Clothesline"],"picked":"Demon Form"},{"not_picked":["True Grit","Perfected Strike"],"picked":"Heavy Blade"},{"not_picked":["Perfected Strike","Metallicize"],"picked":"Spot Weakness"}],"player_experience":149804,"potions_floor_usage":[7,7,11,16,16],"damage_taken":[{"damage":6,"enemies":"Blue Slaver","floor":1,"turns":4},{"damage":3,"enemies":"Jaw Worm","floor":3,"turns":4},{"damage":1,"enemies":"Cultist","floor":4,"turns":3},{"damage":0,"enemies":"Large Slime","floor":5,"turns":4},{"damage":4,"enemies":"Gremlin Gang","floor":7,"turns":3},{"damage":9,"enemies":"2 Fungi Beasts","floor":10,"turns":2},{"damage":14,"enemies":"Gremlin Nob","floor":11,"turns":3},{"damage":35,"enemies":"The Mushroom Lair","floor":13,"turns":4},{"damage":0,"enemies":"Large Slime","floor":14,"turns":4},{"damage":39,"enemies":"Slime Boss","floor":16,"turns":6},{"damage":20,"enemies":"2 Thieves","floor":18,"turns":4},{"damage":19,"enemies":"Shell Parasite","floor":19,"turns":4},{"damage":24,"enemies":"Centurion and Healer","floor":21,"turns":4},{"damage":57,"enemies":"Book of Stabbing","floor":24,"turns":6},{"damage":34,"enemies":"Snake Plant","floor":28,"turns":5},{"damage":20,"enemies":"3 Cultists","floor":29,"turns":4},{"damage":22,"enemies":"Cultist and Chosen","floor":30,"turns":5},{"damage":23,"enemies":"Snecko","floor":31,"turns":5},{"damage":63,"enemies":"Collector","floor":33,"turns":7}],"event_choices":[{"event_name":"Golden Idol","player_choice":"Take Damage","floor":2,"damage_taken":0},{"event_name":"The Lab","player_choice":"Got Potions","floor":8,"damage_taken":0},{"event_name":"Mushrooms","player_choice":"Fought Mushrooms","floor":13,"damage_taken":0},{"event_name":"Addict","player_choice":"Obtained Relic","floor":27,"damage_taken":0}],"boss_relics":[{"not_picked":["Cursed Key","Lizard Tail"],"picked":"Sozu"}],"potions_floor_spawned":[1,4,5,10,14,21,29,31],"seed_played":"2847307260258115740","killed_by":"Collector","ascension_level":0,"is_trial":false}