{"path_per_floor":["M","?","?","T","$","R","?","E","T","R","M","R","E","M","R","B",null,"M","M","$","M","?","R","T","M","T","R","T","M","$","?","R","B",null,"M","M","?"],"character_chosen":"IRONCLAD","items_purchased":["Tiny Chest","Omamori"],"gold_per_floor":[16,16,16,16,16,16,91,121,121,121,137,137,170,185,185,280,280,292,310,40,54,54,54,54,66,66,66,91,103,28,28,28,126,126,146,163,163],"floor_reached":38,"campfire_rested":4,"playtime":2674,"current_hp_per_floor":[96,77,70,70,70,70,59,45,45,73,82,82,47,54,82,41,96,82,59,59,48,48,76,76,49,49,77,77,87,87,87,87,29,96,84,50,40],"items_purged":["Strike_R"],"gold":163,"play_id":"449f34e0-244a-44e8-b9e3-2900c1bc0d9f","is_prod":false,"is_daily":false,"is_ascension_mode":false,"campfire_upgraded":3,"path_taken":["M","?","?","?","$","R","?","E","T","R","M","R","E","M","R","BOSS","M","M","$","?","?","R","?","M","T","R","?","M","$","?","R","BOSS","M","M","?","M"],"build_version":"2018-01-25-PROD3","purchased_purges":1,"victory":false,"master_deck":["Strike_R","Strike_R+1","Strike_R+1","Defend_R","Defend_R","Defend_R+1","Defend_R","Bash+1","Spot Weakness+1","Rampage+1","Armaments+1","Twin Strike","Twin Strike","Sword Boomerang","Metallicize+1","Inflame","Limit Break","Cleave+1","Madness","Madness"],"max_hp_per_floor":[96,96,96,96,96,96,96,96,96,96,96,96,96,96,96,96,96,96,96,96,96,96,96,96,96,96,96,96,96,96,96,96,96,96,96,96,96],"relics":["Black Blood","Whetstone","Magic Flower","Centennial Puzzle","Dodecahedron","Tiny Chest","Omamori","Oddly Smooth Stone","Ginger","Self Forming Clay","Dream Catcher","Question Card"],"card_choices":[{"not_picked":["Clothesline","Armaments"],"picked":"Spot Weakness"},{"not_picked":["Dropkick","Anger"],"picked":"Rampage"},{"not_picked":["Hemokinesis","Body Slam"],"picked":"Armaments"},{"not_picked":["Heavy Blade","Iron Wave"],"picked":"Twin Strike"},{"not_picked":["Clothesline","Thunderclap"],"picked":"Twin Strike"},{"not_picked":["Cleave","Fire Breathing"],"picked":"Sword Boomerang"},{"not_picked":["Corruption","Second Wind"],"picked":"Metallicize"},{"not_picked":["Armaments","Iron Wave"],"picked":"Inflame"},{"not_picked":["Offering","Impervious"],"picked":"Limit Break"},{"not_picked":["Warcry","True Grit","Pommel Strike"],"picked":"Cleave"}],"player_experience":103871,"potions_floor_usage":[16,21,21,25,33,38],"damage_taken":[{"damage":0,"enemies":"Small Slimes","floor":1,"turns":3},{"damage":20,"enemies":"Lagavulin","floor":8,"turns":6},{"damage":0,"enemies":"Cultist","floor":11,"turns":3},{"damage":44,"enemies":"3 Sentries","floor":13,"turns":7},{"damage":2,"enemies":"Blue Slaver","floor":14,"turns":5},{"damage":50,"enemies":"Hexaghost","floor":16,"turns":12},{"damage":29,"enemies":"Chosen","floor":18,"turns":6},{"damage":38,"enemies":"2 Thieves","floor":19,"turns":5},{"damage":26,"enemies":"Chosen and Byrds","floor":21,"turns":8},{"damage":42,"enemies":"3 Cultists","floor":25,"turns":6},{"damage":5,"enemies":"Snecko","floor":29,"turns":6},{"damage":73,"enemies":"Champ","floor":33,"turns":13},{"damage":27,"enemies":"3 Darklings","floor":35,"turns":7},{"damage":49,"enemies":"3 Shapes","floor":36,"turns":4},{"damage":45,"enemies":"Sphere and 2 Shapes","floor":38,"turns":5}],"event_choices":[{"event_name":"Shining Light","player_choice":"Entered Light","floor":2,"damage_taken":0},{"event_name":"Golden Wing","player_choice":"Card Removal","floor":3,"damage_taken":0},{"event_name":"World of Goop","player_choice":"Gather Gold","floor":7,"damage_taken":0},{"event_name":"The Mausoleum","player_choice":"Yes","floor":22,"damage_taken":0},{"event_name":"Addict","player_choice":"Ignored","floor":31,"damage_taken":0},{"event_name":"Winding Halls","player_choice":"Embrace Madness","floor":37,"damage_taken":0}],"boss_relics":[{"not_picked":["Philosopher\u0027s Stone","Runic Dome"],"picked":"Black Blood"},{"not_picked":["Runic Cube","Snecko Eye"],"picked":"Question Card"}],"potions_floor_spawned":[1,13,14,18,25,29,35],"seed_played":"-4808800598459047845","killed_by":"Sphere and 2 Shapes","ascension_level":0,"is_trial":false}