{"path_per_floor":["M","?","?","$","?","R","E","M","T","E","R","?","?","$","R","B",null,"M","M","$","?","?","R","?","R","T","M","$","M","E","M","R","B",null,"M","?","M","M","?","R","M","R","T","M","M","R","M","$","R"],"character_chosen":"IRONCLAD","items_purchased":["Dramatic Entrance"],"gold_per_floor":[145,220,220,145,145,145,177,187,234,263,263,263,363,161,161,264,264,284,303,178,178,103,103,103,103,148,167,17,36,71,87,87,186,186,196,196,206,225,0,0,15,15,15,28,43,43,63,63,63],"floor_reached":50,"campfire_rested":5,"playtime":4278,"current_hp_per_floor":[79,68,68,68,68,68,68,67,67,50,75,80,80,80,80,62,90,90,71,71,90,90,90,90,90,90,74,74,70,36,32,59,37,90,86,75,51,39,39,66,58,85,85,81,63,90,84,84,84],"items_purged":["Strike_R","Strike_R","Strike_R","Hemokinesis"],"gold":63,"score":468,"play_id":"c6f1c5b3-9041-4939-8e94-221fb8434410","is_prod":false,"is_daily":false,"is_ascension_mode":false,"campfire_upgraded":5,"path_taken":["M","?","?","$","?","R","E","M","T","E","R","?","?","?","R","BOSS","M","M","$","?","?","R","?","R","T","?","$","M","E","M","R","BOSS","M","?","?","M","?","R","M","R","T","?","M","R","M","?","R","BOSS"],"build_version":"2018-02-12-PROD1","purchased_purges":4,"victory":false,"master_deck":["Defend_R+1","Defend_R","Defend_R","Defend_R+1","Bash+1","Inflame+1","Whirlwind+1","Burning Pact","Impervious+1","Dramatic Entrance","Offering+1","Inflame","Flex+1","Battle Trance","Madness","Madness","Offering","Offering","Whirlwind+1"],"max_hp_per_floor":[85,85,85,85,85,85,85,85,85,85,85,90,90,90,90,90,90,90,90,90,90,90,90,90,90,90,90,90,90,90,90,90,90,90,90,90,90,90,90,90,90,90,90,90,90,90,90,90,90],"relics":["Tiny House","Calipers","War Paint","Prayer Wheel","Runic Dome","Bag of Preparation","Bottled Lightning","Sozu","Red Mask","Bird Faced Urn"],"card_choices":[{"not_picked":["Anger","Perfected Strike"],"picked":"Inflame"},{"not_picked":["Brutality","Fire Breathing"],"picked":"Whirlwind"},{"not_picked":["Perfected Strike","Blood for Blood"],"picked":"Burning Pact"},{"not_picked":["Warcry","Clash"],"picked":"Impervious"},{"not_picked":["Bludgeon","Barricade"],"picked":"Offering"},{"not_picked":["Flame Barrier","Havoc"],"picked":"Inflame"},{"not_picked":["Shrug It Off","Clash"],"picked":"Flex"},{"not_picked":["Iron Wave","Pommel Strike"],"picked":"Battle Trance"},{"not_picked":["Heavy Blade","Havoc"],"picked":"Offering"},{"not_picked":["Clothesline","Twin Strike"],"picked":"Offering"},{"not_picked":["Dropkick","Flame Barrier"],"picked":"Whirlwind"}],"player_experience":164243,"potions_floor_usage":[7,16,16,33,33],"damage_taken":[{"damage":6,"enemies":"Jaw Worm","floor":1,"turns":3},{"damage":0,"enemies":"Gremlin Nob","floor":7,"turns":2},{"damage":1,"enemies":"Cultist","floor":8,"turns":3},{"damage":17,"enemies":"3 Sentries","floor":10,"turns":5},{"damage":18,"enemies":"Slime Boss","floor":16,"turns":8},{"damage":0,"enemies":"Chosen","floor":18,"turns":4},{"damage":19,"enemies":"2 Thieves","floor":19,"turns":2},{"damage":16,"enemies":"Centurion and Healer","floor":27,"turns":2},{"damage":4,"enemies":"Chosen and Byrds","floor":29,"turns":2},{"damage":34,"enemies":"Book of Stabbing","floor":30,"turns":3},{"damage":4,"enemies":"Snake Plant","floor":31,"turns":2},{"damage":22,"enemies":"Collector","floor":33,"turns":4},{"damage":4,"enemies":"Orb Walker","floor":35,"turns":2},{"damage":24,"enemies":"3 Shapes","floor":37,"turns":1},{"damage":12,"enemies":"Sphere and 2 Shapes","floor":38,"turns":1},{"damage":8,"enemies":"4 Shapes","floor":41,"turns":1},{"damage":4,"enemies":"3 Darklings","floor":44,"turns":1},{"damage":22,"enemies":"Maw","floor":45,"turns":5},{"damage":8,"enemies":"Sphere and 2 Shapes","floor":47,"turns":2},{"damage":109,"enemies":"Awakened One","floor":50,"turns":6}],"event_choices":[{"event_name":"World of Goop","player_choice":"Gather Gold","floor":2,"damage_taken":0},{"event_name":"Accursed Blacksmith","player_choice":"Forge","floor":3,"damage_taken":0},{"event_name":"Liars Game","player_choice":"disagreed","floor":5,"damage_taken":0},{"event_name":"Big Fish","player_choice":"Donut","floor":12,"damage_taken":0},{"event_name":"Wheel of Change","player_choice":"Gold","floor":13,"damage_taken":0},{"event_name":"The Library","player_choice":"Heal","floor":21,"damage_taken":0},{"event_name":"Beggar","player_choice":"Gave Gold","floor":22,"damage_taken":0},{"event_name":"Transmorgrifier","player_choice":"Transform","floor":24,"damage_taken":0},{"event_name":"Winding Halls","player_choice":"Embrace Madness","floor":36,"damage_taken":0},{"event_name":"Tomb of Lord Red Mask","player_choice":"Paid","floor":39,"damage_taken":0}],"boss_relics":[{"not_picked":["Runic Cube","Philosopher\u0027s Stone"],"picked":"Runic Dome"},{"not_picked":["Mark of Pain","Snecko Eye"],"picked":"Sozu"}],"potions_floor_spawned":[7,8,18,29,30,31,38,45,47],"seed_played":"2952672030564257468","killed_by":"Awakened One","ascension_level":0,"is_trial":false}