{"path_per_floor":["M","M","$","?","$","M","R","E","T","R","?","$","?","M","R","B",null,"M","?","$","M","M","R","$","?","T","R","M","R","M","M","R"],"character_chosen":"IRONCLAD","items_purchased":["Panacea","Flex","Inflame"],"gold_per_floor":[116,132,33,33,33,44,44,71,71,71,71,18,18,34,34,131,131,143,143,68,50,67,67,26,26,26,26,37,37,51,70,70],"floor_reached":33,"campfire_rested":5,"playtime":4446,"current_hp_per_floor":[70,69,69,69,69,69,69,28,28,52,52,52,40,32,56,19,80,70,55,55,36,19,44,44,28,28,53,30,55,52,34,34],"items_purged":["Decay"],"gold":70,"score":245,"play_id":"2a684acf-1b4f-422d-8eca-76c7893e807b","local_time":"20180314132233","is_prod":false,"is_daily":false,"is_ascension_mode":false,"campfire_upgraded":2,"timestamp":1521048153,"path_taken":["M","M","$","?","$","M","R","E","T","R","?","?","?","M","R","BOSS","M","?","$","M","M","R","$","?","T","R","M","R","M","M","R","BOSS"],"build_version":"2018-03-09","purchased_purges":1,"victory":false,"master_deck":["Strike_R","Strike_R","Strike_R","Strike_R","Strike_R","Defend_R","Defend_R","Defend_R","Defend_R","Bash+1","Panacea+1","Rampage","Flex+1","Heavy Blade","Inflame","Heavy Blade","Fire Breathing+1","Ghostly Armor"],"max_hp_per_floor":[80,80,80,80,80,80,80,80,80,80,80,80,80,80,80,80,80,80,85,85,85,85,85,85,85,85,85,85,85,85,85,85],"relics":["Runic Cube","Self Forming Clay","Gambling Chip","Prayer Wheel","Velvet Choker","Enchiridion","Blue Candle"],"card_choices":[{"not_picked":["Flame Barrier","Metallicize"],"picked":"Rampage"},{"not_picked":["Combust","Shockwave"],"picked":"Heavy Blade"},{"not_picked":["Intimidate","Warcry"],"picked":"Heavy Blade"},{"not_picked":["Twin Strike","Thunderclap"],"picked":"Fire Breathing"},{"not_picked":["Twin Strike","Havoc"],"picked":"Ghostly Armor"}],"player_experience":235072,"potions_floor_usage":[33],"damage_taken":[{"damage":10.0,"enemies":"Jaw Worm","floor":1.0,"turns":4.0},{"damage":1.0,"enemies":"Cultist","floor":2.0,"turns":3.0},{"damage":0.0,"enemies":"Small Slimes","floor":6.0,"turns":3.0},{"damage":41.0,"enemies":"3 Sentries","floor":8.0,"turns":11.0},{"damage":8.0,"enemies":"3 Louse","floor":14.0,"turns":4.0},{"damage":37.0,"enemies":"Hexaghost","floor":16.0,"turns":8.0},{"damage":10.0,"enemies":"Shell Parasite","floor":18.0,"turns":5.0},{"damage":19.0,"enemies":"2 Thieves","floor":21.0,"turns":4.0},{"damage":17.0,"enemies":"Slaver and Parasite","floor":22.0,"turns":5.0},{"damage":23.0,"enemies":"3 Cultists","floor":28.0,"turns":5.0},{"damage":3,"enemies":"Snecko","floor":30,"turns":3},{"damage":18,"enemies":"Snake Plant","floor":31,"turns":3},{"damage":34,"enemies":"Collector","floor":33,"turns":6}],"event_choices":[{"event_name":"Accursed Blacksmith","player_choice":"Forge","floor":4.0,"damage_taken":0.0},{"event_name":"Wheel of Change","player_choice":"Curse","floor":11.0,"damage_taken":0.0},{"event_name":"Scrap Ooze","player_choice":"success","floor":13.0,"damage_taken":12.0},{"event_name":"Forgotten Altar","player_choice":"Shed Blood","floor":19.0,"damage_taken":0.0},{"event_name":"Cursed Tome","player_choice":"Obtained Book","floor":25.0,"damage_taken":0.0}],"boss_relics":[],"potions_floor_spawned":[6,8,18,30],"seed_played":"-782789257561719089","killed_by":"Collector","ascension_level":0,"is_trial":false}