{"path_per_floor":["M","M","$","M","?","E","?","?","T","R","E","R","M","M","R","B",null,"M","$","M","?","M","R","?","?","T","$","M","M","M","?","R","B",null,"M","M","?","M","T"],"character_chosen":"IRONCLAD","items_purchased":["Ornamental Fan"],"gold_per_floor":[113,123,48,65,65,95,95,95,95,95,125,125,141,157,157,252,252,270,28,43,43,63,63,63,63,63,13,28,41,55,55,55,157,157,173,192,243,258,282,282],"floor_reached":40,"campfire_rested":2,"playtime":2637,"current_hp_per_floor":[69,75,75,75,75,46,21,21,21,45,36,60,59,61,61,19,80,80,80,80,80,80,80,64,56,56,56,52,55,54,54,54,13,56,51,33,27,10,10,0],"items_purged":["Defend_R","Brutality"],"gold":282,"score":444,"play_id":"b8a88d2f-d53f-425e-9426-707bbc73d3e3","local_time":"20180411092218","is_prod":false,"is_daily":false,"is_ascension_mode":true,"campfire_upgraded":3,"timestamp":1523452938,"path_taken":["M","M","$","M","?","E","?","?","T","R","E","R","M","M","R","BOSS","M","$","M","?","M","R","?","?","T","$","?","?","M","?","R","BOSS","M","?","?","?","?","E"],"build_version":"2018-04-05v2","purchased_purges":2,"victory":false,"master_deck":["Defend_R+1","Bash+1","Seeing Red+1","Flex+1","Flex+1","Thunderclap","Anger+1","Hemokinesis+1","Spot Weakness","Flex+1","Necronomicurse","Bite+1","Bite","Bite","Bite+1","Bite","Bloodletting","Reaper"],"max_hp_per_floor":[80,80,80,80,80,80,80,80,80,80,80,80,80,80,80,80,80,80,80,80,80,80,80,80,56,56,56,56,56,56,56,56,56,56,56,56,56,56,56,56],"relics":["Burning Blood","Orichalcum","Smiling Mask","Gambling Chip","Vajra","Astrolabe","Ornamental Fan","Necronomicon","Whetstone","Ancient Tea Set","White Beast Statue","Sundial","Oddly Smooth Stone"],"card_choices":[{"not_picked":["Feel No Pain","Uppercut"],"picked":"Seeing Red","floor":1.0},{"not_picked":["Spot Weakness","Second Wind"],"picked":"Flex","floor":2.0},{"not_picked":["Sword Boomerang","Seeing Red"],"picked":"Flex","floor":6.0},{"not_picked":["Shrug It Off","Reckless Charge"],"picked":"Thunderclap","floor":14.0},{"not_picked":["Iron Wave","Hemokinesis"],"picked":"Spot Weakness","floor":18.0},{"not_picked":["Twin Strike","Cleave"],"picked":"Flex","floor":20.0},{"not_picked":["Reckless Charge","Perfected Strike"],"picked":"Bloodletting","floor":28.0},{"not_picked":["Exhume","Impervious"],"picked":"Reaper","floor":33.0}],"player_experience":251883,"potions_floor_usage":[38,40,40],"damage_taken":[{"damage":17.0,"enemies":"Small Slimes","floor":1.0,"turns":5.0},{"damage":0.0,"enemies":"2 Louse","floor":2.0,"turns":3.0},{"damage":6.0,"enemies":"Jaw Worm","floor":4.0,"turns":3.0},{"damage":35.0,"enemies":"Lagavulin","floor":6.0,"turns":6.0},{"damage":15.0,"enemies":"Gremlin Nob","floor":11.0,"turns":5.0},{"damage":7.0,"enemies":"3 Louse","floor":13.0,"turns":3.0},{"damage":4.0,"enemies":"Looter","floor":14.0,"turns":2.0},{"damage":48.0,"enemies":"The Guardian","floor":16.0,"turns":10.0},{"damage":6.0,"enemies":"Spheric Guardian","floor":18.0,"turns":3.0},{"damage":4.0,"enemies":"Chosen","floor":20.0,"turns":3.0},{"damage":6.0,"enemies":"Snecko","floor":22.0,"turns":3.0},{"damage":12.0,"enemies":"Centurion and Healer","floor":28.0,"turns":3.0},{"damage":9.0,"enemies":"3 Cultists","floor":29.0,"turns":4.0},{"damage":13.0,"enemies":"Chosen and Byrds","floor":30.0,"turns":4.0},{"damage":65.0,"enemies":"Champ","floor":33.0,"turns":8.0},{"damage":30.0,"enemies":"3 Shapes","floor":35.0,"turns":3.0},{"damage":37.0,"enemies":"3 Darklings","floor":36.0,"turns":4.0},{"damage":37,"enemies":"Mysterious Sphere","floor":37,"turns":5},{"damage":46,"enemies":"Sphere and 2 Shapes","floor":38,"turns":4},{"damage":26,"enemies":"2 Orb Walkers","floor":40,"turns":2}],"event_choices":[{"event_name":"Liars Game","player_choice":"disagreed","floor":5.0,"damage_taken":0.0},{"event_name":"Scrap Ooze","player_choice":"success","floor":7.0,"damage_taken":25.0},{"event_name":"Accursed Blacksmith","player_choice":"Forge","floor":8.0,"damage_taken":0.0},{"event_name":"Back to Basics","player_choice":"Simplicity","floor":21.0,"damage_taken":0.0},{"event_name":"Cursed Tome","player_choice":"Obtained Book","floor":24.0,"damage_taken":0.0},{"event_name":"Vampires","player_choice":"Became a vampire","floor":25.0,"damage_taken":0.0},{"event_name":"The Mausoleum","player_choice":"Yes","floor":31.0,"damage_taken":0.0},{"event_name":"Mysterious Sphere","player_choice":"Fight","floor":37,"damage_taken":0}],"boss_relics":[],"potions_floor_spawned":[1,6,11,14,18,28,29,33,35,36,37,38],"seed_played":"900626642741935812","killed_by":"2 Orb Walkers","ascension_level":1,"is_trial":false}