{"path_per_floor":["M","?","M","T","?","R","M","R","T","T","E","M","E","M","R","B",null,"M","?","$","?","$","R","M","R","T","?","M","?","M","M","R"],"character_chosen":"THE_SILENT","items_purchased":["Strange Spoon","Noxious Fumes","Outmaneuver","Bronze Scales"],"gold_per_floor":[119,119,132,132,132,132,152,152,229,252,282,297,324,335,335,437,437,456,456,15,15,15,15,31,31,56,56,74,74,90,107,107],"floor_reached":33,"campfire_rested":3,"playtime":1138,"current_hp_per_floor":[65,65,64,64,64,64,64,64,64,64,65,49,38,28,49,10,70,66,66,66,66,66,66,38,59,59,59,52,36,8,9,30],"items_purged":[],"gold":107,"score":281,"play_id":"85836e7d-b255-4a82-835d-810405ea630e","is_prod":false,"is_daily":false,"is_ascension_mode":false,"campfire_upgraded":3,"path_taken":["M","?","M","?","?","R","M","R","T","?","E","M","E","?","R","BOSS","M","?","$","?","?","R","?","R","T","?","?","?","M","M","R","BOSS"],"build_version":"2018-02-15-PROD1","purchased_purges":0,"victory":false,"master_deck":["Defend_G","Defend_G","Defend_G","Survivor","Neutralize","Outmaneuver","Infinite Blades+1","Flechettes+1","PiercingWail","Prepared","Dodge and Roll","Outmaneuver","Envenom","Dodge and Roll+1","Setup+1","Glass Knife+1","Poisoned Stab","Catalyst+1","Noxious Fumes","Outmaneuver","Backflip+1","Bite","Bite","Bite","Bite","Bite","Deadly Poison","Necronomicurse","Footwork"],"max_hp_per_floor":[70,70,70,70,70,70,70,70,70,70,70,70,70,70,70,70,70,70,70,70,70,70,70,70,70,70,70,70,70,72,72,72],"relics":["Ring of the Snake","Whetstone","Mercury Hourglass","Kunai","Singing Bowl","Pen Nib","Snake Skull","Astrolabe","Strange Spoon","Bronze Scales","Lantern","Necronomicon"],"card_choices":[{"not_picked":["Deadly Poison","Acrobatics"],"picked":"Outmaneuver"},{"not_picked":["Flying Knee","Sucker Punch"],"picked":"Infinite Blades"},{"not_picked":["Slice","Terror"],"picked":"Flechettes"},{"not_picked":["All Out Attack","Die Die Die"],"picked":"PiercingWail"},{"not_picked":["Bane","Dodge and Roll"],"picked":"Prepared"},{"not_picked":["Prepared","Predator"],"picked":"Dodge and Roll"},{"not_picked":["Heel Hook","All Out Attack"],"picked":"Outmaneuver"},{"not_picked":["Die Die Die","Tools of the Trade"],"picked":"Envenom"},{"not_picked":["Slice","PiercingWail"],"picked":"Poisoned Stab"},{"not_picked":["Crippling Poison","Flying Knee"],"picked":"Backflip"},{"not_picked":["Deflect","Bane"],"picked":"Deadly Poison"},{"not_picked":["Poisoned Stab","Tools of the Trade"],"picked":"Footwork"}],"player_experience":110733,"potions_floor_usage":[7,11,13,18,28,33],"damage_taken":[{"damage":5,"enemies":"2 Louse","floor":1,"turns":2},{"damage":1,"enemies":"Cultist","floor":3,"turns":3},{"damage":0,"enemies":"Jaw Worm","floor":7,"turns":3},{"damage":10,"enemies":"3 Sentries","floor":11,"turns":5},{"damage":16,"enemies":"Exordium Wildlife","floor":12,"turns":3},{"damage":11,"enemies":"Lagavulin","floor":13,"turns":6},{"damage":10,"enemies":"Large Slime","floor":14,"turns":3},{"damage":39,"enemies":"Hexaghost","floor":16,"turns":13},{"damage":4,"enemies":"3 Byrds","floor":18,"turns":4},{"damage":30,"enemies":"2 Thieves","floor":24,"turns":3},{"damage":13,"enemies":"Snake Plant","floor":28,"turns":4},{"damage":40,"enemies":"Chosen and Byrds","floor":30,"turns":6},{"damage":1,"enemies":"Snecko","floor":31,"turns":3},{"damage":48,"enemies":"Champ","floor":33,"turns":6}],"event_choices":[{"event_name":"Purifier","player_choice":"Skipped","floor":2,"damage_taken":0},{"event_name":"Golden Wing","player_choice":"Ignored","floor":5,"damage_taken":0},{"event_name":"The Library","player_choice":"Read","floor":19,"damage_taken":0},{"event_name":"The Mausoleum","player_choice":"Yes","floor":21,"damage_taken":0},{"event_name":"Vampires","player_choice":"Became a vampire (Vial)","floor":27,"damage_taken":0},{"event_name":"Cursed Tome","player_choice":"Obtained Book","floor":29,"damage_taken":0}],"boss_relics":[{"not_picked":["Calling Bell","Ectoplasm"],"picked":"Astrolabe"}],"potions_floor_spawned":[3,7,12,16,24,31],"seed_played":"-7081936939364534402","killed_by":"Champ","ascension_level":0,"is_trial":false}