{"path_per_floor":["M","$","M","?","$","R","?","R","T","M","E","R","M","E","R","B",null,"M","$","M","?","M","R"],"character_chosen":"THE_SILENT","items_purchased":["Molten Egg 2","Jack Of All Trades","Bane","Matryoshka"],"gold_per_floor":[359,21,33,33,8,8,67,67,67,78,109,109,120,152,152,254,254,264,15,26,26,42,42],"floor_reached":24,"campfire_rested":4,"playtime":1363,"current_hp_per_floor":[58,58,48,48,48,63,46,63,63,63,47,63,63,45,45,32,63,39,39,32,32,7,25],"items_purged":[],"gold":42,"score":204,"play_id":"5eb39bd3-9035-42b5-bfb7-3ced0fdbd555","is_prod":false,"is_daily":false,"is_ascension_mode":false,"campfire_upgraded":1,"path_taken":["M","$","M","?","$","R","?","R","T","M","E","R","M","E","R","BOSS","M","$","M","?","?","R","E"],"build_version":"2018-02-12-PROD1","purchased_purges":0,"victory":false,"master_deck":["Defend_G","Defend_G","Defend_G+1","Defend_G","Defend_G+1","Strike_G","Strike_G","Strike_G","Strike_G","Strike_G","Survivor","Neutralize","Deadly Poison","Jack Of All Trades+1","Cloak And Dagger","Bane+1","Flying Knee+1","Dash+1","Night Terror+1","Riddle With Holes+1","Footwork","Doppelganger","Backstab+1","Dash+1","Deflect+1"],"max_hp_per_floor":[63,63,63,63,63,63,63,63,63,63,63,63,63,63,63,63,63,63,63,63,63,63,63],"relics":["Ring of the Snake","Molten Egg 2","Ice Cream","War Paint","Art of War","Centennial Puzzle","Question Card","Matryoshka"],"card_choices":[{"not_picked":["Bane","Skewer"],"picked":"Deadly Poison"},{"not_picked":["Backflip","Calculated Gamble"],"picked":"Cloak And Dagger"},{"not_picked":["Outmaneuver","Bane"],"picked":"Flying Knee"},{"not_picked":["Flying Knee","Deadly Poison"],"picked":"Dash"},{"not_picked":["Bane","Backflip"],"picked":"Night Terror"},{"not_picked":["Concentrate","All Out Attack"],"picked":"Riddle With Holes"},{"not_picked":["Choke","Riddle With Holes"],"picked":"Footwork"},{"not_picked":["Venomology","Tools of the Trade"],"picked":"Doppelganger"},{"not_picked":["Underhanded Strike","Distraction","Crippling Poison"],"picked":"Backstab"},{"not_picked":["Cloak And Dagger","Deadly Poison","PiercingWail"],"picked":"Dash"},{"not_picked":["PiercingWail","Bane","Setup"],"picked":"Deflect"}],"player_experience":100839,"potions_floor_usage":[7,14,14,16,20,24],"damage_taken":[{"damage":5,"enemies":"Small Slimes","floor":1,"turns":5},{"damage":10,"enemies":"Blue Slaver","floor":3,"turns":4},{"damage":17,"enemies":"Lagavulin Event","floor":7,"turns":8},{"damage":0,"enemies":"Cultist","floor":10,"turns":3},{"damage":16,"enemies":"3 Sentries","floor":11,"turns":8},{"damage":0,"enemies":"3 Louse","floor":13,"turns":2},{"damage":18,"enemies":"Gremlin Nob","floor":14,"turns":4},{"damage":28,"enemies":"The Guardian","floor":16,"turns":13},{"damage":24,"enemies":"3 Byrds","floor":18,"turns":7},{"damage":7,"enemies":"2 Thieves","floor":20,"turns":4},{"damage":25,"enemies":"Sentry and Sphere","floor":22,"turns":12},{"damage":25,"enemies":"Book of Stabbing","floor":24,"turns":8}],"event_choices":[{"event_name":"Upgrade Shrine","player_choice":"Upgraded","floor":4,"damage_taken":0},{"event_name":"Dead Adventurer","player_choice":"Searched \u00273\u0027 times","floor":7,"damage_taken":0},{"event_name":"Vampires","player_choice":"Ignored","floor":21,"damage_taken":0}],"boss_relics":[{"not_picked":["White Beast Statue","Black Star"],"picked":"Question Card"}],"potions_floor_spawned":[3,11,13,14,16,20],"seed_played":"495288740394363013","killed_by":"Book of Stabbing","ascension_level":0,"is_trial":false}