{"path_per_floor":["M","?","$","M","M","E","R","E","T","M","M","R","M","?","R","B",null,"M","?","$","M","?","M","?","?","T","R","?","M","M","M","R","B",null,"M","$","M","?","M"],"character_chosen":"THE_SILENT","items_purchased":["Setup","Dodge and Roll","Juzu Bracelet","Calculated Gamble","Panache"],"gold_per_floor":[113,113,17,30,46,81,81,115,115,130,146,146,164,164,164,264,264,279,194,12,32,32,43,43,43,43,43,43,54,69,84,84,189,189,200,16,31,31,46],"floor_reached":40,"campfire_rested":4,"playtime":2302,"current_hp_per_floor":[69,57,57,54,54,29,50,31,31,31,28,49,49,49,70,58,70,66,66,66,58,58,52,52,52,52,52,70,60,47,34,55,46,70,41,41,41,59,31],"items_purged":[],"gold":46,"score":375,"play_id":"b1409ba3-6f5e-4aa4-8390-b88ca5482f1c","is_prod":false,"is_daily":false,"is_ascension_mode":false,"campfire_upgraded":1,"path_taken":["M","?","$","?","M","E","R","E","T","M","M","R","M","?","R","BOSS","M","?","$","M","?","M","?","?","T","R","?","M","M","M","R","BOSS","M","$","M","?","M","E"],"build_version":"2018-02-08-PROD1","purchased_purges":0,"victory":false,"master_deck":["Survivor","Neutralize","Crippling Poison","Setup","Dodge and Roll","Flying Knee","Accuracy","After Image","Choke","Outmaneuver","Acrobatics","Infinite Blades","Adrenaline","Phantasmal Killer+1","Dagger Throw+1","Dodge and Roll+1","Skewer+1","Calculated Gamble","Dodge and Roll","Neutralize","Night Terror","Terror","Predator","Well Laid Plans+1","Caltrops","Backflip","Deflect","Bullet Time","Dagger Spray","Accuracy","Calculated Gamble","Predator","Accuracy","Acrobatics","Infinite Blades+1","Panache","Dagger Spray","Writhe","Dagger Spray+1"],"max_hp_per_floor":[70,70,70,70,70,70,70,70,70,70,70,70,70,70,70,70,70,70,70,70,70,70,70,70,70,70,70,70,70,70,70,70,70,70,70,70,70,70,70],"relics":["Ring of the Snake","Vajra","Orichalcum","Toolbox","Ninja Scroll","Thread and Needle","Astrolabe","Prayer Wheel","Juzu Bracelet","Calipers","Pandora\u0027s Box"],"card_choices":[{"not_picked":["Deflect","Calculated Gamble"],"picked":"Crippling Poison"},{"not_picked":["Underhanded Strike","Poisoned Stab"],"picked":"Flying Knee"},{"not_picked":["Dash","Backflip"],"picked":"Accuracy"},{"not_picked":["Dodge and Roll","Backstab"],"picked":"After Image"},{"not_picked":["Leg Sweep","Dagger Spray"],"picked":"Choke"},{"not_picked":["Malaise","Prepared"],"picked":"Outmaneuver"},{"not_picked":["Prepared","Accuracy"],"picked":"Acrobatics"},{"not_picked":["Acrobatics","Riddle With Holes"],"picked":"Infinite Blades"},{"not_picked":["Tactician","Grand Finale"],"picked":"Adrenaline"},{"not_picked":["Finisher","Bane"],"picked":"Skewer"},{"not_picked":["Expertise","Bane"],"picked":"Dodge and Roll"},{"not_picked":["Crippling Poison","Riddle With Holes"],"picked":"Predator"},{"not_picked":["Expertise","Deflect"],"picked":"Well Laid Plans"},{"not_picked":["Finisher","Terror"],"picked":"Caltrops"},{"not_picked":["Acrobatics","Skewer"],"picked":"Backflip"},{"not_picked":["Eviscerate","Deadly Poison"],"picked":"Deflect"},{"not_picked":["Doppelganger","Burst"],"picked":"Bullet Time"},{"not_picked":["Dagger Throw","Quick Slash"],"picked":"Infinite Blades"},{"not_picked":["PiercingWail","Riddle With Holes"],"picked":"Dagger Spray"},{"not_picked":["Calculated Gamble","Acrobatics"],"picked":"Dagger Spray"}],"player_experience":65771,"potions_floor_usage":[5,5,18,18,29,37,37,40],"damage_taken":[{"damage":1,"enemies":"2 Louse","floor":1,"turns":3},{"damage":3,"enemies":"Jaw Worm","floor":4,"turns":5},{"damage":0,"enemies":"Small Slimes","floor":5,"turns":3},{"damage":25,"enemies":"Gremlin Nob","floor":6,"turns":6},{"damage":19,"enemies":"3 Sentries","floor":8,"turns":11},{"damage":0,"enemies":"3 Louse","floor":10,"turns":2},{"damage":3,"enemies":"Lots of Slimes","floor":11,"turns":5},{"damage":0,"enemies":"Looter","floor":13,"turns":1},{"damage":12,"enemies":"The Guardian","floor":16,"turns":11},{"damage":4,"enemies":"Shell Parasite","floor":18,"turns":6},{"damage":8,"enemies":"Chosen","floor":21,"turns":4},{"damage":6,"enemies":"Snake Plant","floor":23,"turns":5},{"damage":10,"enemies":"Centurion and Healer","floor":29,"turns":3},{"damage":13,"enemies":"Chosen and Byrds","floor":30,"turns":9},{"damage":13,"enemies":"Cultist and Chosen","floor":31,"turns":6},{"damage":9,"enemies":"Champ","floor":33,"turns":16},{"damage":29,"enemies":"3 Darklings","floor":35,"turns":7},{"damage":0,"enemies":"Orb Walker","floor":37,"turns":2},{"damage":28,"enemies":"Maw","floor":39,"turns":9},{"damage":45,"enemies":"Nemesis","floor":40,"turns":6}],"event_choices":[{"event_name":"Scrap Ooze","player_choice":"success","floor":2,"damage_taken":12},{"event_name":"Purifier","player_choice":"One Purge","floor":14,"damage_taken":0},{"event_name":"Addict","player_choice":"Obtained Relic","floor":19,"damage_taken":0},{"event_name":"Match and Keep!","player_choice":"3 cards matched","floor":22,"damage_taken":0},{"event_name":"Drug Dealer","player_choice":"Ignored","floor":24,"damage_taken":0},{"event_name":"Back to Basics","player_choice":"Simplicity","floor":25,"damage_taken":0},{"event_name":"The Library","player_choice":"Heal","floor":28,"damage_taken":0},{"event_name":"Winding Halls","player_choice":"Writhe","floor":38,"damage_taken":0}],"boss_relics":[{"not_picked":["Sozu","Velvet Choker"],"picked":"Astrolabe"},{"not_picked":["Orrery","Eternal Feather"],"picked":"Pandora\u0027s Box"}],"potions_floor_spawned":[1,4,6,13,16,21,33,35],"seed_played":"-4409418714858916799","killed_by":"Nemesis","ascension_level":0,"is_trial":false}