{"path_per_floor":["M","?","M","M","?","?","?","M","T","M","$","R","E","$","R","B",null,"M","?","?","M","M"],"character_chosen":"THE_SILENT","items_purchased":["Tough Bandages","Bandage Up","Poisoned Stab"],"gold_per_floor":[111,111,131,145,145,145,320,334,334,352,6,6,33,9,9,114,114,134,134,134,153,164],"floor_reached":23,"campfire_rested":2,"playtime":933,"current_hp_per_floor":[59,47,43,43,53,53,53,52,52,51,51,72,60,60,73,13,73,38,38,29,27,13],"items_purged":[],"gold":164,"score":191,"play_id":"0804848f-8abe-4d69-bf61-fc23eb9e39e5","is_prod":false,"is_daily":false,"is_ascension_mode":false,"campfire_upgraded":0,"path_taken":["M","?","M","M","?","?","?","M","T","?","$","R","E","?","R","BOSS","M","?","?","?","M","E"],"build_version":"2018-02-12-PROD1","purchased_purges":0,"victory":false,"master_deck":["Defend_G","Defend_G","Defend_G","Defend_G","Strike_G","Strike_G","Strike_G","Strike_G","Strike_G","Survivor","Neutralize","Prepared","Blur","Noxious Fumes","Poisoned Stab","Doubt","Wraith Form","Dodge and Roll","Bandage Up","Footwork","Acrobatics","Poisoned Stab","Backflip","Envenom","Crippling Poison","Cloak And Dagger","Noxious Fumes+1"],"max_hp_per_floor":[63,63,63,63,73,73,73,73,73,73,73,73,73,73,73,73,73,73,73,73,73,73],"relics":["Ring of the Snake","Ginger","Blue Candle","Pear","Dream Catcher","Tough Bandages","Ancient Tea Set","Eternal Feather"],"card_choices":[{"not_picked":["Heel Hook","Eviscerate"],"picked":"Prepared"},{"not_picked":["Cloak And Dagger","Setup"],"picked":"Blur"},{"not_picked":["Catalyst","PiercingWail"],"picked":"Noxious Fumes"},{"not_picked":["Backflip","Distraction"],"picked":"Wraith Form"},{"not_picked":["Terror","Bouncing Flask"],"picked":"Dodge and Roll"},{"not_picked":["Eviscerate","Dagger Spray"],"picked":"Footwork"},{"not_picked":["Slice","Quick Slash"],"picked":"Acrobatics"},{"not_picked":["Prepared","Malaise"],"picked":"Backflip"},{"not_picked":["After Image","A Thousand Cuts"],"picked":"Envenom"},{"not_picked":["Deflect","Poisoned Stab"],"picked":"Crippling Poison"},{"not_picked":["Deflect","Poisoned Stab"],"picked":"Cloak And Dagger"},{"not_picked":["Malaise","Crippling Poison"],"picked":"Noxious Fumes"}],"player_experience":89519,"potions_floor_usage":[3,8,16,22],"damage_taken":[{"damage":4,"enemies":"2 Louse","floor":1,"turns":3},{"damage":4,"enemies":"Small Slimes","floor":3,"turns":4},{"damage":0,"enemies":"Cultist","floor":4,"turns":4},{"damage":1,"enemies":"Lots of Slimes","floor":8,"turns":2},{"damage":1,"enemies":"2 Fungi Beasts","floor":10,"turns":4},{"damage":16,"enemies":"Lagavulin","floor":13,"turns":9},{"damage":64,"enemies":"Slime Boss","floor":16,"turns":13},{"damage":35,"enemies":"Chosen","floor":18,"turns":7},{"damage":6,"enemies":"Shell Parasite","floor":21,"turns":7},{"damage":33,"enemies":"Sentry and Sphere","floor":22,"turns":10},{"damage":22,"enemies":"Slavers","floor":23,"turns":1}],"event_choices":[{"event_name":"Scrap Ooze","player_choice":"success","floor":2,"damage_taken":12},{"event_name":"Accursed Blacksmith","player_choice":"Rummage","floor":5,"damage_taken":0},{"event_name":"Living Wall","player_choice":"Change","floor":6,"damage_taken":0},{"event_name":"Liars Game","player_choice":"agreed","floor":7,"damage_taken":0},{"event_name":"Back to Basics","player_choice":"Elegance","floor":19,"damage_taken":0},{"event_name":"Cursed Tome","player_choice":"Stopped","floor":20,"damage_taken":0}],"boss_relics":[{"not_picked":["Lizard Tail","Cursed Key"],"picked":"Eternal Feather"}],"potions_floor_spawned":[1,4,13,21,22],"seed_played":"-858901607145785201","killed_by":"Slavers","ascension_level":0,"is_trial":false}