{"path_per_floor":["M","?","M","M","M","?","R","M","T","$","E","R","M","M","R","B",null,"M","M","?","M","M"],"character_chosen":"THE_SILENT","items_purchased":["Frozen Egg 2","Deadly Poison"],"gold_per_floor":[214,214,232,244,255,330,330,342,366,64,93,93,107,118,118,219,219,233,250,210,220,233],"floor_reached":23,"campfire_rested":2,"playtime":914,"current_hp_per_floor":[66,66,66,63,60,49,70,70,70,70,62,62,48,40,61,31,70,58,52,52,49,22],"items_purged":[],"gold":233,"score":223,"play_id":"ccf97b4f-8dba-4a84-99c5-d31c618cb621","is_prod":false,"is_daily":false,"is_ascension_mode":false,"campfire_upgraded":1,"path_taken":["M","?","M","M","M","?","R","M","T","?","E","R","M","M","R","BOSS","M","M","?","M","M","M"],"build_version":"2018-02-15-PROD1","purchased_purges":0,"victory":false,"master_deck":["Defend_G","Defend_G","Defend_G","Defend_G","Defend_G","Strike_G","Strike_G","Strike_G","Strike_G","Survivor","Neutralize","Leg Sweep+1","Deflect","Predator","PiercingWail","Poisoned Stab","Poisoned Stab","Deadly Poison","Poisoned Stab","Catalyst","PiercingWail","Corpse Explosion","Dagger Spray","Poisoned Stab","Footwork+1","Backflip","Poisoned Stab","Doppelganger","Sucker Punch","Backstab","Expertise+1"],"max_hp_per_floor":[70,70,70,70,70,70,70,70,70,70,70,70,70,70,70,70,70,70,70,70,70,70],"relics":["Ring of the Snake","Orichalcum","Frozen Egg 2","Lantern","Orrery"],"card_choices":[{"not_picked":["Footwork","Slice"],"picked":"Leg Sweep"},{"not_picked":["Deflect","Prepared"],"picked":"Predator"},{"not_picked":["Flying Knee","Footwork"],"picked":"PiercingWail"},{"not_picked":["Blade Dance","Skewer"],"picked":"Poisoned Stab"},{"not_picked":["Terror","Deflect"],"picked":"Poisoned Stab"},{"not_picked":["PiercingWail","Quick Slash"],"picked":"Poisoned Stab"},{"not_picked":["Backflip","Corpse Explosion"],"picked":"Catalyst"},{"not_picked":["Poisoned Stab","Flechettes"],"picked":"PiercingWail"},{"not_picked":["Bullet Time","After Image"],"picked":"Corpse Explosion"},{"not_picked":["Prepared","Sucker Punch"],"picked":"Dagger Spray"},{"not_picked":["All Out Attack","Blur"],"picked":"Poisoned Stab"},{"not_picked":["Prepared","PiercingWail"],"picked":"Footwork"},{"not_picked":["Dagger Throw","Cloak And Dagger"],"picked":"Backflip"},{"not_picked":["Deflect","Outmaneuver"],"picked":"Poisoned Stab"},{"not_picked":["Cloak And Dagger","Acrobatics"],"picked":"Doppelganger"},{"not_picked":["Expertise","Slice"],"picked":"Sucker Punch"},{"not_picked":["Outmaneuver","Deflect"],"picked":"Backstab"},{"not_picked":["Flying Knee","Slice"],"picked":"Expertise"}],"player_experience":116692,"potions_floor_usage":[4,8,11,11,21,21,21],"damage_taken":[{"damage":4,"enemies":"Jaw Worm","floor":1,"turns":5},{"damage":0,"enemies":"2 Louse","floor":3,"turns":3},{"damage":3,"enemies":"Small Slimes","floor":4,"turns":4},{"damage":3,"enemies":"Looter","floor":5,"turns":4},{"damage":0,"enemies":"2 Fungi Beasts","floor":8,"turns":3},{"damage":14,"enemies":"Gremlin Nob","floor":11,"turns":5},{"damage":14,"enemies":"Exordium Wildlife","floor":13,"turns":5},{"damage":8,"enemies":"Lots of Slimes","floor":14,"turns":3},{"damage":30,"enemies":"The Guardian","floor":16,"turns":11},{"damage":12,"enemies":"3 Byrds","floor":18,"turns":6},{"damage":6,"enemies":"Shell Parasite","floor":19,"turns":6},{"damage":3,"enemies":"Centurion and Healer","floor":21,"turns":6},{"damage":27,"enemies":"Sentry and Sphere","floor":22,"turns":7},{"damage":40,"enemies":"Chosen and Byrds","floor":23,"turns":6}],"event_choices":[{"event_name":"Living Wall","player_choice":"Change","floor":2,"damage_taken":0},{"event_name":"World of Goop","player_choice":"Gather Gold","floor":6,"damage_taken":0},{"event_name":"The Woman in Blue","player_choice":"Bought 3 Potions","floor":20,"damage_taken":0}],"boss_relics":[{"not_picked":["White Beast Statue","Snecko Eye"],"picked":"Orrery"}],"potions_floor_spawned":[1,4,5,8],"seed_played":"-8813671402205656450","killed_by":"Chosen and Byrds","ascension_level":0,"is_trial":false}