{"path_per_floor":["M","?","M","?","M","R","E","R","T","$","?","?","R","M","R","B",null,"M","$","?","?","M","E","M","R","T","E","M","?","?","M","R","B",null,"M","M","$","?"],"character_chosen":"THE_SILENT","items_purchased":["Toxic Egg 2","Blade Dance","Juzu Bracelet","Sucker Punch","Girya"],"gold_per_floor":[115,115,127,302,315,315,341,341,341,19,19,57,57,81,81,202,202,225,48,48,48,73,111,125,125,125,169,190,190,190,204,204,308,308,320,331,37,0],"floor_reached":39,"campfire_rested":5,"playtime":1872,"current_hp_per_floor":[70,58,58,58,58,58,16,37,37,37,37,22,43,43,64,5,72,53,53,53,53,55,37,37,59,59,33,25,25,25,32,55,17,92,94,28,28,28],"items_purged":[],"gold":0,"score":392,"play_id":"4b49bd68-5dc2-4eb0-b605-378cd75df486","is_prod":false,"is_daily":false,"is_ascension_mode":false,"campfire_upgraded":1,"path_taken":["M","?","M","?","M","R","E","R","T","$","?","?","R","M","R","BOSS","M","$","?","?","M","E","M","R","T","E","M","?","?","M","R","BOSS","M","M","$","?","M"],"build_version":"2018-02-15-PROD1","purchased_purges":0,"victory":false,"master_deck":["Survivor","Neutralize","Grand Finale","Prepared","Flying Knee","Dagger Spray+1","Escape Plan","Dodge and Roll","Blade Dance+1","Predator","Phantasmal Killer+1","Sucker Punch","Backflip+1","Setup+1","Distraction+1","Crippling Poison+1","Quick Slash","Backflip+1","Dagger Spray","Poisoned Stab","Prepared+1","Cloak And Dagger+1","Sucker Punch","Backstab+1","Sucker Punch","Eviscerate+1","Deadly Poison+1","Phantasmal Killer+1","Doubt","Regret","Injury"],"max_hp_per_floor":[70,70,70,70,70,70,70,70,70,70,70,72,72,72,72,72,72,72,72,72,72,74,74,76,76,76,76,76,76,76,78,78,78,92,94,96,96,96],"relics":["Ring of the Snake","Prayer Wheel","Pen Nib","Singing Bowl","Toxic Egg 2","Bloody Idol","Odd Mushroom","Pandora\u0027s Box","Juzu Bracelet","Lantern","Dead Branch","Ancient Tea Set","Pantograph","Calling Bell","Mango","Tingsha","Snake Skull","Girya","Red Mask"],"card_choices":[{"not_picked":["Choke","Sucker Punch"],"picked":"Prepared"},{"not_picked":["Deflect","Backflip"],"picked":"Flying Knee"},{"not_picked":["Endless Agony","Blade Dance"],"picked":"Dagger Spray"},{"not_picked":["Slice","Malaise"],"picked":"Escape Plan"},{"not_picked":["Dagger Spray","Quick Slash"],"picked":"Dodge and Roll"},{"not_picked":["Reflex","Quick Slash"],"picked":"Predator"},{"not_picked":["Burst","Die Die Die"],"picked":"Phantasmal Killer"},{"not_picked":["Slice","Backflip"],"picked":"Cloak And Dagger"},{"not_picked":["Reflex","PiercingWail"],"picked":"Backstab"},{"not_picked":["Slice","Glass Knife"],"picked":"Sucker Punch"},{"not_picked":["Dodge and Roll","Bane"],"picked":"Eviscerate"},{"not_picked":["Dagger Spray","Deflect"],"picked":"Deadly Poison"},{"not_picked":["Unload","Doppelganger"],"picked":"Phantasmal Killer"}],"player_experience":113915,"potions_floor_usage":[3,14,24,27,36],"damage_taken":[{"damage":0,"enemies":"Small Slimes","floor":1,"turns":3},{"damage":0,"enemies":"Jaw Worm","floor":3,"turns":3},{"damage":0,"enemies":"2 Louse","floor":5,"turns":4},{"damage":42,"enemies":"Gremlin Nob","floor":7,"turns":6},{"damage":17,"enemies":"The Mushroom Lair","floor":12,"turns":5},{"damage":0,"enemies":"Looter","floor":14,"turns":3},{"damage":59,"enemies":"Slime Boss","floor":16,"turns":16},{"damage":19,"enemies":"2 Thieves","floor":18,"turns":3},{"damage":0,"enemies":"3 Byrds","floor":22,"turns":4},{"damage":18,"enemies":"Gremlin Leader","floor":23,"turns":6},{"damage":11,"enemies":"Centurion and Healer","floor":24,"turns":4},{"damage":26,"enemies":"Book of Stabbing","floor":27,"turns":5},{"damage":8,"enemies":"Snecko","floor":28,"turns":3},{"damage":0,"enemies":"Snake Plant","floor":31,"turns":3},{"damage":66,"enemies":"Champ","floor":33,"turns":10},{"damage":0,"enemies":"Orb Walker","floor":35,"turns":2},{"damage":73,"enemies":"3 Darklings","floor":36,"turns":14},{"damage":30,"enemies":"4 Shapes","floor":39,"turns":3}],"event_choices":[{"event_name":"Scrap Ooze","player_choice":"success","floor":2,"damage_taken":12},{"event_name":"Liars Game","player_choice":"agreed","floor":4,"damage_taken":0},{"event_name":"Golden Idol","player_choice":"Take Wound","floor":11,"damage_taken":0},{"event_name":"Mushrooms","player_choice":"Fought Mushrooms","floor":12,"damage_taken":0},{"event_name":"Fountain of Cleansing","player_choice":"Removed Curse","floor":20,"damage_taken":0},{"event_name":"Beggar","player_choice":"Ignored","floor":21,"damage_taken":0},{"event_name":"Forgotten Altar","player_choice":"Gave Idol","floor":29,"damage_taken":0},{"event_name":"The Mausoleum","player_choice":"Yes","floor":30,"damage_taken":0},{"event_name":"Tomb of Lord Red Mask","player_choice":"Paid","floor":38,"damage_taken":0}],"boss_relics":[{"not_picked":["White Beast Statue","The Specimen"],"picked":"Pandora\u0027s Box"},{"not_picked":["Question Card","Astrolabe"],"picked":"Calling Bell"}],"potions_floor_spawned":[1,12,18,23,24],"seed_played":"255096205476544721","killed_by":"4 Shapes","ascension_level":0,"is_trial":false}