{"path_per_floor":["M","?","M","$","M","E","M","M","T","M","R","?","E"],"character_chosen":"THE_SILENT","items_purchased":["Infinite Blades","Backstab"],"gold_per_floor":[115,115,126,18,29,55,72,86,86,106,106,135,165],"floor_reached":14,"campfire_rested":1,"playtime":486,"current_hp_per_floor":[63,63,57,57,55,27,16,13,13,15,36,30,13],"items_purged":[],"gold":165,"score":102,"play_id":"f5e0c89a-b7d8-4a3e-899a-0558918a83ad","is_prod":false,"is_daily":false,"is_ascension_mode":false,"campfire_upgraded":0,"path_taken":["M","?","M","?","?","E","M","M","T","M","R","?","E","?"],"build_version":"2018-02-12-PROD1","purchased_purges":0,"victory":false,"master_deck":["Defend_G","Defend_G","Defend_G","Defend_G","Defend_G","Strike_G","Strike_G","Strike_G","Strike_G","Survivor","Neutralize","Bullet Time","Backstab","Quick Slash","Infinite Blades","Backstab","Accuracy","Poisoned Stab","Endless Agony","Riddle With Holes","Dagger Spray","Deflect","Bullet Time"],"max_hp_per_floor":[70,70,70,70,70,70,70,70,70,70,70,70,70],"relics":["Ring of the Snake","Paper Crane","Blood Vial","Odd Mushroom","Bottled Lightning"],"card_choices":[{"not_picked":["Crippling Poison","Dagger Throw"],"picked":"Bullet Time"},{"not_picked":["Slice","Well Laid Plans"],"picked":"Quick Slash"},{"not_picked":["Deadly Poison","PiercingWail"],"picked":"Accuracy"},{"not_picked":["Well Laid Plans","Acrobatics"],"picked":"Poisoned Stab"},{"not_picked":["Flying Knee","Prepared"],"picked":"Endless Agony"},{"not_picked":["Underhanded Strike","Flechettes"],"picked":"Riddle With Holes"},{"not_picked":["Bane","Outmaneuver"],"picked":"Dagger Spray"},{"not_picked":["Slice","Dagger Throw"],"picked":"Deflect"},{"not_picked":["Setup","Poisoned Stab"],"picked":"Bullet Time"}],"player_experience":95913,"potions_floor_usage":[3,5,10],"damage_taken":[{"damage":7,"enemies":"Jaw Worm","floor":1,"turns":6},{"damage":6,"enemies":"Blue Slaver","floor":3,"turns":3},{"damage":2,"enemies":"Small Slimes","floor":5,"turns":3},{"damage":28,"enemies":"Lagavulin","floor":6,"turns":7},{"damage":11,"enemies":"Exordium Thugs","floor":7,"turns":5},{"damage":3,"enemies":"Gremlin Gang","floor":8,"turns":4},{"damage":0,"enemies":"2 Fungi Beasts","floor":10,"turns":1},{"damage":8,"enemies":"The Mushroom Lair","floor":12,"turns":3},{"damage":19,"enemies":"3 Sentries","floor":13,"turns":5}],"event_choices":[{"event_name":"Transmorgrifier","player_choice":"Transform","floor":2,"damage_taken":0},{"event_name":"Mushrooms","player_choice":"Fought Mushrooms","floor":12,"damage_taken":0}],"boss_relics":[],"potions_floor_spawned":[1,3,7,8],"seed_played":"4480128865688374013","ascension_level":0,"is_trial":false}