{"path_per_floor":["M","$","?","$","?","E","M","M","T","R","?","R","M","M","R","B",null,"M","M","$","?"],"character_chosen":"THE_SILENT","items_purchased":["Setup","Quick Slash","Anchor","Dodge and Roll","Masterful Stab"],"gold_per_floor":[111,13,13,13,13,69,89,107,107,107,107,107,117,132,132,231,231,245,263,32,32],"floor_reached":22,"campfire_rested":3,"playtime":880,"current_hp_per_floor":[57,57,57,57,43,10,10,4,4,25,25,46,44,40,61,17,70,29,2,2,2],"items_purged":[],"gold":32,"score":184,"play_id":"658b1d8b-6ff3-4388-972d-27c4a2df2b7a","is_prod":false,"is_daily":false,"is_ascension_mode":false,"campfire_upgraded":0,"path_taken":["M","$","?","$","?","E","M","M","T","R","?","R","M","M","R","BOSS","M","?","$","?","M"],"build_version":"2018-02-12-PROD1","purchased_purges":0,"victory":false,"master_deck":["Defend_G","Defend_G","Defend_G","Defend_G","Defend_G+1","Strike_G","Strike_G+1","Strike_G","Strike_G","Strike_G","Survivor","Neutralize","Noxious Fumes","Dagger Spray","Setup","Quick Slash","Endless Agony","Dodge and Roll","Caltrops","Regret","Deflect","Predator","Burst","Finisher","Heel Hook","Dodge and Roll","Masterful Stab"],"max_hp_per_floor":[70,70,70,70,70,70,70,70,70,70,70,70,70,70,70,70,70,70,70,70,70],"relics":["Ring of the Snake","Tiny Chest","Gambling Chip","Matryoshka","Lizard Tail","Anchor"],"card_choices":[{"not_picked":["Caltrops","Cloak And Dagger"],"picked":"Noxious Fumes"},{"not_picked":["Dagger Throw","Expertise"],"picked":"Dagger Spray"},{"not_picked":["Cloak And Dagger","Quick Slash"],"picked":"Endless Agony"},{"not_picked":["Deadly Poison","Dagger Throw"],"picked":"Dodge and Roll"},{"not_picked":["Slice","Poisoned Stab"],"picked":"Caltrops"},{"not_picked":["Terror","Heel Hook"],"picked":"Deflect"},{"not_picked":["Deadly Poison","Quick Slash"],"picked":"Predator"},{"not_picked":["Tactician","Doppelganger"],"picked":"Burst"},{"not_picked":["Quick Slash","Choke"],"picked":"Finisher"},{"not_picked":["Bane","Deadly Poison"],"picked":"Heel Hook"}],"player_experience":69413,"potions_floor_usage":[13,16,18],"damage_taken":[{"damage":13,"enemies":"Blue Slaver","floor":1,"turns":5},{"damage":33,"enemies":"Lagavulin","floor":6,"turns":9},{"damage":0,"enemies":"Small Slimes","floor":7,"turns":3},{"damage":6,"enemies":"Cultist","floor":8,"turns":4},{"damage":2,"enemies":"Large Slime","floor":13,"turns":5},{"damage":4,"enemies":"2 Fungi Beasts","floor":14,"turns":4},{"damage":44,"enemies":"Hexaghost","floor":16,"turns":12},{"damage":41,"enemies":"Shell Parasite","floor":18,"turns":6},{"damage":27,"enemies":"Spheric Guardian","floor":19,"turns":6},{"damage":42,"enemies":"Slaver and Parasite","floor":22,"turns":6}],"event_choices":[{"event_name":"Golden Wing","player_choice":"Ignored","floor":3,"damage_taken":0},{"event_name":"Shining Light","player_choice":"Entered Light","floor":5,"damage_taken":0},{"event_name":"Big Fish","player_choice":"Box","floor":11,"damage_taken":0},{"event_name":"Vampires","player_choice":"Ignored","floor":21,"damage_taken":0}],"boss_relics":[{"not_picked":["Runic Pyramid","Sozu"],"picked":"Lizard Tail"}],"potions_floor_spawned":[8,14,16],"seed_played":"7539319139468881383","killed_by":"Slaver and Parasite","ascension_level":0,"is_trial":false}