{"path_per_floor":["M","$","?","$","T","E","?","M","T","?","$","M","E","M","R","B",null,"M","$"],"character_chosen":"THE_SILENT","items_purchased":["Noxious Fumes","Flying Knee","Cloak And Dagger","Flash of Steel","Bane","Secret Technique"],"gold_per_floor":[115,42,117,39,63,91,91,101,128,128,11,27,54,70,70,168,168,181,2],"floor_reached":20,"campfire_rested":1,"playtime":612,"current_hp_per_floor":[70,70,59,59,66,66,51,51,51,51,51,50,26,19,42,10,77,6,6],"items_purged":[],"gold":2,"score":205,"play_id":"26d553f9-c4ef-4a6d-8479-b727e61d137d","is_prod":false,"is_daily":false,"is_ascension_mode":false,"campfire_upgraded":0,"path_taken":["M","$","?","$","?","E","?","M","T","?","?","M","E","?","R","BOSS","M","$","M"],"build_version":"2018-02-15-PROD1","purchased_purges":0,"victory":false,"master_deck":["Defend_G","Defend_G","Defend_G+1","Defend_G","Defend_G","Strike_G","Strike_G+1","Strike_G","Strike_G","Strike_G","Survivor","Neutralize","Skewer","Noxious Fumes","Flying Knee","Cloak And Dagger","Unload","Outmaneuver","Flash of Steel","Bane","Outmaneuver","PiercingWail+1","Poisoned Stab","Bullet Time+1","Regret","Writhe","Writhe","Dodge and Roll+1","Secret Technique+1"],"max_hp_per_floor":[70,70,70,70,77,77,77,77,77,77,77,77,77,77,77,77,77,77,77],"relics":["Ring of the Snake","NeowsBlessing","Strawberry","Anchor","Snake Skull","Toxic Egg 2","Calling Bell","Peace Pipe","Blue Candle","Darkstone Periapt"],"card_choices":[{"not_picked":["Calculated Gamble","Acrobatics"],"picked":"Skewer"},{"not_picked":["Dodge and Roll","Deadly Poison"],"picked":"Unload"},{"not_picked":["Acrobatics","PiercingWail"],"picked":"Outmaneuver"},{"not_picked":["Skewer","Bane"],"picked":"Outmaneuver"},{"not_picked":["Eviscerate","Dagger Throw"],"picked":"PiercingWail"},{"not_picked":["Eviscerate","All Out Attack"],"picked":"Poisoned Stab"},{"not_picked":["Burst","Phantasmal Killer"],"picked":"Bullet Time"},{"not_picked":["Sucker Punch","Dagger Throw"],"picked":"Dodge and Roll"}],"player_experience":105571,"potions_floor_usage":[12,14,16],"damage_taken":[{"damage":0,"enemies":"2 Louse","floor":1,"turns":1},{"damage":0,"enemies":"3 Sentries","floor":6,"turns":1},{"damage":0,"enemies":"Jaw Worm","floor":8,"turns":1},{"damage":1,"enemies":"Cultist","floor":12,"turns":3},{"damage":24,"enemies":"Lagavulin","floor":13,"turns":6},{"damage":7,"enemies":"Exordium Thugs","floor":14,"turns":3},{"damage":32,"enemies":"Slime Boss","floor":16,"turns":10},{"damage":71,"enemies":"Chosen","floor":18,"turns":8},{"damage":6,"enemies":"Shell Parasite","floor":20,"turns":2}],"event_choices":[{"event_name":"World of Goop","player_choice":"Gather Gold","floor":3,"damage_taken":0},{"event_name":"Shining Light","player_choice":"Entered Light","floor":7,"damage_taken":0},{"event_name":"The Woman in Blue","player_choice":"Bought 0 Potions","floor":10,"damage_taken":0}],"boss_relics":[{"not_picked":["The Specimen","Snecko Eye"],"picked":"Calling Bell"}],"potions_floor_spawned":[1,13,14],"seed_played":"1967028350540204121","killed_by":"Shell Parasite","ascension_level":0,"is_trial":false}