{"path_per_floor":["M","?","M","M","?","R","E","R","T","M","R","E","M","M","R"],"character_chosen":"THE_SILENT","items_purchased":[],"gold_per_floor":[115,115,129,143,143,143,174,174,222,242,242,267,277,292,292],"floor_reached":16,"campfire_rested":2,"playtime":1133,"current_hp_per_floor":[59,59,59,59,59,59,31,52,52,52,52,45,42,36,57],"items_purged":[],"gold":292,"score":112,"play_id":"b3e6f044-46bc-4bc4-b614-040acf09f7c0","is_prod":false,"is_daily":false,"is_ascension_mode":false,"campfire_upgraded":2,"path_taken":["M","?","?","M","?","R","E","R","T","?","R","E","M","?","R","BOSS"],"build_version":"2018-02-15-PROD1","purchased_purges":0,"victory":false,"master_deck":["Defend_G","Defend_G","Defend_G","Defend_G","Defend_G","Strike_G","Strike_G","Strike_G","Strike_G","Strike_G","Survivor","Neutralize","Flying Knee","Backflip","Leg Sweep+1","Regret","Dash+1","Footwork","Terror","PiercingWail","Outmaneuver"],"max_hp_per_floor":[70,70,70,70,70,70,70,70,70,70,70,70,70,70,70],"relics":["Question Card","Bag of Marbles","Toolbox","Ancient Tea Set","Ninja Scroll"],"card_choices":[{"not_picked":["Calculated Gamble","Bane","Sucker Punch"],"picked":"Flying Knee"},{"not_picked":["Slice","Acrobatics","Underhanded Strike"],"picked":"Backflip"},{"not_picked":["Bane","Cloak And Dagger","PiercingWail"],"picked":"Leg Sweep"},{"not_picked":["Catalyst","After Image","Sucker Punch"],"picked":"Dash"},{"not_picked":["Setup","Blade Dance","Dagger Throw"],"picked":"Footwork"},{"not_picked":["Setup","Bane","Slice"],"picked":"Terror"},{"not_picked":["Dagger Spray","Tools of the Trade","Eviscerate"],"picked":"PiercingWail"},{"not_picked":["Acrobatics","Prepared","Blade Dance"],"picked":"Outmaneuver"}],"player_experience":124590,"potions_floor_usage":[7,12],"damage_taken":[{"damage":11,"enemies":"Jaw Worm","floor":1,"turns":6},{"damage":0,"enemies":"Small Slimes","floor":3,"turns":4},{"damage":0,"enemies":"Cultist","floor":4,"turns":3},{"damage":28,"enemies":"Lagavulin","floor":7,"turns":13},{"damage":0,"enemies":"3 Louse","floor":10,"turns":4},{"damage":7,"enemies":"3 Sentries","floor":12,"turns":10},{"damage":3,"enemies":"2 Fungi Beasts","floor":13,"turns":3},{"damage":6,"enemies":"Gremlin Gang","floor":14,"turns":4},{"damage":61,"enemies":"Hexaghost","floor":16,"turns":15}],"event_choices":[{"event_name":"The Cleric","player_choice":"Leave","floor":2,"damage_taken":0},{"event_name":"Big Fish","player_choice":"Box","floor":5,"damage_taken":0}],"boss_relics":[],"potions_floor_spawned":[3,10],"seed_played":"4988154950629945256","killed_by":"Hexaghost","ascension_level":0,"is_trial":false}