{"path_per_floor":["M","?","?","?","M","E","R","E","T","R","?","R","$","M","R","B",null,"M","$","M","M","M"],"character_chosen":"THE_SILENT","items_purchased":["Tiny Chest","Happy Flower","Dash","Outmaneuver","Orichalcum","Deadly Poison","Quick Slash"],"gold_per_floor":[117,117,292,292,312,356,356,400,400,400,400,400,34,53,53,179,217,233,9,23,39,52],"floor_reached":23,"campfire_rested":2,"playtime":954,"current_hp_per_floor":[62,62,62,62,62,31,52,39,39,60,60,60,60,59,59,7,75,60,60,57,42,33],"items_purged":[],"gold":52,"score":199,"play_id":"31729760-103d-4f85-b32a-e01f6d2948d6","is_prod":false,"is_daily":false,"is_ascension_mode":false,"campfire_upgraded":2,"path_taken":["M","?","?","?","M","E","R","E","T","R","?","R","$","M","R","BOSS","M","$","M","M","M","E"],"build_version":"2018-02-15-PROD1","purchased_purges":0,"victory":false,"master_deck":["Defend_G","Defend_G","Defend_G","Defend_G+1","Defend_G","Strike_G+1","Strike_G","Strike_G","Strike_G+1","Survivor","Neutralize","Deadly Poison+1","Injury","Doubt","Bane","Dodge and Roll","PiercingWail","All Out Attack","Dash+1","Outmaneuver","Backflip","Envenom","Malaise","Poisoned Stab+1","Deadly Poison","Quick Slash","Blur+1","Dagger Spray","Dagger Spray"],"max_hp_per_floor":[70,70,70,70,70,70,70,70,70,70,70,70,70,70,70,70,75,75,75,75,75,75],"relics":["Ring of the Snake","Whetstone","Golden Idol","Du-Vu Doll","Shuriken","Tingsha","Tiny Chest","Happy Flower","Tiny House","Orichalcum"],"card_choices":[{"not_picked":["Deflect","Quick Slash"],"picked":"Deadly Poison"},{"not_picked":["Quick Slash","Outmaneuver"],"picked":"Bane"},{"not_picked":["Unload","Deflect"],"picked":"Dodge and Roll"},{"not_picked":["Quick Slash","Backflip"],"picked":"PiercingWail"},{"not_picked":["Cloak And Dagger","Sucker Punch"],"picked":"Backflip"},{"not_picked":["Burst","A Thousand Cuts"],"picked":"Envenom"},{"not_picked":["Leg Sweep","Outmaneuver"],"picked":"Malaise"},{"not_picked":["Slice","Terror"],"picked":"Poisoned Stab"},{"not_picked":["Flying Knee","Escape Plan"],"picked":"Blur"},{"not_picked":["Dodge and Roll","Slice"],"picked":"Dagger Spray"},{"not_picked":["Acrobatics","Dagger Throw"],"picked":"Dagger Spray"}],"player_experience":120897,"potions_floor_usage":[6,18,18,21],"damage_taken":[{"damage":8,"enemies":"2 Louse","floor":1,"turns":2},{"damage":0,"enemies":"Small Slimes","floor":5,"turns":3},{"damage":46,"enemies":"Lagavulin","floor":6,"turns":9},{"damage":13,"enemies":"3 Sentries","floor":8,"turns":7},{"damage":1,"enemies":"Cultist","floor":14,"turns":3},{"damage":52,"enemies":"Slime Boss","floor":16,"turns":15},{"damage":15,"enemies":"2 Thieves","floor":18,"turns":4},{"damage":3,"enemies":"3 Byrds","floor":20,"turns":6},{"damage":15,"enemies":"Sentry and Sphere","floor":21,"turns":9},{"damage":9,"enemies":"3 Cultists","floor":22,"turns":6},{"damage":33,"enemies":"Book of Stabbing","floor":23,"turns":6}],"event_choices":[{"event_name":"Golden Idol","player_choice":"Take Wound","floor":2,"damage_taken":0},{"event_name":"Liars Game","player_choice":"agreed","floor":3,"damage_taken":0},{"event_name":"The Cleric","player_choice":"Leave","floor":4,"damage_taken":0},{"event_name":"Living Wall","player_choice":"Change","floor":11,"damage_taken":0}],"boss_relics":[{"not_picked":["White Beast Statue","The Specimen"],"picked":"Tiny House"}],"potions_floor_spawned":[1,16,20],"seed_played":"-8188421028736589080","killed_by":"Book of Stabbing","ascension_level":0,"is_trial":false}