{"path_per_floor":["M","?","?","M","M","E","R","?","T","?","$","M","R","M","R"],"character_chosen":"THE_SILENT","items_purchased":["Molten Egg 2","Backflip"],"gold_per_floor":[215,215,215,235,245,279,279,279,279,279,3,15,15,34,34],"floor_reached":16,"campfire_rested":3,"playtime":527,"current_hp_per_floor":[62,62,55,55,55,23,44,44,44,30,30,27,48,39,60],"items_purged":[],"gold":34,"score":100,"play_id":"8112c33d-1310-46ca-9873-7922a216598f","is_prod":false,"is_daily":false,"is_ascension_mode":false,"campfire_upgraded":0,"path_taken":["M","?","?","M","M","E","R","?","T","?","?","M","R","M","R","BOSS"],"build_version":"2018-02-15-PROD1","purchased_purges":0,"victory":false,"master_deck":["Defend_G","Defend_G","Defend_G","Defend_G","Defend_G","Strike_G","Strike_G","Strike_G","Strike_G","Survivor+1","Neutralize+1","Riddle With Holes","Footwork","Escape Plan","Deadly Poison","Tactician","Backflip","Dash+1","Bullet Time"],"max_hp_per_floor":[70,70,70,70,70,70,70,70,70,70,70,70,70,70,70],"relics":["Ring of the Snake","Oddly Smooth Stone","Omamori","Peace Pipe","Molten Egg 2"],"card_choices":[{"not_picked":["Underhanded Strike","Dagger Throw"],"picked":"Riddle With Holes"},{"not_picked":["Flying Knee","Underhanded Strike"],"picked":"Footwork"},{"not_picked":["Prepared","Underhanded Strike"],"picked":"Escape Plan"},{"not_picked":["Acrobatics","Blade Dance"],"picked":"Deadly Poison"},{"not_picked":["Deadly Poison","Escape Plan"],"picked":"Dash"},{"not_picked":["Quick Slash","Noxious Fumes"],"picked":"Bullet Time"}],"player_experience":119503,"potions_floor_usage":[4,6,14,14],"damage_taken":[{"damage":8,"enemies":"2 Louse","floor":1,"turns":3},{"damage":0,"enemies":"Cultist","floor":4,"turns":3},{"damage":0,"enemies":"Jaw Worm","floor":5,"turns":5},{"damage":32,"enemies":"3 Sentries","floor":6,"turns":11},{"damage":3,"enemies":"3 Louse","floor":12,"turns":4},{"damage":9,"enemies":"2 Fungi Beasts","floor":14,"turns":4},{"damage":69,"enemies":"Slime Boss","floor":16,"turns":14}],"event_choices":[{"event_name":"The Cleric","player_choice":"Leave","floor":2,"damage_taken":0},{"event_name":"Scrap Ooze","player_choice":"success","floor":3,"damage_taken":7},{"event_name":"Living Wall","player_choice":"Change","floor":8,"damage_taken":0},{"event_name":"Shining Light","player_choice":"Entered Light","floor":10,"damage_taken":0}],"boss_relics":[],"potions_floor_spawned":[1,5,6,12],"seed_played":"-6520354955756161194","killed_by":"Slime Boss","ascension_level":0,"is_trial":false}