{"path_per_floor":["M","?","$","M","?","E","R","M","T","M","R","$","M","?","R","B",null,"M","M","?","T"],"character_chosen":"THE_SILENT","items_purchased":["Meat on the Bone","Happy Flower"],"gold_per_floor":[18,268,11,23,23,64,64,83,158,177,177,23,39,39,39,160,160,144,169,94,94],"floor_reached":22,"campfire_rested":2,"playtime":886,"current_hp_per_floor":[64,64,64,58,58,38,59,59,59,42,63,63,55,55,55,29,70,40,25,25,25],"items_purged":[],"gold":94,"score":184,"play_id":"1e614032-409d-49b0-bcd2-de3399215828","is_prod":false,"is_daily":false,"is_ascension_mode":false,"campfire_upgraded":0,"path_taken":["M","?","$","M","?","E","R","?","T","M","R","$","M","?","R","BOSS","M","?","?","?","M"],"build_version":"2018-02-15-PROD1","purchased_purges":0,"victory":false,"master_deck":["Defend_G","Defend_G","Defend_G","Defend_G","Defend_G","Strike_G","Strike_G","Strike_G","Strike_G","Strike_G","Survivor","Neutralize","Deadly Poison","PiercingWail","Deadly Poison","Outmaneuver","Acrobatics","Outmaneuver","Prepared","Catalyst","Envenom","Poisoned Stab","Sucker Punch"],"max_hp_per_floor":[70,70,70,70,70,70,70,70,70,70,70,70,70,70,70,70,70,70,70,70,70],"relics":["Ring of the Snake","Peace Pipe","Meat on the Bone","Golden Idol","Matryoshka","Paper Crane","Tiny Chest","Happy Flower","Sozu","Molten Egg 2","Dead Branch"],"card_choices":[{"not_picked":["Prepared","Grand Finale"],"picked":"Deadly Poison"},{"not_picked":["Acrobatics","Deflect"],"picked":"PiercingWail"},{"not_picked":["Storm of Steel","Masterful Stab"],"picked":"Deadly Poison"},{"not_picked":["Acrobatics","Dagger Throw"],"picked":"Outmaneuver"},{"not_picked":["Cloak And Dagger","Finisher"],"picked":"Acrobatics"},{"not_picked":["Cloak And Dagger","Underhanded Strike"],"picked":"Outmaneuver"},{"not_picked":["Glass Knife","Tactician"],"picked":"Envenom"},{"not_picked":["Dodge and Roll","PiercingWail"],"picked":"Poisoned Stab"},{"not_picked":["Endless Agony","Quick Slash"],"picked":"Sucker Punch"}],"player_experience":118617,"potions_floor_usage":[10,16],"damage_taken":[{"damage":6,"enemies":"Jaw Worm","floor":1,"turns":4},{"damage":6,"enemies":"Cultist","floor":4,"turns":4},{"damage":32,"enemies":"3 Sentries","floor":6,"turns":14},{"damage":0,"enemies":"2 Louse","floor":8,"turns":3},{"damage":29,"enemies":"Exordium Wildlife","floor":10,"turns":5},{"damage":8,"enemies":"Looter","floor":13,"turns":4},{"damage":38,"enemies":"The Guardian","floor":16,"turns":12},{"damage":30,"enemies":"2 Thieves","floor":18,"turns":4},{"damage":27,"enemies":"Shell Parasite","floor":19,"turns":6},{"damage":29,"enemies":"Snecko","floor":22,"turns":4}],"event_choices":[{"event_name":"Golden Shrine","player_choice":"Desecrate","floor":2,"damage_taken":0},{"event_name":"Golden Idol","player_choice":"Take Wound","floor":5,"damage_taken":0},{"event_name":"Match and Keep!","player_choice":"2 cards matched","floor":14,"damage_taken":0},{"event_name":"Beggar","player_choice":"Gave Gold","floor":20,"damage_taken":0}],"boss_relics":[{"not_picked":["Black Star","Snecko Eye"],"picked":"Sozu"}],"potions_floor_spawned":[4,10,18],"seed_played":"-2645441899227082662","killed_by":"Snecko","ascension_level":0,"is_trial":false}