{"path_per_floor":["M","?","$","M","M","R","M","?","T","R","$","M","M","M","R","B",null,"M","?","T","M","M","R","M","?","T","R","M","?","M","$","R"],"character_chosen":"THE_SILENT","items_purchased":["Crippling Poison","Slice","Lantern","Anchor","PiercingWail","Molten Egg 2"],"gold_per_floor":[115,115,18,30,41,41,58,308,331,331,18,31,50,70,70,171,171,185,185,185,202,216,216,227,227,251,251,265,265,276,28,28],"floor_reached":33,"campfire_rested":4,"playtime":1396,"current_hp_per_floor":[70,56,56,53,49,70,70,70,70,70,70,70,70,70,70,39,70,59,59,73,48,9,34,42,26,26,51,39,39,17,17,42],"items_purged":[],"gold":28,"score":267,"play_id":"d0dbaba8-0c07-4c05-8b73-e3edf6831c0f","is_prod":false,"is_daily":false,"is_ascension_mode":false,"campfire_upgraded":2,"path_taken":["M","?","?","M","M","R","M","?","T","R","$","M","M","M","R","BOSS","M","?","?","?","M","R","M","?","T","R","M","?","M","$","R","BOSS"],"build_version":"2018-02-15-PROD1","purchased_purges":0,"victory":false,"master_deck":["Survivor","Neutralize","Flying Knee+1","Deflect","Backflip","Malaise","Escape Plan+1","Finisher","Dagger Spray","Flying Knee","Crippling Poison","Deadly Poison","Bane","Crippling Poison+1","Slice","Poisoned Stab","Venomology","Cloak And Dagger","PiercingWail","Dash+1","Setup","Dagger Spray","Venomology","Crippling Poison","Decay","Dagger Spray","Blur","Sucker Punch+1","Necronomicurse","Dagger Spray+1","Bouncing Flask"],"max_hp_per_floor":[70,70,70,70,70,70,70,70,70,70,70,70,70,70,70,70,70,70,70,84,84,84,84,84,84,84,84,84,84,84,84,84],"relics":["Pandora\u0027s Box","Happy Flower","Lantern","Anchor","Lizard Tail","Mango","Necronomicon","Art of War","Molten Egg 2"],"card_choices":[{"not_picked":["Dodge and Roll","Prepared"],"picked":"Bane"},{"not_picked":["Dagger Spray","Flying Knee"],"picked":"Poisoned Stab"},{"not_picked":["Dagger Throw","Underhanded Strike"],"picked":"Venomology"},{"not_picked":["Acrobatics","Dagger Throw"],"picked":"Cloak And Dagger"},{"not_picked":["Well Laid Plans","Quick Slash"],"picked":"Dash"},{"not_picked":["Slice","Prepared"],"picked":"Setup"},{"not_picked":["Malaise","Flying Knee"],"picked":"Dagger Spray"},{"not_picked":["Night Terror","Burst"],"picked":"Venomology"},{"not_picked":["Skewer","Dash"],"picked":"Crippling Poison"},{"not_picked":["Cloak And Dagger","Skewer"],"picked":"Dagger Spray"},{"not_picked":["Bane","Quick Slash"],"picked":"Blur"},{"not_picked":["Expertise","Cloak And Dagger"],"picked":"Sucker Punch"},{"not_picked":["Dodge and Roll","Flechettes"],"picked":"Dagger Spray"},{"not_picked":["Deadly Poison","Calculated Gamble"],"picked":"Bouncing Flask"}],"player_experience":122373,"potions_floor_usage":[7,7,12,13,14,16,16,18,18,18,21,21,21,22,22,22,24,24,28,28,30,33],"damage_taken":[{"damage":0,"enemies":"Small Slimes","floor":1,"turns":3},{"damage":3,"enemies":"Jaw Worm","floor":4,"turns":3},{"damage":4,"enemies":"Cultist","floor":5,"turns":3},{"damage":0,"enemies":"2 Fungi Beasts","floor":7,"turns":2},{"damage":2,"enemies":"Red Slaver","floor":12,"turns":3},{"damage":0,"enemies":"Looter","floor":13,"turns":3},{"damage":0,"enemies":"Exordium Thugs","floor":14,"turns":4},{"damage":46,"enemies":"The Guardian","floor":16,"turns":8},{"damage":25,"enemies":"3 Byrds","floor":18,"turns":6},{"damage":25,"enemies":"Shell Parasite","floor":21,"turns":7},{"damage":39,"enemies":"Cultist and Chosen","floor":22,"turns":8},{"damage":34,"enemies":"Slaver and Parasite","floor":24,"turns":11},{"damage":12,"enemies":"Centurion and Healer","floor":28,"turns":7},{"damage":22,"enemies":"Sentry and Sphere","floor":30,"turns":4},{"damage":49,"enemies":"Automaton","floor":33,"turns":10}],"event_choices":[{"event_name":"Shining Light","player_choice":"Entered Light","floor":2,"damage_taken":0},{"event_name":"Golden Shrine","player_choice":"Desecrate","floor":8,"damage_taken":0},{"event_name":"Forgotten Altar","player_choice":"Smashed Altar","floor":19,"damage_taken":0},{"event_name":"Cursed Tome","player_choice":"Obtained Book","floor":25,"damage_taken":0},{"event_name":"Back to Basics","player_choice":"Elegance","floor":29,"damage_taken":0}],"boss_relics":[{"not_picked":["Eternal Feather","Cursed Key"],"picked":"Lizard Tail"}],"potions_floor_spawned":[4,5,14,16,18,21],"seed_played":"42438971895113460","killed_by":"Automaton","ascension_level":0,"is_trial":false}