{"path_per_floor":["M","M","?","M","?","R","$","M","T","?","M","M","M","M","R","B",null,"M","?","$","?","?","R","M","R","T","M","R","M","$","M","R"],"character_chosen":"THE_SILENT","items_purchased":["Deadly Poison","Tiny Chest","Escape Plan","Backflip","Leg Sweep","Dash"],"gold_per_floor":[113,127,127,139,139,139,85,106,153,153,177,196,217,232,232,358,358,381,306,54,54,54,54,75,75,75,99,99,117,6,22,22],"floor_reached":33,"campfire_rested":4,"playtime":1174,"current_hp_per_floor":[65,65,51,51,51,51,51,43,43,60,42,36,26,12,33,11,70,51,51,51,35,57,57,40,60,60,46,66,12,12,26,46],"items_purged":[],"gold":22,"score":241,"play_id":"e241b450-2468-4724-bcec-a2d3e982aa0d","is_prod":false,"is_daily":false,"is_ascension_mode":false,"campfire_upgraded":2,"path_taken":["M","?","?","?","?","R","$","M","T","?","M","M","?","M","R","BOSS","M","?","?","?","?","R","M","R","T","M","R","M","$","?","R","BOSS"],"build_version":"2018-02-15-PROD1","purchased_purges":0,"victory":false,"master_deck":["Defend_G","Defend_G","Defend_G","Defend_G","Defend_G","Strike_G","Strike_G","Strike_G","Strike_G","Strike_G+1","Survivor","Neutralize+1","Prepared","Poisoned Stab+1","Acrobatics","Injury","Deadly Poison","Crippling Poison+1","PiercingWail","Footwork","Poisoned Stab","Doppelganger","Tactician","Distraction","Escape Plan","Backflip","Necronomicurse","Footwork","Setup","Catalyst","Leg Sweep","Dash"],"max_hp_per_floor":[70,70,70,70,70,70,70,70,70,70,70,70,70,70,70,70,70,70,67,67,67,67,67,67,67,67,67,67,67,67,67,67],"relics":["The Specimen","Golden Idol","Oddly Smooth Stone","Lizard Tail","Tiny Chest","Necronomicon","Lantern"],"card_choices":[{"not_picked":["Deflect","Slice"],"picked":"Prepared"},{"not_picked":["Acrobatics","Expertise"],"picked":"Poisoned Stab"},{"not_picked":["Finisher","Underhanded Strike"],"picked":"Acrobatics"},{"not_picked":["PiercingWail","Sucker Punch"],"picked":"Crippling Poison"},{"not_picked":["Prepared","Calculated Gamble"],"picked":"PiercingWail"},{"not_picked":["Flying Knee","Deflect"],"picked":"Footwork"},{"not_picked":["Setup","Infinite Blades"],"picked":"Poisoned Stab"},{"not_picked":["Deflect","Escape Plan"],"picked":"Doppelganger"},{"not_picked":["Phantasmal Killer","Unload"],"picked":"Tactician"},{"not_picked":["Underhanded Strike","Deflect"],"picked":"Distraction"},{"not_picked":["Riddle With Holes","Quick Slash"],"picked":"Footwork"},{"not_picked":["Dagger Spray","Caltrops"],"picked":"Setup"},{"not_picked":["Endless Agony","Dagger Spray"],"picked":"Catalyst"}],"player_experience":127205,"potions_floor_usage":[4,11,16,18,24,33],"damage_taken":[{"damage":5,"enemies":"Cultist","floor":1,"turns":5},{"damage":0,"enemies":"2 Louse","floor":2,"turns":2},{"damage":0,"enemies":"Small Slimes","floor":4,"turns":1},{"damage":8,"enemies":"2 Fungi Beasts","floor":8,"turns":4},{"damage":33,"enemies":"Gremlin Gang","floor":11,"turns":6},{"damage":6,"enemies":"Large Slime","floor":12,"turns":6},{"damage":10,"enemies":"Looter","floor":13,"turns":3},{"damage":14,"enemies":"Exordium Thugs","floor":14,"turns":5},{"damage":22,"enemies":"Hexaghost","floor":16,"turns":11},{"damage":19,"enemies":"Spheric Guardian","floor":18,"turns":6},{"damage":17,"enemies":"Shell Parasite","floor":24,"turns":7},{"damage":14,"enemies":"Snake Plant","floor":27,"turns":5},{"damage":54,"enemies":"Cultist and Chosen","floor":29,"turns":11},{"damage":20,"enemies":"Sentry and Sphere","floor":31,"turns":7},{"damage":67,"enemies":"Automaton","floor":33,"turns":6}],"event_choices":[{"event_name":"Shining Light","player_choice":"Entered Light","floor":3,"damage_taken":0},{"event_name":"Golden Idol","player_choice":"Take Wound","floor":5,"damage_taken":0},{"event_name":"Mushrooms","player_choice":"Healed and dodged fight","floor":10,"damage_taken":0},{"event_name":"Beggar","player_choice":"Gave Gold","floor":19,"damage_taken":0},{"event_name":"Cursed Tome","player_choice":"Obtained Book","floor":21,"damage_taken":0},{"event_name":"The Library","player_choice":"Heal","floor":22,"damage_taken":0}],"boss_relics":[{"not_picked":["Ectoplasm","Black Star"],"picked":"Lizard Tail"}],"potions_floor_spawned":[2,8,14,16,18,29],"seed_played":"-9114864620774098492","killed_by":"Automaton","ascension_level":0,"is_trial":false}