{"path_per_floor":["M","?","?","?","?","E","R","M","T","M","M","M","M","E","R"],"character_chosen":"THE_SILENT","items_purchased":[],"gold_per_floor":[112,112,112,112,112,141,141,161,161,178,197,209,220,245,245],"floor_reached":16,"campfire_rested":2,"playtime":618,"current_hp_per_floor":[70,56,56,56,56,56,70,70,70,62,62,64,62,44,65],"items_purged":[],"gold":245,"score":137,"play_id":"b1a8ac72-1364-45cc-bfe8-5b6b953f3363","local_time":"20180303194433","is_prod":false,"is_daily":false,"is_ascension_mode":false,"campfire_upgraded":0,"timestamp":1520124273,"path_taken":["M","?","?","?","?","E","R","M","T","M","?","M","?","E","R","BOSS"],"build_version":"2018-03-01-PROD1","purchased_purges":0,"victory":false,"master_deck":["Defend_G+1","Defend_G","Defend_G","Defend_G","Defend_G","Strike_G","Strike_G","Strike_G","Strike_G","Strike_G","Survivor","Neutralize+1","Catalyst","Predator","Dash","Burst","Backflip","Deflect","Outmaneuver","Storm of Steel"],"max_hp_per_floor":[70,70,70,70,70,70,70,70,70,70,70,70,70,70,70],"relics":["Ring of the Snake","NeowsBlessing","Snake Skull","Letter Opener","Meat on the Bone","Kunai"],"card_choices":[{"not_picked":["Backflip","Eviscerate"],"picked":"Catalyst"},{"not_picked":["Flying Knee","Dagger Throw"],"picked":"Predator"},{"not_picked":["Deflect","Heel Hook"],"picked":"Dash"},{"not_picked":["Calculated Gamble","Underhanded Strike"],"picked":"Burst"},{"not_picked":["Sucker Punch","Bane"],"picked":"Backflip"},{"not_picked":["Poisoned Stab","Slice"],"picked":"Deflect"},{"not_picked":["Backflip","Footwork"],"picked":"Outmaneuver"},{"not_picked":["Finisher","Dash"],"picked":"Storm of Steel"}],"player_experience":139084,"potions_floor_usage":[12,12],"damage_taken":[{"damage":0,"enemies":"Cultist","floor":1,"turns":1},{"damage":0,"enemies":"Gremlin Nob","floor":6,"turns":1},{"damage":0,"enemies":"Small Slimes","floor":8,"turns":1},{"damage":8,"enemies":"2 Louse","floor":10,"turns":2},{"damage":0,"enemies":"Blue Slaver","floor":11,"turns":4},{"damage":13,"enemies":"Exordium Thugs","floor":12,"turns":8},{"damage":2,"enemies":"Lots of Slimes","floor":13,"turns":4},{"damage":30,"enemies":"3 Sentries","floor":14,"turns":7},{"damage":68,"enemies":"Hexaghost","floor":16,"turns":16}],"event_choices":[{"event_name":"Shining Light","player_choice":"Entered Light","floor":2,"damage_taken":0},{"event_name":"Big Fish","player_choice":"Box","floor":3,"damage_taken":0},{"event_name":"Purifier","player_choice":"One Purge","floor":4,"damage_taken":0},{"event_name":"Golden Wing","player_choice":"Ignored","floor":5,"damage_taken":0}],"boss_relics":[],"potions_floor_spawned":[8,10],"seed_played":"6657458615747667542","killed_by":"Hexaghost","ascension_level":0,"is_trial":false}