{"path_per_floor":["M","?","T","?","M","?","R","E","T","$","M","E","R","M","R","B",null,"M","M","M","?","M","R","M","R","T","?","R","$","M","M","R","B",null,"M","$","?","?","?","?","E","$","T","?","$","M","M","M","R","B"],"character_chosen":"IRONCLAD","items_purchased":["Panache","Flame Barrier","Flex","Metallicize","Finesse"],"gold_per_floor":[115,65,65,65,85,85,85,118,118,43,61,387,387,399,399,499,499,511,531,543,543,561,561,578,578,578,578,578,167,179,189,189,288,288,307,17,17,17,17,0,35,35,35,35,35,48,67,86,86,86],"floor_reached":51,"campfire_rested":2,"playtime":3136,"current_hp_per_floor":[78,78,78,71,77,70,70,42,42,42,52,25,25,29,29,25,80,80,80,59,59,43,43,43,43,43,28,28,28,26,32,57,49,85,83,83,73,73,73,73,58,58,58,58,58,64,54,33,58,45],"items_purged":["Strike_R","Strike_R","Defend_R"],"gold":86,"play_id":"31bd55b4-f008-4aa1-99f4-8aa49019f37d","is_prod":false,"is_daily":false,"is_ascension_mode":false,"campfire_upgraded":3,"path_taken":["M","?","?","?","M","?","R","E","T","?","M","E","R","?","R","BOSS","M","M","?","?","M","R","M","R","T","?","R","$","M","M","R","BOSS","M","$","?","?","?","?","E","$","T","?","?","M","M","M","R","BOSS"],"build_version":"2018-01-25-PROD3","purchased_purges":3,"victory":true,"master_deck":["Strike_R","Strike_R","Defend_R","Bash","Body Slam+1","Thunderclap","Shrug It Off","Power Through","Battle Trance","Heavy Blade","Intimidate","Impervious+1","Evolve+1","Rampage+1","Good Instincts","Pommel Strike+1","Shockwave","Panache","Flame Barrier","Flex","Body Slam+1","Barricade","Seeing Red+1","Metallicize+1","Finesse","Madness","Madness"],"max_hp_per_floor":[80,80,80,80,80,80,80,80,80,80,80,80,80,80,80,80,80,80,80,80,80,80,80,80,80,80,85,85,85,85,85,85,85,85,85,85,85,85,85,85,85,85,85,85,85,85,85,85,85,85],"relics":["Burning Blood","Frozen Eye","Toolbox","Self Forming Clay","Girya","Old Coin","Sozu","Pen Nib","Mark of Pain","Red Mask","Matryoshka","Bag of Preparation","Red Skull"],"card_choices":[{"not_picked":["Twin Strike","Disarm"],"picked":"Body Slam"},{"not_picked":["Pommel Strike","Pummel"],"picked":"Thunderclap"},{"not_picked":["Disarm","Sentinel"],"picked":"Shrug It Off"},{"not_picked":["Perfected Strike","Headbutt"],"picked":"Power Through"},{"not_picked":["Shockwave","Rupture"],"picked":"Battle Trance"},{"not_picked":["Perfected Strike","Corruption"],"picked":"Heavy Blade"},{"not_picked":["Shrug It Off","Cleave"],"picked":"Intimidate"},{"not_picked":["Brutality","Dark Embrace"],"picked":"Impervious"},{"not_picked":["Clash","Second Wind"],"picked":"Evolve"},{"not_picked":["Dropkick","Sword Boomerang"],"picked":"Rampage"},{"not_picked":["Dual Wield","Inflame"],"picked":"Pommel Strike"},{"not_picked":["Perfected Strike","Sword Boomerang"],"picked":"Shockwave"},{"not_picked":["Cleave","Sword Boomerang"],"picked":"Body Slam"},{"not_picked":["Juggernaut","Berserk"],"picked":"Barricade"},{"not_picked":["Flex","Infernal Blade"],"picked":"Seeing Red"}],"player_experience":51813,"potions_floor_usage":[16],"damage_taken":[{"damage":8,"enemies":"Jaw Worm","floor":1,"turns":4},{"damage":0,"enemies":"Small Slimes","floor":5,"turns":2},{"damage":34,"enemies":"Lagavulin","floor":8,"turns":8},{"damage":0,"enemies":"Cultist","floor":11,"turns":3},{"damage":33,"enemies":"Gremlin Nob","floor":12,"turns":6},{"damage":2,"enemies":"Looter","floor":14,"turns":3},{"damage":10,"enemies":"The Guardian","floor":16,"turns":9},{"damage":0,"enemies":"3 Byrds","floor":18,"turns":4},{"damage":0,"enemies":"Chosen","floor":19,"turns":4},{"damage":31,"enemies":"Sentry and Sphere","floor":20,"turns":6},{"damage":22,"enemies":"Centurion and Healer","floor":22,"turns":10},{"damage":6,"enemies":"Snake Plant","floor":24,"turns":4},{"damage":8,"enemies":"Slaver and Parasite","floor":30,"turns":5},{"damage":0,"enemies":"Snecko","floor":31,"turns":4},{"damage":14,"enemies":"Automaton","floor":33,"turns":8},{"damage":8,"enemies":"3 Shapes","floor":35,"turns":6},{"damage":21,"enemies":"2 Orb Walkers","floor":41,"turns":5},{"damage":0,"enemies":"3 Darklings","floor":46,"turns":3},{"damage":20,"enemies":"Sphere and 2 Shapes","floor":47,"turns":4},{"damage":27,"enemies":"4 Shapes","floor":48,"turns":4},{"damage":19,"enemies":"Donu and Deca","floor":50,"turns":6}],"event_choices":[{"event_name":"The Cleric","player_choice":"Card Removal","floor":2,"damage_taken":0},{"event_name":"Scrap Ooze","player_choice":"success","floor":4,"damage_taken":7},{"event_name":"Golden Wing","player_choice":"Card Removal","floor":6,"damage_taken":0},{"event_name":"Match and Keep!","player_choice":"1 cards matched","floor":21,"damage_taken":0},{"event_name":"Forgotten Altar","player_choice":"Shed Blood","floor":27,"damage_taken":0},{"event_name":"Winding Halls","player_choice":"Embrace Madness","floor":37,"damage_taken":0},{"event_name":"Upgrade Shrine","player_choice":"Upgraded","floor":38,"damage_taken":0},{"event_name":"Mysterious Sphere","player_choice":"Ignore","floor":39,"damage_taken":0},{"event_name":"Tomb of Lord Red Mask","player_choice":"Paid","floor":40,"damage_taken":0}],"boss_relics":[{"not_picked":["Cursed Key","Calling Bell"],"picked":"Sozu"},{"not_picked":["Snecko Eye","Eternal Feather"],"picked":"Mark of Pain"}],"potions_floor_spawned":[8,12,16,18,22,30,31,35,41,47],"seed_played":"5278555291362352509","ascension_level":0,"is_trial":false}