{"path_per_floor":["M","M","M","M","M","M","R","?","T","M","R","M","?","M","R"],"character_chosen":"IRONCLAD","items_purchased":[],"gold_per_floor":[110,129,147,166,178,194,194,194,194,210,210,221,221,238,238],"floor_reached":16,"campfire_rested":1,"playtime":1113,"current_hp_per_floor":[76,80,80,59,63,55,55,55,55,58,58,42,26,25,49],"items_purged":[],"gold":238,"play_id":"36edff38-df9f-4a74-9852-ff56e4652c74","is_prod":false,"is_daily":false,"campfire_rituals":0,"campfire_upgraded":2,"is_hardmode":false,"path_taken":["M","?","M","?","M","M","R","?","T","M","R","M","?","M","R","BOSS"],"build_version":"2018-01-18-PROD4","purchased_purges":0,"victory":false,"master_deck":["Strike_R","Strike_R","Strike_R","Strike_R","Strike_R","Defend_R","Defend_R","Defend_R","Defend_R","Bash","Infernal Blade","Searing Blow","Headbutt","Warcry","Flame Barrier","Flame Barrier","Body Slam","True Grit"],"max_hp_per_floor":[80,80,80,80,80,80,80,80,80,80,80,80,80,80,80],"relics":["Burning Blood","Red Skull"],"campfire_meditates":0,"card_choices":[{"not_picked":["Pommel Strike","Sword Boomerang"],"picked":"Infernal Blade"},{"not_picked":["Iron Wave","Sword Boomerang"],"picked":"Searing Blow"},{"not_picked":["Armaments","Spot Weakness"],"picked":"Headbutt"},{"not_picked":["Thunderclap","Flex"],"picked":"Warcry"},{"not_picked":["Hemokinesis","Dropkick"],"picked":"Flame Barrier"},{"not_picked":["Iron Wave","Metallicize"],"picked":"Flame Barrier"},{"not_picked":["Dual Wield","Uppercut"],"picked":"Body Slam"},{"not_picked":["Clothesline","Body Slam"],"picked":"True Grit"}],"player_experience":33070,"potions_floor_usage":[12,16],"damage_taken":[{"damage":10,"enemies":"Blue Slaver","floor":1,"turns":6},{"damage":0,"enemies":"Small Slimes","floor":2,"turns":3},{"damage":6,"enemies":"Jaw Worm","floor":3,"turns":3},{"damage":27,"enemies":"Exordium Thugs","floor":4,"turns":4},{"damage":2,"enemies":"Large Slime","floor":5,"turns":6},{"damage":14,"enemies":"3 Louse","floor":6,"turns":4},{"damage":3,"enemies":"Red Slaver","floor":10,"turns":6},{"damage":22,"enemies":"Exordium Thugs","floor":12,"turns":6},{"damage":7,"enemies":"2 Fungi Beasts","floor":14,"turns":4},{"damage":49,"enemies":"Slime Boss","floor":16,"turns":13}],"event_choices":[{"event_name":"The Woman in Blue","player_choice":"Bought 0 Potions","floor":8,"damage_taken":0},{"event_name":"Shining Light","player_choice":"Entered Light","floor":13,"damage_taken":0}],"boss_relics":[],"potions_floor_spawned":[4,6],"seed_played":"-3664831976811952414","killed_by":"Slime Boss","is_trial":false}