{"path_per_floor":["M","?","?","M","$","R","M","E","T","M","R","M","?","$","R","B",null,"M","$","?","M","M","R","$","M","T"],"character_chosen":"IRONCLAD","items_purchased":["Offering"],"gold_per_floor":[109,109,109,121,46,46,56,89,115,128,128,148,148,148,148,247,247,267,167,167,153,171,171,30,42,65],"floor_reached":27,"campfire_rested":0,"playtime":2188,"current_hp_per_floor":[83,71,71,80,80,80,86,60,60,56,56,62,62,62,62,19,98,88,88,88,82,61,61,61,42,42],"items_purged":["Defend_R","Strike_R"],"gold":65,"play_id":"feeacdea-b647-4a27-94a7-ba5f09b7c17c","is_prod":false,"is_daily":false,"campfire_rituals":0,"campfire_upgraded":4,"is_hardmode":false,"path_taken":["M","?","?","M","$","R","M","E","T","M","R","M","?","$","R","BOSS","M","$","?","?","M","R","$","M","T","?"],"build_version":"2018-01-18-PROD4","purchased_purges":2,"victory":false,"master_deck":["Strike_R","Strike_R","Strike_R","Defend_R","Defend_R","Defend_R","Bash","Feed","Flame Barrier","Intimidate","Evolve","Dropkick","Pommel Strike","Reaper","Wild Strike","Battle Trance","Headbutt","Armaments","Offering","Thunderclap"],"max_hp_per_floor":[83,83,83,86,86,86,90,94,94,94,94,94,94,94,94,98,98,102,102,102,106,106,106,106,110,110],"relics":["Burning Blood","Toolbox","Dream Catcher","Molten Egg","Orrery","Whetstone"],"campfire_meditates":0,"card_choices":[{"not_picked":["Second Wind","Twin Strike"],"picked":"Flame Barrier"},{"not_picked":["Dual Wield","Blood for Blood"],"picked":"Intimidate"},{"not_picked":["Dual Wield","Perfected Strike"],"picked":"Evolve"},{"not_picked":["Armaments","Clash"],"picked":"Dropkick"},{"not_picked":["Searing Blow","Armaments"],"picked":"Pommel Strike"},{"not_picked":["Immolate","Demon Form"],"picked":"Reaper"},{"not_picked":["Perfected Strike","Iron Wave"],"picked":"Wild Strike"},{"not_picked":["Sword Boomerang","Warcry"],"picked":"Battle Trance"},{"not_picked":["Bloodletting","Inflame"],"picked":"Headbutt"},{"not_picked":["Combust","Iron Wave"],"picked":"Armaments"},{"not_picked":["Clash","Pummel"],"picked":"Thunderclap"}],"player_experience":38902,"potions_floor_usage":[8,8,22,22,27],"damage_taken":[{"damage":4,"enemies":"Jaw Worm","floor":1,"turns":6},{"damage":0,"enemies":"Small Slimes","floor":4,"turns":5},{"damage":4,"enemies":"Blue Slaver","floor":7,"turns":3},{"damage":51,"enemies":"Lagavulin","floor":8,"turns":12},{"damage":10,"enemies":"2 Fungi Beasts","floor":10,"turns":4},{"damage":0,"enemies":"Large Slime","floor":12,"turns":3},{"damage":53,"enemies":"Slime Boss","floor":16,"turns":15},{"damage":20,"enemies":"Chosen","floor":18,"turns":6},{"damage":24,"enemies":"2 Thieves","floor":21,"turns":4},{"damage":27,"enemies":"Slaver and Parasite","floor":22,"turns":9},{"damage":44,"enemies":"3 Cultists","floor":25,"turns":7},{"damage":51,"enemies":"Chosen and Byrds","floor":27,"turns":8}],"event_choices":[{"event_name":"Scrap Ooze","player_choice":"success","floor":2,"damage_taken":12},{"event_name":"Living Wall","player_choice":"Grow","floor":3,"damage_taken":0},{"event_name":"Upgrade Shrine","player_choice":"Upgraded","floor":13,"damage_taken":0},{"event_name":"Back to Basics","player_choice":"Elegance","floor":20,"damage_taken":0}],"boss_relics":[{"not_picked":["Lizard Tail","Eternal Feather"],"picked":"Orrery"}],"potions_floor_spawned":[1,7,8,12,21,25],"seed_played":"1455681427714697099","killed_by":"Chosen and Byrds","is_trial":false}