{"path_per_floor":["M","?","?","$","M","R","M","E","T","M","R","?","$","?","R","B",null,"M","?","$","?","M","E","$","M","T"],"character_chosen":"IRONCLAD","items_purchased":["Finesse","Shrug It Off","Sadistic Nature"],"gold_per_floor":[112,112,112,24,41,41,59,91,141,157,157,178,133,133,133,230,230,240,240,30,30,43,75,0,11,35],"floor_reached":27,"campfire_rested":0,"playtime":1487,"current_hp_per_floor":[72,56,49,49,55,55,61,40,40,43,43,36,36,36,36,42,80,80,80,80,80,64,29,29,33,33],"items_purged":["Strike_R"],"gold":35,"play_id":"8bbdaf51-e459-4227-83b3-8e4fe7862694","is_prod":false,"is_daily":false,"campfire_rituals":0,"campfire_upgraded":3,"is_hardmode":false,"path_taken":["M","?","?","$","?","R","M","E","T","M","R","?","$","?","R","BOSS","M","?","$","?","M","E","$","M","T","?"],"build_version":"2018-01-18-PROD4","purchased_purges":1,"victory":false,"master_deck":["Strike_R","Strike_R","Strike_R","Defend_R","Defend_R","Defend_R","Bash","Thunderclap","Seeing Red","Finesse","Cleave","Armaments","Perfected Strike","Shrug It Off","Impervious","Double Tap","Clothesline","Seeing Red","Sadistic Nature","Battle Trance","Double Tap","Infernal Blade"],"max_hp_per_floor":[80,80,80,80,80,80,80,80,80,80,80,80,80,80,80,80,80,80,80,80,80,80,90,90,90,90],"relics":["Burning Blood","Vajra","Odd Mushroom","Black Star","Nloth\u0027s Gift","Kunai","Pear","Anchor"],"campfire_meditates":0,"card_choices":[{"not_picked":["Blood for Blood","Iron Wave"],"picked":"Thunderclap"},{"not_picked":["Thunderclap","Dual Wield"],"picked":"Seeing Red"},{"not_picked":["Uppercut","Shrug It Off"],"picked":"Cleave"},{"not_picked":["Clash","Anger"],"picked":"Armaments"},{"not_picked":["Anger","Whirlwind"],"picked":"Perfected Strike"},{"not_picked":["Dark Embrace","Impervious"],"picked":"Double Tap"},{"not_picked":["Anger","Armaments"],"picked":"Clothesline"},{"not_picked":["Corruption","True Grit"],"picked":"Battle Trance"},{"not_picked":["Demon Form","Dark Embrace"],"picked":"Double Tap"},{"not_picked":["Flex","Pommel Strike"],"picked":"Infernal Blade"}],"player_experience":19018,"potions_floor_usage":[16,16,18,27],"damage_taken":[{"damage":14,"enemies":"Small Slimes","floor":1,"turns":4},{"damage":0,"enemies":"Cultist","floor":5,"turns":2},{"damage":0,"enemies":"2 Louse","floor":7,"turns":2},{"damage":27,"enemies":"Gremlin Nob","floor":8,"turns":4},{"damage":3,"enemies":"Looter","floor":10,"turns":3},{"damage":13,"enemies":"The Mushroom Lair","floor":12,"turns":3},{"damage":0,"enemies":"Slime Boss","floor":16,"turns":8},{"damage":0,"enemies":"Chosen","floor":18,"turns":6},{"damage":22,"enemies":"Spheric Guardian","floor":22,"turns":4},{"damage":51,"enemies":"Slavers","floor":23,"turns":6},{"damage":2,"enemies":"Centurion and Healer","floor":25,"turns":7},{"damage":47,"enemies":"Chosen and Byrds","floor":27,"turns":6}],"event_choices":[{"event_name":"Shining Light","player_choice":"Entered Light","floor":2,"damage_taken":0},{"event_name":"Golden Wing","player_choice":"Card Removal","floor":3,"damage_taken":0},{"event_name":"Mushrooms","player_choice":"Fought Mushrooms","floor":12,"damage_taken":0},{"event_name":"Living Wall","player_choice":"Change","floor":14,"damage_taken":0},{"event_name":"Duplicator","player_choice":"One dupe","floor":19,"damage_taken":0},{"event_name":"N\u0027loth","player_choice":"Traded a Regal Pillow","floor":21,"damage_taken":0}],"boss_relics":[{"not_picked":["Question Card","Cursed Key"],"picked":"Black Star"}],"potions_floor_spawned":[5,10,16,23],"seed_played":"-8846816908951622096","killed_by":"Chosen and Byrds","is_trial":false}