{"path_per_floor":["M","M","?","?","M","R","M","M","T","M","R","M","M","?","R","B",null,"M","?","?","?"],"character_chosen":"IRONCLAD","items_purchased":[],"gold_per_floor":[116,136,136,136,154,154,164,184,207,219,219,233,249,249,249,345,345,365,280,280,280],"floor_reached":22,"campfire_rested":0,"playtime":1005,"current_hp_per_floor":[80,80,80,80,80,80,80,69,69,69,69,75,71,71,71,55,80,34,34,34,34],"items_purged":[],"gold":280,"play_id":"9ad7ffd2-643b-4dd9-853d-c5d3449189b5","is_prod":false,"is_daily":false,"campfire_rituals":0,"campfire_upgraded":3,"is_hardmode":false,"path_taken":["M","M","?","?","M","R","?","M","T","M","R","M","M","?","R","BOSS","M","?","?","?","M"],"build_version":"2018-01-18-PROD4","purchased_purges":0,"victory":false,"master_deck":["Strike_R","Strike_R","Strike_R","Strike_R","Strike_R","Defend_R","Defend_R","Defend_R","Bash","Sever Soul","Thunderclap","Burning Pact","Thunderclap","Battle Trance","Clothesline","Reaper","Cleave","Brutality","Spot Weakness","Headbutt","Reaper"],"max_hp_per_floor":[80,80,80,80,80,80,80,80,80,80,80,80,80,80,80,80,80,80,80,80,80],"relics":["Burning Blood","NeowsBlessing","Ancient Tea Set","Kunai","Orrery","Blood Vial"],"campfire_meditates":0,"card_choices":[{"not_picked":["Intimidate","Armaments"],"picked":"Sever Soul"},{"not_picked":["Sword Boomerang","Anger"],"picked":"Thunderclap"},{"not_picked":["Second Wind","Pommel Strike"],"picked":"Thunderclap"},{"not_picked":["Feel No Pain","Sever Soul"],"picked":"Battle Trance"},{"not_picked":["Corruption","Whirlwind"],"picked":"Inflame"},{"not_picked":["Armaments","Anger"],"picked":"Clothesline"},{"not_picked":["Juggernaut","Limit Break"],"picked":"Reaper"},{"not_picked":["Whirlwind","Warcry"],"picked":"Cleave"},{"not_picked":["Clash","Shrug It Off"],"picked":"Brutality"},{"not_picked":["Inflame","Body Slam"],"picked":"Spot Weakness"},{"not_picked":["Twin Strike","Body Slam"],"picked":"Headbutt"}],"player_experience":21225,"potions_floor_usage":[10,16],"damage_taken":[{"damage":0,"enemies":"Jaw Worm","floor":1,"turns":1},{"damage":0,"enemies":"2 Louse","floor":2,"turns":1},{"damage":0,"enemies":"Cultist","floor":5,"turns":1},{"damage":6,"enemies":"2 Fungi Beasts","floor":7,"turns":2},{"damage":17,"enemies":"3 Louse","floor":8,"turns":3},{"damage":6,"enemies":"Gremlin Gang","floor":10,"turns":3},{"damage":0,"enemies":"Exordium Wildlife","floor":12,"turns":2},{"damage":10,"enemies":"3 Louse","floor":13,"turns":2},{"damage":22,"enemies":"Slime Boss","floor":16,"turns":9},{"damage":52,"enemies":"Shell Parasite","floor":18,"turns":7},{"damage":45,"enemies":"Spheric Guardian","floor":22,"turns":5}],"event_choices":[{"event_name":"Liars Game","player_choice":"disagreed","floor":3,"damage_taken":0},{"event_name":"Living Wall","player_choice":"Change","floor":4,"damage_taken":0},{"event_name":"Dead Adventurer","player_choice":"Searched \u00271\u0027 times","floor":14,"damage_taken":0},{"event_name":"Addict","player_choice":"Obtained Relic","floor":19,"damage_taken":0},{"event_name":"Back to Basics","player_choice":"Elegance","floor":20,"damage_taken":0},{"event_name":"Duplicator","player_choice":"One dupe","floor":21,"damage_taken":0}],"boss_relics":[{"not_picked":["Philosopher\u0027s Stone","Mark of Pain"],"picked":"Orrery"}],"potions_floor_spawned":[1,7,8,16],"seed_played":"-3348549288120061994","killed_by":"Spheric Guardian","is_trial":false}