{"path_per_floor":["M","?","$","?","M","R","M","M","T","?","R","M","?","M","R","B",null,"M","M","?","?","$","R","M","$","T","$"],"character_chosen":"IRONCLAD","items_purchased":["Battle Trance","Feel No Pain"],"gold_per_floor":[113,63,26,26,45,45,59,78,78,78,78,92,92,111,111,206,206,219,232,157,157,4,4,22,22,22,22],"floor_reached":28,"campfire_rested":1,"playtime":1088,"current_hp_per_floor":[43,43,43,36,33,57,47,38,52,52,52,58,63,60,60,48,99,78,50,50,50,50,50,31,31,31,31],"items_purged":["Strike_R"],"gold":22,"play_id":"538970fd-9e20-4ca3-978b-dfcea776cf39","is_prod":false,"is_daily":false,"is_ascension_mode":false,"campfire_upgraded":3,"path_taken":["M","?","$","?","M","R","M","M","T","?","R","M","?","?","R","BOSS","M","M","?","?","$","R","?","$","T","?","M"],"build_version":"2018-01-25-PROD3","purchased_purges":1,"victory":false,"master_deck":["Strike_R","Strike_R","Defend_R","Defend_R","Defend_R","Defend_R","Demon Form+1","Thunderclap","Battle Trance","Warcry+1","Clash","Berserk","Armaments","Immolate+1","Feel No Pain","Exhume"],"max_hp_per_floor":[80,80,80,80,80,80,80,80,94,94,94,94,99,99,99,99,99,99,99,99,99,99,99,99,99,99,99],"relics":["Burning Blood","Pen Nib","Mango","Question Card","Juzu Bracelet"],"card_choices":[{"not_picked":["Brutality","Feed"],"picked":"Demon Form"},{"not_picked":["Dual Wield","Uppercut"],"picked":"Thunderclap"},{"not_picked":["Twin Strike","Burning Pact"],"picked":"Warcry"},{"not_picked":["Heavy Blade","Body Slam"],"picked":"Clash"},{"not_picked":["Juggernaut","Fiend Fire"],"picked":"Berserk"},{"not_picked":["Sword Boomerang","True Grit","Twin Strike"],"picked":"Armaments"},{"not_picked":["Body Slam","Havoc","Armaments"],"picked":"Exhume"}],"player_experience":87718,"potions_floor_usage":[12,16,16,24,24],"damage_taken":[{"damage":3,"enemies":"Jaw Worm","floor":1,"turns":5},{"damage":9,"enemies":"Small Slimes","floor":5,"turns":4},{"damage":16,"enemies":"Cultist","floor":7,"turns":5},{"damage":15,"enemies":"Looter","floor":8,"turns":4},{"damage":0,"enemies":"Lots of Slimes","floor":12,"turns":2},{"damage":9,"enemies":"3 Louse","floor":14,"turns":3},{"damage":30,"enemies":"Slime Boss","floor":16,"turns":5},{"damage":27,"enemies":"Shell Parasite","floor":18,"turns":5},{"damage":34,"enemies":"Spheric Guardian","floor":19,"turns":5},{"damage":25,"enemies":"Snecko","floor":24,"turns":5},{"damage":32,"enemies":"Centurion and Healer","floor":28,"turns":6}],"event_choices":[{"event_name":"The Cleric","player_choice":"Card Removal","floor":2,"damage_taken":0},{"event_name":"Scrap Ooze","player_choice":"success","floor":4,"damage_taken":7},{"event_name":"The Lab","player_choice":"Got Potions","floor":10,"damage_taken":0},{"event_name":"Big Fish","player_choice":"Donut","floor":13,"damage_taken":0},{"event_name":"Beggar","player_choice":"Gave Gold","floor":20,"damage_taken":0},{"event_name":"Transmorgrifier","player_choice":"Transform","floor":21,"damage_taken":0}],"boss_relics":[{"not_picked":["Black Blood","Ectoplasm"],"picked":"Question Card"}],"potions_floor_spawned":[5,8,16,18],"seed_played":"-43226331941876512","killed_by":"Centurion and Healer","ascension_level":0,"is_trial":false}