{"path_per_floor":["M","$","M","?","M","R","E","?","T","M","M","M","M","?","R","B",null,"M","M","M","?","?","R","M","M","T"],"character_chosen":"IRONCLAD","items_purchased":[],"gold_per_floor":[116,41,53,128,148,148,173,173,241,261,280,290,307,307,307,411,411,411,411,411,411,411,411,411,411,411],"floor_reached":27,"campfire_rested":1,"playtime":1416,"current_hp_per_floor":[77,77,80,69,69,69,49,31,31,33,37,30,34,34,58,8,80,58,65,61,61,61,61,61,34,34],"items_purged":["Bash"],"gold":411,"score":252,"play_id":"377d26b7-4bb5-4fbf-9c7f-e1b7ac314577","is_prod":false,"is_daily":false,"is_ascension_mode":true,"campfire_upgraded":2,"path_taken":["M","$","M","?","M","R","E","?","T","?","M","M","M","?","R","BOSS","M","M","M","?","?","R","M","M","T","E"],"build_version":"2018-02-12-PROD1","purchased_purges":1,"victory":false,"master_deck":["Strike_R","Strike_R","Strike_R","Strike_R","Strike_R","Defend_R","Defend_R","Defend_R","Defend_R","Thunderclap","Armaments+1","Iron Wave+1","Impervious","Juggernaut","Clash","Pommel Strike","Whirlwind","Barricade+1","Body Slam","Flame Barrier+1","Metallicize","Metallicize","Shrug It Off"],"max_hp_per_floor":[80,80,80,80,80,80,80,80,80,80,80,80,80,80,80,80,80,80,80,80,80,80,80,80,80,80],"relics":["Burning Blood","Blood Vial","Omamori","Centennial Puzzle","Ectoplasm","Frozen Eye","War Paint"],"card_choices":[{"not_picked":["Wild Strike","Warcry"],"picked":"Thunderclap"},{"not_picked":["Sentinel","Iron Wave"],"picked":"Armaments"},{"not_picked":["True Grit","Warcry"],"picked":"Iron Wave"},{"not_picked":["Iron Wave","Pommel Strike"],"picked":"Impervious"},{"not_picked":["Infernal Blade","Hemokinesis"],"picked":"Juggernaut"},{"not_picked":["Perfected Strike","Warcry"],"picked":"Clash"},{"not_picked":["Anger","Sever Soul"],"picked":"Pommel Strike"},{"not_picked":["Cleave","Blood for Blood"],"picked":"Whirlwind"},{"not_picked":["Brutality","Dark Embrace"],"picked":"Barricade"},{"not_picked":["Sever Soul","Shrug It Off"],"picked":"Body Slam"},{"not_picked":["Flex","Power Through"],"picked":"Flame Barrier"},{"not_picked":["Shrug It Off","Cleave"],"picked":"Metallicize"},{"not_picked":["Pommel Strike","Uppercut"],"picked":"Metallicize"},{"not_picked":["Infernal Blade","Warcry"],"picked":"Shrug It Off"}],"player_experience":131875,"potions_floor_usage":[7,16,18,24],"damage_taken":[{"damage":9,"enemies":"Jaw Worm","floor":1,"turns":4},{"damage":3,"enemies":"Small Slimes","floor":3,"turns":4},{"damage":6,"enemies":"Cultist","floor":5,"turns":3},{"damage":26,"enemies":"Lagavulin","floor":7,"turns":8},{"damage":6,"enemies":"Looter","floor":10,"turns":4},{"damage":4,"enemies":"2 Fungi Beasts","floor":11,"turns":4},{"damage":15,"enemies":"Lots of Slimes","floor":12,"turns":4},{"damage":4,"enemies":"3 Louse","floor":13,"turns":4},{"damage":58,"enemies":"Slime Boss","floor":16,"turns":11},{"damage":28,"enemies":"Shell Parasite","floor":18,"turns":7},{"damage":1,"enemies":"3 Byrds","floor":19,"turns":7},{"damage":12,"enemies":"Snake Plant","floor":20,"turns":8},{"damage":8,"enemies":"Centurion and Healer","floor":24,"turns":8},{"damage":35,"enemies":"Sentry and Sphere","floor":25,"turns":9},{"damage":39,"enemies":"Slavers","floor":27,"turns":3}],"event_choices":[{"event_name":"World of Goop","player_choice":"Gather Gold","floor":4,"damage_taken":0},{"event_name":"Scrap Ooze","player_choice":"success","floor":8,"damage_taken":18},{"event_name":"Shining Light","player_choice":"Ignored","floor":14,"damage_taken":0},{"event_name":"Forgotten Altar","player_choice":"Smashed Altar","floor":21,"damage_taken":0},{"event_name":"Accursed Blacksmith","player_choice":"Rummage","floor":22,"damage_taken":0}],"boss_relics":[{"not_picked":["Question Card","Cursed Key"],"picked":"Ectoplasm"}],"potions_floor_spawned":[5,10,11,16,18,20],"seed_played":"-1827114191513041880","killed_by":"Slavers","ascension_level":3,"is_trial":false}