{"path_per_floor":["M","?","?","M","M","E","R","E","T","R","?","M","R","$","R","B",null],"character_chosen":"IRONCLAD","items_purchased":["Armaments"],"gold_per_floor":[117,117,117,131,150,176,176,210,210,210,210,221,221,100,100,195,195],"floor_reached":18,"campfire_rested":0,"playtime":516,"current_hp_per_floor":[78,78,78,76,77,67,67,62,62,62,62,68,68,68,68,11,87],"items_purged":["Decay"],"gold":195,"score":185,"play_id":"735b85ba-aa0b-434c-80f7-aaa1c43d150a","is_prod":false,"is_daily":false,"is_ascension_mode":true,"campfire_upgraded":1,"path_taken":["M","?","?","M","M","E","R","E","T","R","?","M","R","$","R","BOSS","M"],"build_version":"2018-02-12-PROD1","purchased_purges":1,"victory":false,"master_deck":["Strike_R","Strike_R","Strike_R","Strike_R","Strike_R","Defend_R","Defend_R","Defend_R","Defend_R","Bash","Battle Trance","Burning Pact+1","Combust","Whirlwind","Spot Weakness","Flex","Headbutt","Armaments","Limit Break"],"max_hp_per_floor":[80,80,80,80,80,80,80,87,87,87,87,87,87,87,87,87,87],"relics":["Black Blood","Ancient Tea Set","Strawberry","Shovel","Bag of Marbles","Oddly Smooth Stone","Letter Opener"],"card_choices":[{"not_picked":["Headbutt","Warcry"],"picked":"Battle Trance"},{"not_picked":["Disarm","Blood for Blood"],"picked":"Burning Pact"},{"not_picked":["Havoc","Sword Boomerang"],"picked":"Combust"},{"not_picked":["Dual Wield","Intimidate"],"picked":"Whirlwind"},{"not_picked":["Shockwave","Warcry"],"picked":"Spot Weakness"},{"not_picked":["Iron Wave","Second Wind"],"picked":"Flex"},{"not_picked":["Havoc","Twin Strike"],"picked":"Headbutt"},{"not_picked":["Feed","Immolate"],"picked":"Limit Break"}],"player_experience":127977,"potions_floor_usage":[4,6,6,16],"damage_taken":[{"damage":8,"enemies":"Small Slimes","floor":1,"turns":4},{"damage":8,"enemies":"Blue Slaver","floor":4,"turns":2},{"damage":5,"enemies":"2 Louse","floor":5,"turns":2},{"damage":16,"enemies":"Gremlin Nob","floor":6,"turns":4},{"damage":18,"enemies":"3 Sentries","floor":8,"turns":3},{"damage":0,"enemies":"Gremlin Gang","floor":12,"turns":1},{"damage":63,"enemies":"Slime Boss","floor":16,"turns":9},{"damage":93,"enemies":"Shell Parasite","floor":18,"turns":6}],"event_choices":[{"event_name":"Wheel of Change","player_choice":"Curse","floor":2,"damage_taken":0},{"event_name":"Match and Keep!","player_choice":"0 cards matched","floor":3,"damage_taken":0},{"event_name":"Shining Light","player_choice":"Ignored","floor":11,"damage_taken":0}],"boss_relics":[{"not_picked":["Runic Dome","Runic Pyramid"],"picked":"Black Blood"}],"potions_floor_spawned":[1,4,5,12],"seed_played":"7721841022415002889","killed_by":"Shell Parasite","ascension_level":2,"is_trial":false}