{"path_per_floor":["M","?","?","$","M","E","M","$","T","M","M","?","M","T","R","B",null,"M","$","M","$","M","R","?","$","T","T","E","?","M","M","R","B",null,"M","?","?","?","M","R","M","R","T","$","T","?","R","$","R","B"],"character_chosen":"IRONCLAD","items_purchased":["Limit Break","Pen Nib","Cleave"],"gold_per_floor":[111,111,61,61,81,116,137,62,114,137,151,151,176,176,176,307,307,320,77,98,98,119,119,119,119,119,146,176,176,193,211,211,311,311,329,329,329,329,344,344,360,360,360,43,73,73,73,73,73,73],"floor_reached":51,"campfire_rested":1,"playtime":1640,"current_hp_per_floor":[80,74,74,74,74,74,74,74,74,74,67,84,84,84,84,52,84,84,84,81,81,67,67,67,67,67,72,70,84,84,79,79,47,84,84,84,84,73,76,76,62,84,84,84,84,84,84,84,84,33],"items_purged":["Strike_R","Strike_R","Strike_R"],"gold":73,"score":588,"play_id":"f25df308-b54b-4560-9f26-8fe9448a3639","is_prod":false,"is_daily":false,"is_ascension_mode":false,"campfire_upgraded":6,"path_taken":["M","?","?","$","M","E","M","$","T","M","M","?","?","?","R","BOSS","M","$","M","$","M","R","?","?","T","?","E","?","M","M","R","BOSS","M","?","?","?","?","R","M","R","T","?","?","?","R","$","R","BOSS"],"build_version":"2018-02-08-PROD1","purchased_purges":4,"victory":true,"master_deck":["Strike_R","Defend_R","Defend_R","Defend_R","Defend_R","Bash","Inflame+1","Flex+1","Heavy Blade+1","Flex+1","Offering","Armaments+1","Limit Break+1","Headbutt","Battle Trance+1","Offering+1","Madness","Madness","Cleave"],"max_hp_per_floor":[80,74,74,74,74,74,74,74,74,74,74,84,84,84,84,84,84,84,84,84,84,84,84,84,84,84,84,84,84,84,84,84,84,84,84,84,84,84,84,84,84,84,84,84,84,84,84,84,84,84],"relics":["Burning Blood","NeowsBlessing","Bloody Idol","Dodecahedron","Bag of Preparation","Red Skull","Lizard Tail","Lantern","Bag of Marbles","Dream Catcher","Black Star","Bird Faced Urn","Pen Nib","Tiny Chest"],"card_choices":[{"not_picked":["Twin Strike","Searing Blow"],"picked":"Inflame"},{"not_picked":["Reckless Charge","Body Slam"],"picked":"Flex"},{"not_picked":["Shockwave","Clothesline"],"picked":"Barricade"},{"not_picked":["Sword Boomerang","Reckless Charge"],"picked":"Heavy Blade"},{"not_picked":["True Grit","Havoc"],"picked":"Flex"},{"not_picked":["Immolate","Exhume"],"picked":"Offering"},{"not_picked":["Heavy Blade","Body Slam"],"picked":"Armaments"},{"not_picked":["Body Slam","Whirlwind"],"picked":"Headbutt"},{"not_picked":["Sentinel","Uppercut"],"picked":"Battle Trance"},{"not_picked":["Perfected Strike","Armaments"],"picked":"Offering"}],"player_experience":102758,"potions_floor_usage":[28,33,50,50],"damage_taken":[{"damage":0.0,"enemies":"Cultist","floor":1.0,"turns":1.0},{"damage":0.0,"enemies":"2 Louse","floor":5.0,"turns":1.0},{"damage":0.0,"enemies":"3 Sentries","floor":6.0,"turns":2.0},{"damage":1.0,"enemies":"Jaw Worm","floor":7.0,"turns":3.0},{"damage":0.0,"enemies":"3 Louse","floor":10.0,"turns":3.0},{"damage":13.0,"enemies":"Large Slime","floor":11.0,"turns":7.0},{"damage":6.0,"enemies":"Exordium Thugs","floor":13.0,"turns":3.0},{"damage":38.0,"enemies":"The Guardian","floor":16.0,"turns":8.0},{"damage":4.0,"enemies":"Shell Parasite","floor":18.0,"turns":1.0},{"damage":9,"enemies":"2 Thieves","floor":20,"turns":3},{"damage":20,"enemies":"3 Cultists","floor":22,"turns":4},{"damage":13,"enemies":"Gremlin Leader","floor":28,"turns":2},{"damage":4,"enemies":"Cultist and Chosen","floor":30,"turns":3},{"damage":16,"enemies":"Centurion and Healer","floor":31,"turns":2},{"damage":43,"enemies":"Automaton","floor":33,"turns":5},{"damage":4,"enemies":"Orb Walker","floor":35,"turns":1},{"damage":8,"enemies":"3 Darklings","floor":39,"turns":2},{"damage":25,"enemies":"Sphere and 2 Shapes","floor":41,"turns":3},{"damage":57,"enemies":"Time Eater","floor":50,"turns":5}],"event_choices":[{"event_name":"Golden Idol","player_choice":"Lose Max HP","floor":2.0,"damage_taken":0.0},{"event_name":"The Cleric","player_choice":"Card Removal","floor":3.0,"damage_taken":0.0},{"event_name":"Bonfire Elementals","player_choice":"RARE","floor":12.0,"damage_taken":0.0},{"event_name":"Forgotten Altar","player_choice":"Gave Idol","floor":24,"damage_taken":0},{"event_name":"The Library","player_choice":"Heal","floor":29,"damage_taken":0},{"event_name":"Tomb of Lord Red Mask","player_choice":"Ignored","floor":36,"damage_taken":0},{"event_name":"Mysterious Sphere","player_choice":"Ignore","floor":37,"damage_taken":0},{"event_name":"Winding Halls","player_choice":"Embrace Madness","floor":38,"damage_taken":0},{"event_name":"The Woman in Blue","player_choice":"Bought 0 Potions","floor":46,"damage_taken":0}],"boss_relics":[{"not_picked":["Calling Bell","Cursed Key"],"picked":"Black Star"}],"potions_floor_spawned":[5,6,11,13,22,30,31],"seed_played":"-2920746769083430540","ascension_level":0,"is_trial":false}