{"path_per_floor":["M","?","?","?","$","R","M","E","T","M","R","M","M","M","R","B",null,"M","?","M","M","$","R","E","M","T","R","$","M","?","M","R","B",null,"M","?","M","?","?","$","M","R","T","R","M","?"],"character_chosen":"IRONCLAD","items_purchased":["Rampage"],"gold_per_floor":[118,118,118,118,43,43,54,80,80,91,91,105,115,132,132,232,232,250,175,187,197,17,17,44,62,62,62,62,82,82,99,99,194,194,206,206,224,224,224,224,238,238,262,262,277,277],"floor_reached":47,"campfire_rested":4,"playtime":1404,"current_hp_per_floor":[80,77,77,77,77,77,80,51,51,57,80,80,82,84,84,38,86,72,72,75,68,68,68,37,31,31,58,58,43,56,54,86,60,109,72,105,50,101,101,101,67,97,97,97,41,41],"items_purged":["Strike_R","Strike_R"],"gold":277,"score":501,"play_id":"bbf59052-a94b-4841-b0cc-c9b192881f6c","is_prod":false,"is_daily":false,"is_ascension_mode":true,"campfire_upgraded":4,"path_taken":["M","?","?","?","$","R","M","E","T","?","R","M","M","M","R","BOSS","M","?","M","M","$","R","E","M","T","R","$","M","?","M","R","BOSS","M","?","M","?","?","?","M","R","T","R","?","?","M"],"build_version":"2018-02-15-PROD1","purchased_purges":2,"victory":false,"master_deck":["Strike_R","Defend_R","Defend_R","Defend_R","Defend_R","Bludgeon+1","Thunderclap","Seeing Red+1","Headbutt","Cleave","Battle Trance","Inflame","Rampage+1","Shockwave","Pommel Strike+1","Writhe","Limit Break+1","Heavy Blade+1","Writhe","Iron Wave+1","Sentinel+1","Armaments"],"max_hp_per_floor":[80,80,80,80,80,80,80,80,80,80,80,80,82,84,84,86,86,88,88,90,92,92,92,92,92,92,92,92,94,107,109,109,109,109,109,115,115,101,101,101,101,101,101,101,101,101],"relics":["Burning Blood","Singing Bowl","Orichalcum","Ginger","Lizard Tail","Bronze Scales","Darkstone Periapt","Strawberry","Black Star","Art of War"],"card_choices":[{"not_picked":["Anger","Shrug It Off"],"picked":"Thunderclap"},{"not_picked":["Demon Form","Anger"],"picked":"Headbutt"},{"not_picked":["Flame Barrier","Warcry"],"picked":"Cleave"},{"not_picked":["Spot Weakness","Combust"],"picked":"Battle Trance"},{"not_picked":["Warcry","Heavy Blade"],"picked":"Inflame"},{"not_picked":["Cleave","Sever Soul"],"picked":"Shockwave"},{"not_picked":["Headbutt","Wild Strike"],"picked":"Pommel Strike"},{"not_picked":["Juggernaut","Brutality"],"picked":"Limit Break"},{"not_picked":["Wild Strike","Iron Wave"],"picked":"Heavy Blade"},{"not_picked":["Second Wind","Ghostly Armor"],"picked":"Iron Wave"},{"not_picked":["Perfected Strike","Uppercut"],"picked":"Sentinel"},{"not_picked":["Blood for Blood","Wild Strike"],"picked":"Armaments"}],"player_experience":147378,"potions_floor_usage":[14,16,16,18,24,24,29,33,41,41,47],"damage_taken":[{"damage":6,"enemies":"2 Louse","floor":1,"turns":3},{"damage":0,"enemies":"Jaw Worm","floor":7,"turns":1},{"damage":35,"enemies":"Lagavulin","floor":8,"turns":5},{"damage":0,"enemies":"Cultist","floor":10,"turns":2},{"damage":4,"enemies":"Large Slime","floor":12,"turns":4},{"damage":0,"enemies":"Lots of Slimes","floor":13,"turns":1},{"damage":0,"enemies":"Blue Slaver","floor":14,"turns":1},{"damage":54,"enemies":"Hexaghost","floor":16,"turns":7},{"damage":22,"enemies":"2 Thieves","floor":18,"turns":3},{"damage":5,"enemies":"Spheric Guardian","floor":20,"turns":3},{"damage":15,"enemies":"Chosen and Byrds","floor":21,"turns":5},{"damage":37,"enemies":"Book of Stabbing","floor":24,"turns":4},{"damage":12,"enemies":"Cultist and Chosen","floor":25,"turns":4},{"damage":23,"enemies":"Centurion and Healer","floor":29,"turns":4},{"damage":10,"enemies":"3 Cultists","floor":31,"turns":4},{"damage":96,"enemies":"Automaton","floor":33,"turns":8},{"damage":43,"enemies":"3 Shapes","floor":35,"turns":4},{"damage":61,"enemies":"3 Darklings","floor":37,"turns":5},{"damage":40,"enemies":"Sphere and 2 Shapes","floor":41,"turns":5},{"damage":62,"enemies":"4 Shapes","floor":45,"turns":5},{"damage":43,"enemies":"3 Darklings","floor":47,"turns":4}],"event_choices":[{"event_name":"Scrap Ooze","player_choice":"success","floor":2,"damage_taken":3},{"event_name":"Transmorgrifier","player_choice":"Transform","floor":3,"damage_taken":0},{"event_name":"Purifier","player_choice":"One Purge","floor":4,"damage_taken":0},{"event_name":"Beggar","player_choice":"Gave Gold","floor":19,"damage_taken":0},{"event_name":"The Mausoleum","player_choice":"Yes","floor":30,"damage_taken":0},{"event_name":"Winding Halls","player_choice":"Writhe","floor":36,"damage_taken":0},{"event_name":"The Moai Head","player_choice":"Heal","floor":38,"damage_taken":0},{"event_name":"The Lab","player_choice":"Got Potions","floor":39,"damage_taken":0},{"event_name":"Tomb of Lord Red Mask","player_choice":"Ignored","floor":46,"damage_taken":0}],"boss_relics":[{"not_picked":["Astrolabe","Orrery"],"picked":"Lizard Tail"},{"not_picked":["Question Card","Runic Dome"],"picked":"Black Star"}],"potions_floor_spawned":[7,8,10,16,18,21,24,29,37,41,45],"seed_played":"-6030876646191170233","killed_by":"3 Darklings","ascension_level":4,"is_trial":false}