{"path_per_floor":["M","M","?","?","$","R","M","E","T","M","?","M","M","$","R","B",null,"M","$","?","?","M","E","R","?","T","M","M","E","M","?","R","B",null,"M","?","?","$","M","R","?","R","T","R","M","R","$","M","R"],"character_chosen":"IRONCLAD","items_purchased":["Armaments","Heavy Blade","Blood Vial","Flex"],"gold_per_floor":[119,137,137,137,13,13,25,58,58,68,68,81,99,48,48,147,147,164,64,64,64,83,108,108,108,108,125,139,166,179,179,179,278,278,294,294,294,97,115,115,115,115,115,115,125,125,0,16,16],"floor_reached":50,"campfire_rested":5,"playtime":1705,"current_hp_per_floor":[77,77,77,59,59,59,64,38,38,44,44,45,45,45,69,9,80,80,80,80,80,80,48,72,72,72,51,55,52,35,35,59,35,80,80,80,80,80,68,68,68,68,68,68,12,36,36,43,67],"items_purged":["Strike_R","Bash","Strike_R"],"gold":16,"score":523,"play_id":"35a97cc3-b3a6-42e7-88f4-39483deb14b6","is_prod":false,"is_daily":false,"is_ascension_mode":true,"campfire_upgraded":3,"path_taken":["M","M","?","?","?","R","M","E","T","?","?","M","M","$","R","BOSS","M","$","?","?","M","E","R","?","T","M","M","E","?","?","R","BOSS","M","?","?","$","M","R","?","R","T","R","M","R","$","M","R","BOSS"],"build_version":"2018-02-12-PROD1","purchased_purges":3,"victory":false,"master_deck":["Strike_R","Strike_R","Defend_R","Defend_R","Defend_R","Defend_R","Headbutt","Thunderclap","Armaments+1","Battle Trance","Shockwave","Heavy Blade+1","Limit Break+1","Flex","Flex","Limit Break+1","Battle Trance","Flex","Inflame"],"max_hp_per_floor":[80,80,80,80,80,80,80,80,80,80,80,80,80,80,80,80,80,80,80,80,80,80,80,80,80,80,80,80,80,80,80,80,80,80,80,80,80,80,80,80,80,80,80,80,80,80,80,80,80],"relics":["Burning Blood","Ornamental Fan","Shuriken","Peace Pipe","Sozu","Anchor","Torii","Shovel","Cursed Key","Blood Vial","Happy Flower"],"card_choices":[{"not_picked":["Evolve","Hemokinesis"],"picked":"Headbutt"},{"not_picked":["Headbutt","Perfected Strike"],"picked":"Thunderclap"},{"not_picked":["Dual Wield","Corruption"],"picked":"Battle Trance"},{"not_picked":["Disarm","Rage"],"picked":"Shockwave"},{"not_picked":["Berserk","Immolate"],"picked":"Limit Break"},{"not_picked":["Sword Boomerang","Pommel Strike"],"picked":"Flex"},{"not_picked":["Wild Strike","Blood for Blood"],"picked":"Limit Break"},{"not_picked":["Anger","Twin Strike"],"picked":"Battle Trance"},{"not_picked":["Headbutt","Wild Strike"],"picked":"Inflame"}],"player_experience":139370,"potions_floor_usage":[16,16],"damage_taken":[{"damage":9,"enemies":"Jaw Worm","floor":1,"turns":3},{"damage":6,"enemies":"2 Louse","floor":2,"turns":3},{"damage":1,"enemies":"Cultist","floor":7,"turns":3},{"damage":32,"enemies":"Lagavulin","floor":8,"turns":10},{"damage":0,"enemies":"Exordium Wildlife","floor":10,"turns":2},{"damage":5,"enemies":"Large Slime","floor":12,"turns":8},{"damage":6,"enemies":"Red Slaver","floor":13,"turns":3},{"damage":66,"enemies":"The Guardian","floor":16,"turns":10},{"damage":3,"enemies":"3 Byrds","floor":18,"turns":5},{"damage":2,"enemies":"Spheric Guardian","floor":22,"turns":3},{"damage":38,"enemies":"Book of Stabbing","floor":23,"turns":5},{"damage":27,"enemies":"Chosen and Byrds","floor":27,"turns":6},{"damage":2,"enemies":"Cultist and Chosen","floor":28,"turns":4},{"damage":9,"enemies":"Gremlin Leader","floor":29,"turns":4},{"damage":23,"enemies":"3 Cultists","floor":30,"turns":5},{"damage":30,"enemies":"Collector","floor":33,"turns":6},{"damage":1,"enemies":"Orb Walker","floor":35,"turns":3},{"damage":18,"enemies":"3 Shapes","floor":39,"turns":4},{"damage":64,"enemies":"3 Darklings","floor":45,"turns":5},{"damage":1,"enemies":"Maw","floor":48,"turns":4},{"damage":78,"enemies":"Time Eater","floor":50,"turns":6}],"event_choices":[{"event_name":"Liars Game","player_choice":"disagreed","floor":3,"damage_taken":0},{"event_name":"Scrap Ooze","player_choice":"success","floor":4,"damage_taken":18},{"event_name":"Dead Adventurer","player_choice":"Searched \u00270\u0027 times","floor":11,"damage_taken":0},{"event_name":"The Library","player_choice":"Read","floor":20,"damage_taken":0},{"event_name":"Beggar","player_choice":"Ignored","floor":21,"damage_taken":0},{"event_name":"Drug Dealer","player_choice":"Ignored","floor":25,"damage_taken":0},{"event_name":"Upgrade Shrine","player_choice":"Upgraded","floor":31,"damage_taken":0},{"event_name":"Tomb of Lord Red Mask","player_choice":"Ignored","floor":36,"damage_taken":0},{"event_name":"Mysterious Sphere","player_choice":"Ignore","floor":37,"damage_taken":0},{"event_name":"Purifier","player_choice":"One Purge","floor":41,"damage_taken":0}],"boss_relics":[{"not_picked":["Philosopher\u0027s Stone","Mark of Pain"],"picked":"Sozu"},{"not_picked":["Snecko Eye","Tiny House"],"picked":"Cursed Key"}],"potions_floor_spawned":[10,13,16,18,22,35,39],"seed_played":"-9132767075658799378","killed_by":"Time Eater","ascension_level":3,"is_trial":false}