{"path_per_floor":["M","$","?","?","M","M","M","?","T","M","E","?","R","M","R","B",null,"M"],"character_chosen":"IRONCLAD","items_purchased":[],"gold_per_floor":[13,13,13,88,103,120,132,307,307,327,360,360,360,379,379,476,476,493],"floor_reached":19,"campfire_rested":2,"playtime":649,"current_hp_per_floor":[57,57,62,51,57,62,68,68,68,43,8,29,54,42,67,29,85,55],"items_purged":[],"gold":493,"score":186,"play_id":"917f3220-3a81-48b9-8e40-fe5c564e6122","is_prod":false,"is_daily":false,"is_ascension_mode":true,"campfire_upgraded":0,"path_taken":["M","$","?","?","M","M","?","?","T","M","E","?","R","M","R","BOSS","M","M"],"build_version":"2018-02-08-PROD1","purchased_purges":0,"victory":false,"master_deck":["Strike_R","Strike_R","Strike_R","Strike_R","Defend_R","Defend_R","Defend_R","Bash","Fiend Fire","Demon Form","Armaments","Burning Pact","Thunderclap","Dark Embrace","Doubt","Heavy Blade","Bludgeon","Parasite","Barricade"],"max_hp_per_floor":[80,80,85,85,85,85,85,85,85,85,85,85,85,85,85,85,85,85],"relics":["Burning Blood","Champion Belt","Bag of Marbles","Philosopher\u0027s Stone"],"card_choices":[{"not_picked":["Wild Strike","True Grit"],"picked":"Armaments"},{"not_picked":["Wild Strike","Metallicize"],"picked":"Burning Pact"},{"not_picked":["Pommel Strike","Shockwave"],"picked":"Thunderclap"},{"not_picked":["Body Slam","Havoc"],"picked":"Dark Embrace"},{"not_picked":["Sever Soul","Spot Weakness"],"picked":"Heavy Blade"},{"not_picked":["Thunderclap","Pommel Strike"],"picked":"Bludgeon"},{"not_picked":["Fiend Fire","Juggernaut"],"picked":"Barricade"}],"player_experience":114349,"potions_floor_usage":[14,16,19],"damage_taken":[{"damage":29,"enemies":"Blue Slaver","floor":1,"turns":5},{"damage":0,"enemies":"Small Slimes","floor":5,"turns":2},{"damage":1,"enemies":"Cultist","floor":6,"turns":3},{"damage":0,"enemies":"Large Slime","floor":7,"turns":5},{"damage":31,"enemies":"3 Louse","floor":10,"turns":5},{"damage":41,"enemies":"3 Sentries","floor":11,"turns":7},{"damage":18,"enemies":"Lots of Slimes","floor":14,"turns":4},{"damage":44,"enemies":"The Guardian","floor":16,"turns":7},{"damage":36,"enemies":"Spheric Guardian","floor":18,"turns":4},{"damage":55,"enemies":"3 Byrds","floor":19,"turns":3}],"event_choices":[{"event_name":"Big Fish","player_choice":"Donut","floor":3,"damage_taken":0},{"event_name":"World of Goop","player_choice":"Gather Gold","floor":4,"damage_taken":0},{"event_name":"Liars Game","player_choice":"agreed","floor":8,"damage_taken":0},{"event_name":"Mushrooms","player_choice":"Healed and dodged fight","floor":12,"damage_taken":0}],"boss_relics":[{"not_picked":["Orrery","Mark of Pain"],"picked":"Philosopher\u0027s Stone"}],"potions_floor_spawned":[6,11,14,18],"seed_played":"3012553511378538931","killed_by":"3 Byrds","ascension_level":2,"is_trial":false}