{"path_per_floor":["M","$","M","?","?","R","?","R","T","R","M","R","?","T","R","B",null,"M","?","M","M","?","E","R","E","T","T","$","R","$","?","R"],"character_chosen":"IRONCLAD","items_purchased":["Inflame","Whirlwind","Apotheosis"],"gold_per_floor":[115,5,18,18,18,18,18,18,44,44,58,58,58,58,58,158,158,175,175,188,205,205,237,237,264,264,335,67,67,67,67,67],"floor_reached":33,"campfire_rested":4,"playtime":711,"current_hp_per_floor":[75,75,79,79,63,63,63,63,63,63,69,69,44,44,68,12,80,70,70,65,41,41,13,37,17,17,17,17,41,41,41,65],"items_purged":["Bash"],"gold":67,"score":320,"play_id":"8962ef5d-d5d1-4b20-b772-ab87e152728c","is_prod":false,"is_daily":false,"is_ascension_mode":true,"campfire_upgraded":4,"path_taken":["M","?","M","?","?","R","?","R","T","R","?","R","?","?","R","BOSS","M","?","M","?","?","E","R","E","T","?","$","R","?","?","R","BOSS"],"build_version":"2018-02-15-PROD1","purchased_purges":1,"victory":false,"master_deck":["Strike_R","Strike_R","Strike_R","Strike_R+1","Strike_R","Defend_R","Defend_R+1","Defend_R","Defend_R","Thunderclap+1","Inflame+1","Whirlwind+1","Headbutt","Clash+1","Offering","Flex","Heavy Blade","Flex","Apotheosis","Decay"],"max_hp_per_floor":[80,80,80,80,80,80,80,80,80,80,80,80,80,80,80,80,80,80,80,80,80,80,80,80,80,80,80,80,80,80,80,80],"relics":["Burning Blood","Ancient Tea Set","Paper Frog","Ice Cream","Sozu","Gambling Chip","Happy Flower","Dead Branch","Kunai"],"card_choices":[{"not_picked":["Warcry","Intimidate"],"picked":"Thunderclap"},{"not_picked":["Anger","Hemokinesis"],"picked":"Headbutt"},{"not_picked":["Berserk","Fiend Fire"],"picked":"Offering"},{"not_picked":["Clothesline","Anger"],"picked":"Flex"},{"not_picked":["True Grit","Thunderclap"],"picked":"Heavy Blade"},{"not_picked":["Infernal Blade","Sword Boomerang"],"picked":"Flex"}],"player_experience":146667,"potions_floor_usage":[],"damage_taken":[{"damage":11,"enemies":"Cultist","floor":1,"turns":4},{"damage":2,"enemies":"Jaw Worm","floor":3,"turns":3},{"damage":0,"enemies":"2 Louse","floor":11,"turns":1},{"damage":62,"enemies":"Hexaghost","floor":16,"turns":9},{"damage":16,"enemies":"Chosen","floor":18,"turns":3},{"damage":11,"enemies":"Spheric Guardian","floor":20,"turns":3},{"damage":30,"enemies":"Centurion and Healer","floor":21,"turns":4},{"damage":34,"enemies":"Book of Stabbing","floor":23,"turns":3},{"damage":26,"enemies":"Gremlin Leader","floor":25,"turns":3},{"damage":71,"enemies":"Automaton","floor":33,"turns":6}],"event_choices":[{"event_name":"The Cleric","player_choice":"Leave","floor":4,"damage_taken":0},{"event_name":"Shining Light","player_choice":"Entered Light","floor":5,"damage_taken":0},{"event_name":"Living Wall","player_choice":"Change","floor":7,"damage_taken":0},{"event_name":"Scrap Ooze","player_choice":"success","floor":13,"damage_taken":25},{"event_name":"Drug Dealer","player_choice":"Ignored","floor":19,"damage_taken":0},{"event_name":"Vampires","player_choice":"Ignored","floor":22,"damage_taken":0},{"event_name":"Forgotten Altar","player_choice":"Smashed Altar","floor":31,"damage_taken":0}],"boss_relics":[{"not_picked":["Black Star","Eternal Feather"],"picked":"Sozu"}],"potions_floor_spawned":[18,20],"seed_played":"4661377957952645629","killed_by":"Automaton","ascension_level":4,"is_trial":false}