{"path_per_floor":["M","$","?","?","M","E","R","E","T","$","M","?","M","M","R","B",null,"M","$","M","M"],"character_chosen":"IRONCLAD","items_purchased":["Offering","Bandage Up","Mercury Hourglass"],"gold_per_floor":[111,32,32,132,142,173,173,199,199,31,45,220,240,258,258,356,356,376,28,46,62],"floor_reached":22,"campfire_rested":1,"playtime":742,"current_hp_per_floor":[80,80,80,80,80,90,90,57,57,57,59,59,59,50,77,32,90,85,85,87,40],"items_purged":["Strike_R","Strike_R"],"gold":62,"score":243,"play_id":"f4b9d758-de98-478b-a772-ece68cb9ea40","is_prod":false,"is_daily":false,"is_ascension_mode":true,"campfire_upgraded":1,"path_taken":["M","$","?","?","M","E","R","E","T","$","M","?","M","M","R","BOSS","M","$","M","?","M"],"build_version":"2018-02-12-PROD1","purchased_purges":3,"victory":false,"master_deck":["Strike_R","Strike_R","Strike_R","Defend_R","Defend_R","Defend_R","Defend_R","Bash","Offering+1","Armaments","Heavy Blade","Spot Weakness","Bandage Up","Headbutt","Seeing Red","Flex+1","Intimidate+1","Battle Trance"],"max_hp_per_floor":[80,80,80,80,80,90,90,90,90,90,90,90,90,90,90,90,90,90,90,90,90],"relics":["Burning Blood","NeowsBlessing","Pear","Omamori","Du-Vu Doll","Sozu","Mercury Hourglass"],"card_choices":[{"not_picked":["Wild Strike","Evolve"],"picked":"Heavy Blade"},{"not_picked":["Dropkick","Bludgeon"],"picked":"Spot Weakness"},{"not_picked":["Clothesline","Heavy Blade"],"picked":"Headbutt"},{"not_picked":["Iron Wave","Anger"],"picked":"Seeing Red"},{"not_picked":["Seeing Red","Rage"],"picked":"Flex"},{"not_picked":["Evolve","Dropkick"],"picked":"Intimidate"},{"not_picked":["Havoc","True Grit"],"picked":"Battle Trance"}],"player_experience":122032,"potions_floor_usage":[16,16,16],"damage_taken":[{"damage":0,"enemies":"Small Slimes","floor":1,"turns":1},{"damage":0,"enemies":"Blue Slaver","floor":5,"turns":1},{"damage":0,"enemies":"Gremlin Nob","floor":6,"turns":1},{"damage":39,"enemies":"3 Sentries","floor":8,"turns":7},{"damage":4,"enemies":"Jaw Worm","floor":11,"turns":1},{"damage":10,"enemies":"2 Fungi Beasts","floor":13,"turns":2},{"damage":19,"enemies":"Gremlin Gang","floor":14,"turns":3},{"damage":55,"enemies":"Hexaghost","floor":16,"turns":7},{"damage":15,"enemies":"Shell Parasite","floor":18,"turns":3},{"damage":10,"enemies":"Spheric Guardian","floor":20,"turns":3},{"damage":59,"enemies":"Chosen and Byrds","floor":21,"turns":7},{"damage":63,"enemies":"Cultist and Chosen","floor":22,"turns":6}],"event_choices":[{"event_name":"Match and Keep!","player_choice":"1 cards matched","floor":3,"damage_taken":0},{"event_name":"Golden Shrine","player_choice":"Pray","floor":4,"damage_taken":0},{"event_name":"Liars Game","player_choice":"agreed","floor":12,"damage_taken":0}],"boss_relics":[{"not_picked":["Black Star","Philosopher\u0027s Stone"],"picked":"Sozu"}],"potions_floor_spawned":[6,8,11,14,16,18,21],"seed_played":"199392633173866762","killed_by":"Cultist and Chosen","ascension_level":2,"is_trial":false}