{"path_per_floor":["M","?","$","?","M","E","R","E","T","$","M","R","?","M","R","B",null,"M","M","?","M","M","R","E","?","T","R","?","E","$","M","R","B",null,"M","?","$","?","?","R","M","R","T","?","E","M","E","M","R","B"],"character_chosen":"IRONCLAD","items_purchased":["Flex","Double Tap","Inflame","Reaper","Singing Bowl"],"gold_per_floor":[109,109,34,34,52,79,79,104,104,53,68,68,139,149,149,253,253,263,276,191,209,221,221,250,250,275,275,275,307,68,80,80,183,183,197,197,1,1,1,1,17,17,42,0,29,41,69,84,84,84],"floor_reached":51,"campfire_rested":3,"playtime":1942,"current_hp_per_floor":[80,80,80,80,80,80,80,67,67,67,71,71,71,76,76,58,80,80,79,79,78,75,75,60,45,45,70,70,46,46,39,64,17,85,66,66,66,85,85,85,67,67,67,67,10,35,44,54,82,59],"items_purged":["Strike_R","Bash"],"gold":84,"score":684,"play_id":"e5dfe823-0644-4d33-a2be-9ef5ad6bac02","is_prod":false,"is_daily":false,"is_ascension_mode":true,"campfire_upgraded":6,"path_taken":["M","?","?","?","?","E","R","E","T","$","M","R","?","M","R","BOSS","M","M","?","M","M","R","E","?","T","R","?","E","?","M","R","BOSS","M","?","$","?","?","R","M","R","T","?","E","M","E","M","R","BOSS"],"build_version":"2018-02-12-PROD1","purchased_purges":2,"victory":true,"master_deck":["Strike_R","Strike_R","Strike_R","Defend_R","Defend_R","Defend_R","Clash","Twin Strike","Pummel+1","Thunderclap+1","Shrug It Off","Flex+1","Limit Break+1","Cleave","Flex+1","Headbutt+1","Intimidate+1","Double Tap+1","Inflame+1","Reaper+1","Limit Break+1","Spot Weakness+1","Writhe","Heavy Blade","Offering+1","Battle Trance+1"],"max_hp_per_floor":[80,80,80,80,80,80,80,80,80,80,80,80,80,80,80,80,80,80,80,80,80,80,80,80,85,85,85,85,85,85,85,85,85,85,85,85,85,85,85,85,87,87,87,87,89,89,89,89,91,91],"relics":["Burning Blood","NeowsBlessing","Happy Flower","Orichalcum","Ginger","White Beast Statue","The Courier","Dream Catcher","Juzu Bracelet","Toxic Egg 2","Singing Bowl","Art of War","Red Mask","Vajra","Centennial Puzzle"],"card_choices":[{"not_picked":["Warcry","Disarm"],"picked":"Clash"},{"not_picked":["Perfected Strike","Pommel Strike"],"picked":"Pummel"},{"not_picked":["Shrug It Off","Headbutt"],"picked":"Thunderclap"},{"not_picked":["Second Wind","Iron Wave"],"picked":"Shrug It Off"},{"not_picked":["Fiend Fire","Demon Form"],"picked":"Limit Break"},{"not_picked":["True Grit","Iron Wave"],"picked":"Cleave"},{"not_picked":["Twin Strike","Shrug It Off"],"picked":"Flex"},{"not_picked":["Perfected Strike","Fire Breathing"],"picked":"Headbutt"},{"not_picked":["True Grit","Sword Boomerang"],"picked":"Intimidate"},{"not_picked":["Berserk","Double Tap"],"picked":"Limit Break"},{"not_picked":["Sword Boomerang","Shrug It Off"],"picked":"Spot Weakness"},{"not_picked":["Seeing Red","Bloodletting"],"picked":"Heavy Blade"},{"not_picked":["Wild Strike","Havoc"],"picked":"Offering"},{"not_picked":["Twin Strike","Warcry"],"picked":"Battle Trance"}],"player_experience":128493,"potions_floor_usage":[8,8,19,21,22,29,31,33,33,33,35,46,47,50,50,50],"damage_taken":[{"damage":0,"enemies":"2 Louse","floor":1,"turns":1},{"damage":0,"enemies":"Cultist","floor":5,"turns":1},{"damage":0,"enemies":"3 Sentries","floor":6,"turns":2},{"damage":19,"enemies":"Lagavulin","floor":8,"turns":5},{"damage":2,"enemies":"Jaw Worm","floor":11,"turns":2},{"damage":1,"enemies":"Looter","floor":14,"turns":2},{"damage":24,"enemies":"Slime Boss","floor":16,"turns":10},{"damage":0,"enemies":"Chosen","floor":18,"turns":2},{"damage":7,"enemies":"Spheric Guardian","floor":19,"turns":4},{"damage":7,"enemies":"Snecko","floor":21,"turns":4},{"damage":9,"enemies":"Cultist and Chosen","floor":22,"turns":5},{"damage":21,"enemies":"Gremlin Leader","floor":24,"turns":5},{"damage":30,"enemies":"Slavers","floor":29,"turns":5},{"damage":13,"enemies":"Snake Plant","floor":31,"turns":3},{"damage":74,"enemies":"Automaton","floor":33,"turns":8},{"damage":25,"enemies":"Orb Walker","floor":35,"turns":4},{"damage":26,"enemies":"3 Shapes","floor":41,"turns":4},{"damage":65,"enemies":"Nemesis","floor":45,"turns":7},{"damage":13,"enemies":"Maw","floor":46,"turns":5},{"damage":15,"enemies":"2 Orb Walkers","floor":47,"turns":3},{"damage":32,"enemies":"4 Shapes","floor":48,"turns":4},{"damage":70,"enemies":"Time Eater","floor":50,"turns":6}],"event_choices":[{"event_name":"Living Wall","player_choice":"Change","floor":2,"damage_taken":0},{"event_name":"The Cleric","player_choice":"Leave","floor":4,"damage_taken":0},{"event_name":"Golden Wing","player_choice":"Gained Gold","floor":13,"damage_taken":0},{"event_name":"Addict","player_choice":"Obtained Relic","floor":20,"damage_taken":0},{"event_name":"Forgotten Altar","player_choice":"Shed Blood","floor":25,"damage_taken":0},{"event_name":"Drug Dealer","player_choice":"Ignored","floor":28,"damage_taken":0},{"event_name":"Mysterious Sphere","player_choice":"Ignore","floor":36,"damage_taken":0},{"event_name":"Winding Halls","player_choice":"Writhe","floor":38,"damage_taken":0},{"event_name":"Tomb of Lord Red Mask","player_choice":"Paid","floor":44,"damage_taken":0}],"boss_relics":[{"not_picked":["Tiny House","Runic Cube"],"picked":"White Beast Statue"},{"not_picked":["Pandora\u0027s Box","Velvet Choker","Runic Pyramid"]}],"potions_floor_spawned":[5,6,11,16,18,19,21,22,24,29,31,33,35,41,45,46,47,48],"seed_played":"-1889901962078151263","ascension_level":2,"is_trial":false}