{"path_per_floor":["M","?","M","$","M","R","E","M","T","R","M","M","?","$","R","B",null,"M","M","?"],"character_chosen":"IRONCLAD","items_purchased":["Uppercut","Intimidate"],"gold_per_floor":[111,111,131,54,68,68,112,135,135,135,149,169,236,94,94,219,219,243,263,188],"floor_reached":21,"campfire_rested":0,"playtime":837,"current_hp_per_floor":[77,74,66,66,68,68,43,51,51,51,58,61,61,61,61,25,74,56,44,44],"items_purged":["Bash"],"gold":188,"score":235,"play_id":"80c0168c-e683-47f4-b101-56126234b2e5","is_prod":false,"is_daily":false,"is_ascension_mode":true,"campfire_upgraded":3,"path_taken":["M","?","M","$","M","R","E","M","T","R","M","M","?","$","R","BOSS","M","M","?","M"],"build_version":"2018-02-15-PROD1","purchased_purges":1,"victory":false,"master_deck":["Strike_R","Strike_R","Strike_R","Strike_R","Defend_R","Defend_R","Defend_R","Defend_R","Seeing Red","Armaments","Uppercut+1","Feed+1","Shrug It Off+1","Cleave","Intimidate","Limit Break","Inflame"],"max_hp_per_floor":[80,74,74,74,74,74,78,82,82,82,86,90,90,90,90,90,90,90,94,94],"relics":["Black Blood","Golden Idol","Orichalcum","Unceasing Top"],"card_choices":[{"not_picked":["Anger","Clash"],"picked":"Seeing Red"},{"not_picked":["Perfected Strike","Pommel Strike"],"picked":"Armaments"},{"not_picked":["Heavy Blade","Feel No Pain"],"picked":"Feed"},{"not_picked":["Headbutt","Warcry"],"picked":"Shrug It Off"},{"not_picked":["Disarm","Searing Blow"],"picked":"Cleave"},{"not_picked":["Barricade","Bludgeon"],"picked":"Limit Break"},{"not_picked":["Metallicize","Warcry"],"picked":"Inflame"}],"player_experience":161398,"potions_floor_usage":[1,1,8,16,16,21],"damage_taken":[{"damage":1,"enemies":"Small Slimes","floor":1,"turns":2},{"damage":14,"enemies":"2 Louse","floor":3,"turns":3},{"damage":4,"enemies":"Cultist","floor":5,"turns":4},{"damage":35,"enemies":"Gremlin Nob","floor":7,"turns":5},{"damage":2,"enemies":"3 Louse","floor":8,"turns":3},{"damage":3,"enemies":"Looter","floor":11,"turns":3},{"damage":7,"enemies":"Blue Slaver","floor":12,"turns":6},{"damage":42,"enemies":"The Guardian","floor":16,"turns":15},{"damage":28,"enemies":"3 Byrds","floor":18,"turns":8},{"damage":26,"enemies":"Shell Parasite","floor":19,"turns":6},{"damage":54,"enemies":"Chosen and Byrds","floor":21,"turns":5}],"event_choices":[{"event_name":"Golden Idol","player_choice":"Lose Max HP","floor":2,"damage_taken":0},{"event_name":"Golden Wing","player_choice":"Gained Gold","floor":13,"damage_taken":0},{"event_name":"Beggar","player_choice":"Gave Gold","floor":20,"damage_taken":0}],"boss_relics":[{"not_picked":["Runic Cube","White Beast Statue"],"picked":"Black Blood"}],"potions_floor_spawned":[5,8,12,16,19],"seed_played":"1846002339816841355","killed_by":"Chosen and Byrds","ascension_level":6,"is_trial":false}