{"path_per_floor":["M","$","?","?","M","R","E","M","T","?","T","?","M","M","R","B",null,"M","?","?","$","M","E","M","M","T","M","E","R","M","M","R","B",null,"M","$","M","?","?","M","R","$","T","R","?","R","M","E","R","B"],"character_chosen":"IRONCLAD","items_purchased":["Rupture","Limit Break","Inflame","Inflame"],"gold_per_floor":[117,42,217,217,229,229,260,277,277,277,324,399,423,446,446,566,566,566,566,481,313,313,313,313,313,313,313,313,313,313,313,313,313,313,313,94,94,94,94,94,94,24,24,24,24,24,24,24,24,24],"floor_reached":51,"campfire_rested":2,"playtime":1878,"current_hp_per_floor":[74,74,74,74,75,75,67,59,59,59,59,48,55,60,74,44,74,60,44,44,44,74,74,59,62,62,71,59,59,45,65,65,41,74,66,66,70,70,61,66,74,74,74,74,74,74,74,46,74,21],"items_purged":["Strike_R","Doubt"],"gold":24,"score":644,"play_id":"517f956b-9511-4a0f-9fbd-10fd0ad9e0d3","is_prod":false,"is_daily":false,"is_ascension_mode":true,"campfire_upgraded":6,"path_taken":["M","$","?","?","M","R","E","M","T","?","?","?","?","M","R","BOSS","M","?","?","$","?","E","M","M","T","M","E","R","M","?","R","BOSS","M","$","M","?","?","?","R","?","T","R","?","R","?","E","R","BOSS"],"build_version":"2018-02-08-PROD1","purchased_purges":2,"victory":true,"master_deck":["Strike_R","Strike_R","Strike_R","Defend_R","Defend_R","Defend_R","Defend_R","Bash","Offering+1","Rampage+1","Spot Weakness+1","Double Tap+1","Heavy Blade","Armaments","Thunderclap","Reaper+1","Headbutt","Rupture","Headbutt","Dual Wield+1","Flex+1","Limit Break+1","Inflame","Necronomicurse","Madness","Madness","Heavy Blade+1","Inflame","Flex"],"max_hp_per_floor":[80,80,80,80,80,80,80,80,80,74,74,74,74,74,74,74,74,74,74,74,74,74,74,74,74,74,74,74,74,74,74,74,74,74,74,74,74,74,74,74,74,74,74,74,74,74,74,74,74,74],"relics":["Burning Blood","Bottled Lightning","Magic Flower","Golden Idol","Dream Catcher","Ectoplasm","Necronomicon","Unceasing Top","Lantern","Charon\u0027s Ashes","Bronze Scales","Eternal Feather","Self Forming Clay","Centennial Puzzle"],"card_choices":[{"not_picked":["Dropkick","Perfected Strike"],"picked":"Rampage"},{"not_picked":["Warcry","Sword Boomerang"],"picked":"Spot Weakness"},{"not_picked":["Dual Wield","Iron Wave"],"picked":"Double Tap"},{"not_picked":["Clash","Disarm"],"picked":"Heavy Blade"},{"not_picked":["Ghostly Armor","Pommel Strike"],"picked":"Armaments"},{"not_picked":["Disarm","Body Slam"],"picked":"Thunderclap"},{"not_picked":["Double Tap","Immolate"],"picked":"Reaper"},{"not_picked":["Wild Strike","True Grit"],"picked":"Headbutt"},{"not_picked":["Carnage","Power Through"],"picked":"Headbutt"},{"not_picked":["Power Through","Clothesline"],"picked":"Dual Wield"},{"not_picked":["Perfected Strike","Sever Soul"],"picked":"Flex"},{"not_picked":["Whirlwind","Spot Weakness"],"picked":"Heavy Blade"},{"not_picked":["Twin Strike","Perfected Strike"],"picked":"Flex"}],"player_experience":111901,"potions_floor_usage":[13,16,16,23,27,28,30,40,48],"damage_taken":[{"damage":12,"enemies":"Jaw Worm","floor":1,"turns":3},{"damage":5,"enemies":"2 Louse","floor":5,"turns":3},{"damage":14,"enemies":"Gremlin Nob","floor":7,"turns":3},{"damage":14,"enemies":"Blue Slaver","floor":8,"turns":3},{"damage":2,"enemies":"Exordium Wildlife","floor":13,"turns":4},{"damage":4,"enemies":"Large Slime","floor":14,"turns":2},{"damage":39,"enemies":"Hexaghost","floor":16,"turns":7},{"damage":32,"enemies":"Shell Parasite","floor":18,"turns":4},{"damage":7,"enemies":"3 Byrds","floor":22,"turns":4},{"damage":41,"enemies":"Gremlin Leader","floor":23,"turns":6},{"damage":24,"enemies":"Sentry and Sphere","floor":24,"turns":4},{"damage":28,"enemies":"Snake Plant","floor":25,"turns":3},{"damage":32,"enemies":"Slaver and Parasite","floor":27,"turns":4},{"damage":21,"enemies":"Book of Stabbing","floor":28,"turns":3},{"damage":26,"enemies":"Centurion and Healer","floor":30,"turns":4},{"damage":22,"enemies":"Cultist and Chosen","floor":31,"turns":3},{"damage":108,"enemies":"Automaton","floor":33,"turns":9},{"damage":17,"enemies":"3 Shapes","floor":35,"turns":4},{"damage":5,"enemies":"Orb Walker","floor":37,"turns":2},{"damage":38,"enemies":"4 Shapes","floor":40,"turns":4},{"damage":9,"enemies":"Maw","floor":47,"turns":4},{"damage":37,"enemies":"Nemesis","floor":48,"turns":4},{"damage":96,"enemies":"Awakened One","floor":50,"turns":6}],"event_choices":[{"event_name":"Liars Game","player_choice":"agreed","floor":3,"damage_taken":0},{"event_name":"Upgrade Shrine","player_choice":"Upgraded","floor":4,"damage_taken":0},{"event_name":"Golden Idol","player_choice":"Lose Max HP","floor":10,"damage_taken":0},{"event_name":"World of Goop","player_choice":"Gather Gold","floor":12,"damage_taken":0},{"event_name":"Cursed Tome","player_choice":"Obtained Book","floor":19,"damage_taken":0},{"event_name":"Addict","player_choice":"Obtained Relic","floor":20,"damage_taken":0},{"event_name":"Wheel of Change","player_choice":"Card Removal","floor":38,"damage_taken":0},{"event_name":"Winding Halls","player_choice":"Embrace Madness","floor":39,"damage_taken":0}],"boss_relics":[{"not_picked":["Velvet Choker","Black Star"],"picked":"Ectoplasm"},{"not_picked":["Cursed Key","Runic Pyramid"],"picked":"Eternal Feather"}],"potions_floor_spawned":[1,8,14,22,23,25,28,33,37,48],"seed_played":"-8601817439660664519","ascension_level":1,"is_trial":false}