{"path_per_floor":["M","M","$","M","M","R","$","R","T","?","M","M","R","?","R","B",null,"M","M","$"],"character_chosen":"IRONCLAD","items_purchased":["Armaments","Molten Egg 2"],"gold_per_floor":[115,129,1,13,32,32,32,32,77,100,117,135,135,135,135,237,237,251,262,0],"floor_reached":21,"campfire_rested":2,"playtime":710,"current_hp_per_floor":[77,75,75,74,68,68,68,68,68,53,46,31,55,55,79,42,71,63,52,52],"items_purged":["Strike_R"],"gold":0,"score":222,"play_id":"fcbad8ff-1d53-498b-8fa4-8d3f48ab0523","is_prod":false,"is_daily":false,"is_ascension_mode":true,"campfire_upgraded":2,"path_taken":["M","?","?","M","M","R","$","R","T","?","?","M","R","?","R","BOSS","M","?","$","M"],"build_version":"2018-02-15-PROD1","purchased_purges":1,"victory":false,"master_deck":["Strike_R","Strike_R","Strike_R","Defend_R","Defend_R","Defend_R","Defend_R","Bash","Shrug It Off","Uppercut+1","Armaments+1","Bloodletting","Bludgeon","Flame Barrier","Wild Strike","Fiend Fire","Burning Pact"],"max_hp_per_floor":[80,80,80,80,80,80,80,80,80,80,80,80,80,80,80,80,80,80,80,80],"relics":["Burning Blood","Ancient Tea Set","Odd Mushroom","Runic Cube","Molten Egg 2"],"card_choices":[{"not_picked":["Body Slam","Second Wind"],"picked":"Shrug It Off"},{"not_picked":["Combust","Ghostly Armor"],"picked":"Uppercut"},{"not_picked":["Reckless Charge","Hemokinesis"],"picked":"Bloodletting"},{"not_picked":["Headbutt","Thunderclap"],"picked":"Bludgeon"},{"not_picked":["Perfected Strike","Body Slam"],"picked":"Flame Barrier"},{"not_picked":["Bludgeon","Demon Form"],"picked":"Fiend Fire"},{"not_picked":["Warcry","Carnage"],"picked":"Burning Pact"}],"player_experience":156578,"potions_floor_usage":[1,2,16,18,19,19],"damage_taken":[{"damage":1,"enemies":"Cultist","floor":1,"turns":4},{"damage":8,"enemies":"Small Slimes","floor":2,"turns":3},{"damage":7,"enemies":"2 Louse","floor":4,"turns":2},{"damage":12,"enemies":"Large Slime","floor":5,"turns":6},{"damage":21,"enemies":"The Mushroom Lair","floor":10,"turns":5},{"damage":13,"enemies":"Exordium Thugs","floor":11,"turns":5},{"damage":21,"enemies":"3 Louse","floor":12,"turns":4},{"damage":43,"enemies":"The Guardian","floor":16,"turns":8},{"damage":29,"enemies":"Shell Parasite","floor":18,"turns":7},{"damage":17,"enemies":"2 Thieves","floor":19,"turns":4},{"damage":53,"enemies":"Sentry and Sphere","floor":21,"turns":5}],"event_choices":[{"event_name":"Mushrooms","player_choice":"Fought Mushrooms","floor":10,"damage_taken":0},{"event_name":"Living Wall","player_choice":"Change","floor":14,"damage_taken":0}],"boss_relics":[{"not_picked":["Cursed Key","Philosopher\u0027s Stone"],"picked":"Runic Cube"}],"potions_floor_spawned":[2,4,11,12,18],"seed_played":"-3503552414327825966","killed_by":"Sentry and Sphere","ascension_level":6,"is_trial":false}