{"path_per_floor":["M","$","?","?","?","E","R","E","T","E","M","M","$","?","R","B",null,"M","M","$","?","$","R","?","M","T","R","?","R","M","M","R","B",null,"M","?","$","?","$","R","?","E","T","R","M","E","?","M","R","B"],"character_chosen":"IRONCLAD","items_purchased":["Flex","Shrug It Off","Bottled Flame"],"gold_per_floor":[109,34,34,34,34,67,67,103,103,139,153,174,24,24,24,154,154,178,203,54,54,54,54,54,70,70,70,70,70,93,109,109,237,237,253,253,6,106,106,106,439,468,468,468,480,505,0,19,19,19],"floor_reached":51,"campfire_rested":3,"playtime":1466,"current_hp_per_floor":[77,77,77,61,61,24,46,40,40,30,36,39,39,63,63,67,72,78,71,71,55,55,55,82,75,82,82,82,82,88,90,90,58,90,96,96,96,96,96,96,96,71,71,101,85,82,82,68,99,16],"items_purged":["Strike_R","Normality","Strike_R"],"gold":19,"score":898,"play_id":"6ff3d3f1-dd8c-4611-9b10-361a193d6a9f","is_prod":false,"is_daily":false,"is_ascension_mode":true,"campfire_upgraded":6,"path_taken":["M","$","?","?","?","E","R","E","T","E","M","?","?","?","R","BOSS","M","M","$","?","$","R","?","M","T","R","?","R","M","?","R","BOSS","M","?","$","?","$","R","?","E","T","R","M","E","?","M","R","BOSS"],"build_version":"2018-02-15-PROD1","purchased_purges":3,"victory":true,"master_deck":["Strike_R","Strike_R","Strike_R+1","Defend_R+1","Defend_R+1","Defend_R+1","Bash","Inflame+1","Clothesline+1","Cleave+1","Heavy Blade+1","Iron Wave+1","Flex+1","Feed+1","Headbutt+1","Shrug It Off+1","Uppercut+1","Writhe","Thunderclap+1","Immolate+1","Pummel+1","Ghostly Armor+1","Whirlwind+1"],"max_hp_per_floor":[80,80,80,80,74,74,74,74,74,74,74,74,74,74,74,74,74,78,82,82,82,82,82,82,86,93,93,93,93,97,101,101,101,101,101,101,101,101,101,101,101,101,101,101,101,105,105,105,105,105],"relics":["Black Blood","Orichalcum","Sundial","Molten Egg 2","Happy Flower","Ice Cream","Letter Opener","Enchiridion","Strawberry","Shuriken","Sozu","Bottled Flame","Juzu Bracelet","Shovel","Frozen Egg 2","Red Mask"],"card_choices":[{"not_picked":["Clash","Clothesline"],"picked":"Inflame"},{"not_picked":["Headbutt","Blood for Blood"],"picked":"Clothesline"},{"not_picked":["Inflame","Ghostly Armor"],"picked":"Cleave"},{"not_picked":["Inflame","Fire Breathing"],"picked":"Heavy Blade"},{"not_picked":["Perfected Strike","Dark Embrace"],"picked":"Iron Wave"},{"not_picked":["Impervious","Brutality"],"picked":"Feed"},{"not_picked":["True Grit","Dropkick"],"picked":"Headbutt"},{"not_picked":["Thunderclap","Pommel Strike"],"picked":"Uppercut"},{"not_picked":["Anger","Iron Wave"],"picked":"Thunderclap"},{"not_picked":["Juggernaut","Berserk"],"picked":"Immolate"},{"not_picked":["Armaments","Body Slam"],"picked":"Pummel"},{"not_picked":["Armaments","Cleave"],"picked":"Ghostly Armor"},{"not_picked":["Inflame","Bloodletting"],"picked":"Whirlwind"}],"player_experience":176900,"potions_floor_usage":[16,19,25,33,33],"damage_taken":[{"damage":1,"enemies":"2 Louse","floor":1,"turns":3},{"damage":43,"enemies":"Lagavulin","floor":6,"turns":8},{"damage":12,"enemies":"Gremlin Nob","floor":8,"turns":5},{"damage":16,"enemies":"Lagavulin","floor":10,"turns":5},{"damage":0,"enemies":"Cultist","floor":11,"turns":2},{"damage":3,"enemies":"Jaw Worm","floor":12,"turns":3},{"damage":2,"enemies":"The Guardian","floor":16,"turns":7},{"damage":4,"enemies":"Spheric Guardian","floor":18,"turns":3},{"damage":21,"enemies":"3 Byrds","floor":19,"turns":6},{"damage":21,"enemies":"Snake Plant","floor":25,"turns":3},{"damage":8,"enemies":"Centurion and Healer","floor":30,"turns":4},{"damage":12,"enemies":"3 Cultists","floor":31,"turns":4},{"damage":42,"enemies":"Collector","floor":33,"turns":9},{"damage":4,"enemies":"Orb Walker","floor":35,"turns":3},{"damage":35,"enemies":"Nemesis","floor":42,"turns":5},{"damage":26,"enemies":"3 Shapes","floor":45,"turns":4},{"damage":17,"enemies":"2 Orb Walkers","floor":46,"turns":3},{"damage":24,"enemies":"3 Darklings","floor":48,"turns":5},{"damage":93,"enemies":"Time Eater","floor":50,"turns":10}],"event_choices":[{"event_name":"Accursed Blacksmith","player_choice":"Rummage","floor":3,"damage_taken":0},{"event_name":"Shining Light","player_choice":"Entered Light","floor":4,"damage_taken":0},{"event_name":"Golden Idol","player_choice":"Lose Max HP","floor":5,"damage_taken":0},{"event_name":"Big Fish","player_choice":"Banana","floor":14,"damage_taken":0},{"event_name":"Cursed Tome","player_choice":"Obtained Book","floor":21,"damage_taken":0},{"event_name":"The Library","player_choice":"Heal","floor":24,"damage_taken":0},{"event_name":"The Mausoleum","player_choice":"Yes","floor":28,"damage_taken":0},{"event_name":"Golden Shrine","player_choice":"Pray","floor":38,"damage_taken":0},{"event_name":"The Moai Head","player_choice":"Gave Idol","floor":41,"damage_taken":0},{"event_name":"Tomb of Lord Red Mask","player_choice":"Paid","floor":47,"damage_taken":0}],"boss_relics":[{"not_picked":["Runic Dome","Calling Bell"],"picked":"Black Blood"},{"not_picked":["Question Card","Cursed Key"],"picked":"Sozu"}],"potions_floor_spawned":[1,10,12,16,18,25,42,46],"seed_played":"-4199826045226073263","ascension_level":7,"is_trial":false}