{"path_per_floor":["M","$","?","M","?","R","M","R","T","?","M","R","?","T","R","B",null,"M","?","?","?","$","R","M","M","T","M","?","R","M","$","R","B",null,"M","?","M","M","?","E","M","$","T","M","E","?","R","M","R"],"character_chosen":"IRONCLAD","items_purchased":["Inflame","Fire Potion","Seeing Red","Bag of Preparation"],"gold_per_floor":[109,34,34,52,52,52,65,65,65,140,156,156,121,121,121,217,217,235,235,235,150,24,24,37,51,51,70,70,70,80,11,11,108,108,121,121,141,156,156,185,197,52,52,66,95,95,95,115,115],"floor_reached":50,"campfire_rested":5,"playtime":1511,"current_hp_per_floor":[59,59,56,50,50,50,56,56,56,45,41,65,80,80,80,58,75,65,65,65,65,65,65,73,35,35,43,35,59,52,52,76,62,76,68,68,60,59,59,43,33,33,33,41,20,20,60,50,87],"items_purged":["Strike_R"],"gold":115,"score":594,"play_id":"4427ade8-65e9-4434-97d4-f5c91329f51f","is_prod":false,"is_daily":false,"is_ascension_mode":true,"campfire_upgraded":4,"path_taken":["M","$","?","M","?","R","M","R","T","?","M","R","?","?","R","BOSS","M","?","?","?","$","R","M","M","T","M","?","R","M","?","R","BOSS","M","?","M","M","?","E","M","$","T","M","E","?","R","M","R","BOSS"],"build_version":"2018-02-15-PROD1","purchased_purges":1,"victory":false,"master_deck":["Strike_R","Defend_R","Defend_R","Defend_R","Defend_R","Immolate+1","Pommel Strike+1","Whirlwind+1","Double Tap","Battle Trance+1","Sever Soul","Inflame+1","Shrug It Off+1","Fire Breathing+1","Seeing Red","Offering","Shockwave+1","Metallicize+1","Berserk","Bludgeon"],"max_hp_per_floor":[80,80,80,80,80,80,80,80,80,80,80,80,80,80,80,80,80,80,80,80,80,80,80,80,80,80,80,80,80,80,80,80,80,80,80,80,82,82,79,81,83,83,83,85,85,85,85,87,87],"relics":["Burning Blood","Bird Faced Urn","Juzu Bracelet","Gremlin Horn","Sundial","Mark of Pain","Letter Opener","Red Skull","Calling Bell","Regal Pillow","Singing Bowl","Gambling Chip","Du-Vu Doll","Bag of Preparation","Unceasing Top","Mercury Hourglass"],"card_choices":[{"not_picked":["Iron Wave","Metallicize"],"picked":"Immolate"},{"not_picked":["Sword Boomerang","Body Slam"],"picked":"Pommel Strike"},{"not_picked":["Warcry","Cleave"],"picked":"Whirlwind"},{"not_picked":["Berserk","Dark Embrace"],"picked":"Double Tap"},{"not_picked":["Havoc","Clash"],"picked":"Battle Trance"},{"not_picked":["Anger","True Grit"],"picked":"Shrug It Off"},{"not_picked":["Rage","Whirlwind"],"picked":"Fire Breathing"},{"not_picked":["Dark Embrace","Fiend Fire"],"picked":"Offering"},{"not_picked":["Clash","Twin Strike"],"picked":"Shockwave"},{"not_picked":["Flex","Sword Boomerang"],"picked":"Metallicize"},{"not_picked":["Cleave","Barricade"],"picked":"Berserk"}],"player_experience":172986,"potions_floor_usage":[11,16,25,30,45,50,50,50],"damage_taken":[{"damage":19,"enemies":"Small Slimes","floor":1,"turns":5},{"damage":12,"enemies":"Jaw Worm","floor":4,"turns":3},{"damage":0,"enemies":"Cultist","floor":7,"turns":2},{"damage":10,"enemies":"3 Louse","floor":11,"turns":2},{"damage":28,"enemies":"Slime Boss","floor":16,"turns":7},{"damage":16,"enemies":"Chosen","floor":18,"turns":5},{"damage":0,"enemies":"Spheric Guardian","floor":24,"turns":3},{"damage":46,"enemies":"Slaver and Parasite","floor":25,"turns":4},{"damage":0,"enemies":"3 Cultists","floor":27,"turns":2},{"damage":15,"enemies":"Centurion and Healer","floor":30,"turns":3},{"damage":24,"enemies":"Automaton","floor":33,"turns":6},{"damage":18,"enemies":"3 Shapes","floor":35,"turns":1},{"damage":18,"enemies":"Orb Walker","floor":37,"turns":2},{"damage":11,"enemies":"4 Shapes","floor":38,"turns":2},{"damage":30,"enemies":"Nemesis","floor":40,"turns":5},{"damage":24,"enemies":"Sphere and 2 Shapes","floor":41,"turns":2},{"damage":0,"enemies":"3 Darklings","floor":44,"turns":1},{"damage":31,"enemies":"2 Orb Walkers","floor":45,"turns":2},{"damage":20,"enemies":"4 Shapes","floor":48,"turns":1},{"damage":107,"enemies":"Time Eater","floor":50,"turns":10}],"event_choices":[{"event_name":"Scrap Ooze","player_choice":"success","floor":3,"damage_taken":3},{"event_name":"Accursed Blacksmith","player_choice":"Rummage","floor":5,"damage_taken":0},{"event_name":"World of Goop","player_choice":"Gather Gold","floor":10,"damage_taken":0},{"event_name":"The Cleric","player_choice":"Healed","floor":13,"damage_taken":0},{"event_name":"Wheel of Change","player_choice":"Card Removal","floor":19,"damage_taken":0},{"event_name":"Transmorgrifier","player_choice":"Transform","floor":20,"damage_taken":0},{"event_name":"Addict","player_choice":"Obtained Relic","floor":21,"damage_taken":0},{"event_name":"Knowing Skull","player_choice":"","floor":28,"damage_taken":0},{"event_name":"Bonfire Elementals","player_choice":"BASIC","floor":36,"damage_taken":0},{"event_name":"Fountain of Cleansing","player_choice":"Removed Curse","floor":39,"damage_taken":0},{"event_name":"Transmorgrifier","player_choice":"Transform","floor":46,"damage_taken":0}],"boss_relics":[{"not_picked":["Lizard Tail","Tiny House"],"picked":"Mark of Pain"},{"not_picked":["White Beast Statue","Velvet Choker"],"picked":"Calling Bell"}],"potions_floor_spawned":[4,7,11,27,30,38,41,44,45],"seed_played":"-3458267680874433390","killed_by":"Time Eater","ascension_level":7,"is_trial":false}