{"path_per_floor":["M","$","$","M","M","R","E","?","T","M","T","M","R","M","R","B",null,"M","?","$","?","M","R","M","M","T"],"character_chosen":"IRONCLAD","items_purchased":["Flame Barrier"],"gold_per_floor":[112,37,37,53,64,64,90,55,55,72,96,114,114,134,134,239,239,254,254,86,86,99,99,115,132,180],"floor_reached":27,"campfire_rested":0,"playtime":721,"current_hp_per_floor":[77,77,77,71,59,59,37,57,57,57,57,66,66,63,63,73,86,70,70,70,70,76,82,53,20,20],"items_purged":["Strike_R","Strike_R"],"gold":180,"score":396,"play_id":"dfff7d9f-afc6-4645-93bc-d33d20490246","is_prod":false,"is_daily":false,"is_ascension_mode":true,"campfire_upgraded":4,"path_taken":["M","?","$","M","M","R","E","?","T","?","?","?","R","M","R","BOSS","M","?","$","?","?","R","M","M","T","?"],"build_version":"2018-02-15-PROD1","purchased_purges":2,"victory":false,"master_deck":["Strike_R","Strike_R","Defend_R","Defend_R","Defend_R","Defend_R","Bash","Inflame+1","Battle Trance","Iron Wave","Feed+1","Cleave","Whirlwind+1","Demon Form+1","Flame Barrier","Heavy Blade"],"max_hp_per_floor":[80,80,80,80,80,80,80,80,80,83,83,86,86,86,86,90,90,94,94,94,94,94,94,98,98,98],"relics":["Burning Blood","Oddly Smooth Stone","Sundial","Bag of Marbles","Eternal Feather","Art of War","Pen Nib"],"card_choices":[{"not_picked":["Flame Barrier","Clash"],"picked":"Inflame"},{"not_picked":["Clash","Havoc"],"picked":"Battle Trance"},{"not_picked":["Feel No Pain","Sever Soul"],"picked":"Iron Wave"},{"not_picked":["Shockwave","Pummel"],"picked":"Feed"},{"not_picked":["Flex","Armaments"],"picked":"Cleave"},{"not_picked":["Thunderclap","Clothesline"],"picked":"Whirlwind"},{"not_picked":["Fiend Fire","Berserk"],"picked":"Demon Form"},{"not_picked":["Sword Boomerang","Armaments"],"picked":"Heavy Blade"}],"player_experience":182217,"potions_floor_usage":[7,14,16],"damage_taken":[{"damage":1,"enemies":"Cultist","floor":1,"turns":4},{"damage":12,"enemies":"Jaw Worm","floor":4,"turns":2},{"damage":18,"enemies":"Small Slimes","floor":5,"turns":5},{"damage":28,"enemies":"3 Sentries","floor":7,"turns":7},{"damage":9,"enemies":"2 Fungi Beasts","floor":10,"turns":3},{"damage":0,"enemies":"Gremlin Gang","floor":12,"turns":3},{"damage":9,"enemies":"Exordium Wildlife","floor":14,"turns":2},{"damage":0,"enemies":"Slime Boss","floor":16,"turns":6},{"damage":26,"enemies":"Spheric Guardian","floor":18,"turns":5},{"damage":0,"enemies":"Chosen","floor":22,"turns":4},{"damage":39,"enemies":"Snake Plant","floor":24,"turns":7},{"damage":39,"enemies":"3 Cultists","floor":25,"turns":5}],"event_choices":[{"event_name":"The Cleric","player_choice":"Healed","floor":8,"damage_taken":0},{"event_name":"Back to Basics","player_choice":"Elegance","floor":19,"damage_taken":0},{"event_name":"The Mausoleum","player_choice":"Yes","floor":21,"damage_taken":0}],"boss_relics":[{"not_picked":["Runic Pyramid","Velvet Choker"],"picked":"Eternal Feather"}],"potions_floor_spawned":[1,12,14],"seed_played":"-7756926757338755566","ascension_level":8,"is_trial":false}