{"path_per_floor":["M","?","?","?","M","E","?","M","T","M","M","M","?","E","R","B",null,"M","M","?","M","$"],"character_chosen":"IRONCLAD","items_purchased":["Metallicize","Shrug It Off","Shuriken"],"gold_per_floor":[109,109,109,109,123,156,156,169,249,267,290,308,283,323,323,449,449,467,462,462,486,49],"floor_reached":23,"campfire_rested":1,"playtime":575,"current_hp_per_floor":[78,83,83,62,68,74,74,80,80,77,67,50,50,40,65,46,78,54,40,40,52,52],"items_purged":["Strike_R"],"gold":49,"score":319,"play_id":"0b276120-0ff7-4560-a9e4-e3cdd138e8e9","is_prod":false,"is_daily":false,"is_ascension_mode":true,"campfire_upgraded":0,"path_taken":["M","?","?","?","?","E","?","M","T","M","M","M","?","E","R","BOSS","M","M","?","M","$","E"],"build_version":"2018-02-22-PROD2","purchased_purges":1,"victory":false,"master_deck":["Strike_R","Strike_R","Strike_R","Strike_R","Defend_R","Defend_R","Defend_R","Defend_R","Bash","Iron Wave","Thunderclap","Uppercut+1","Inflame","True Grit","Feed","Double Tap","Uppercut+1","Metallicize","Shrug It Off"],"max_hp_per_floor":[80,85,85,85,85,85,85,85,85,85,85,85,85,85,85,88,88,88,91,91,91,91],"relics":["Black Blood","NeowsBlessing","Golden Idol","Frozen Eye","Meat on the Bone","Mummified Hand","Shuriken"],"card_choices":[{"not_picked":["Anger","Havoc"],"picked":"Iron Wave"},{"not_picked":["Intimidate","Dropkick"],"picked":"Thunderclap"},{"not_picked":["Dark Embrace","Burning Pact"],"picked":"Uppercut"},{"not_picked":["Heavy Blade","True Grit"],"picked":"Inflame"},{"not_picked":["Combust","Clash"],"picked":"True Grit"},{"not_picked":["Havoc","True Grit"],"picked":"Feed"},{"not_picked":["Brutality","Impervious"],"picked":"Double Tap"},{"not_picked":["Disarm","Heavy Blade"],"picked":"Uppercut"}],"player_experience":210848,"potions_floor_usage":[16,16,16,23],"damage_taken":[{"damage":0,"enemies":"2 Louse","floor":1,"turns":1},{"damage":0,"enemies":"Small Slimes","floor":5,"turns":1},{"damage":0,"enemies":"Lagavulin","floor":6,"turns":1},{"damage":0,"enemies":"Cultist","floor":8,"turns":3},{"damage":9,"enemies":"Looter","floor":10,"turns":3},{"damage":16,"enemies":"3 Louse","floor":11,"turns":4},{"damage":35,"enemies":"Gremlin Gang","floor":12,"turns":4},{"damage":28,"enemies":"Gremlin Nob","floor":14,"turns":4},{"damage":55,"enemies":"The Guardian","floor":16,"turns":11},{"damage":46,"enemies":"Shell Parasite","floor":18,"turns":8},{"damage":39,"enemies":"2 Thieves","floor":19,"turns":4},{"damage":10,"enemies":"Snecko","floor":21,"turns":4},{"damage":67,"enemies":"Slavers","floor":23,"turns":4}],"event_choices":[{"event_name":"Big Fish","player_choice":"Donut","floor":2,"damage_taken":0},{"event_name":"Liars Game","player_choice":"disagreed","floor":3,"damage_taken":0},{"event_name":"Golden Idol","player_choice":"Take Damage","floor":4,"damage_taken":0},{"event_name":"Upgrade Shrine","player_choice":"Upgraded","floor":7,"damage_taken":0},{"event_name":"World of Goop","player_choice":"Left","floor":13,"damage_taken":0},{"event_name":"Cursed Tome","player_choice":"Ignored","floor":20,"damage_taken":0}],"boss_relics":[{"not_picked":["Velvet Choker","Lizard Tail"],"picked":"Black Blood"}],"potions_floor_spawned":[5,12,14,18],"seed_played":"-1799930393038242239","killed_by":"Slavers","ascension_level":8,"is_trial":false}