{"path_per_floor":["M","?","?","$","M","R","$","M","T","R","M","?","R","M","R","B",null,"M","?","$","?","?","M","E","M","T","M","R","?","?","M","R"],"character_chosen":"IRONCLAD","items_purchased":["Battle Trance","Uppercut"],"gold_per_floor":[111,111,111,1,24,24,24,47,102,102,116,116,116,137,137,261,261,277,277,202,202,117,138,171,191,191,212,212,137,137,148,148],"floor_reached":33,"campfire_rested":3,"playtime":1117,"current_hp_per_floor":[72,72,65,65,65,65,65,61,61,61,48,48,48,46,68,14,59,27,84,84,68,68,67,23,27,27,25,50,50,50,44,69],"items_purged":["Bash"],"gold":148,"score":332,"play_id":"6f668f32-1dea-490d-beaa-4440b1db20b5","is_prod":false,"is_daily":false,"is_ascension_mode":true,"campfire_upgraded":3,"path_taken":["M","?","?","$","?","R","?","M","T","R","M","?","R","M","R","BOSS","M","?","$","?","?","M","E","M","T","?","R","?","?","M","R","BOSS"],"build_version":"2018-02-15-PROD1","purchased_purges":1,"victory":false,"master_deck":["Strike_R","Strike_R","Strike_R","Defend_R","Defend_R","Defend_R","Defend_R","Cleave","Battle Trance","Uppercut+1","Heavy Blade+1","Shrug It Off+1","Flex","Iron Wave+1","Impervious","True Grit+1"],"max_hp_per_floor":[80,74,74,74,74,74,74,74,74,74,74,74,74,74,74,74,74,74,84,84,84,84,84,84,84,84,84,84,84,84,84,84],"relics":["Black Blood","Bloody Idol","Sundial","Happy Flower","Enchiridion","Lantern","Bag of Preparation","Oddly Smooth Stone"],"card_choices":[{"not_picked":["Burning Pact","Headbutt"],"picked":"Cleave"},{"not_picked":["Clash","True Grit"],"picked":"Heavy Blade"},{"not_picked":["Headbutt","Cleave"],"picked":"Shrug It Off"},{"not_picked":["Double Tap","Dark Embrace"],"picked":"Barricade"},{"not_picked":["Pommel Strike","Blood for Blood"],"picked":"Flex"},{"not_picked":["Warcry","Uppercut"],"picked":"Iron Wave"},{"not_picked":["Flex","Cleave"],"picked":"Impervious"},{"not_picked":["Flex","Body Slam"],"picked":"True Grit"}],"player_experience":167601,"potions_floor_usage":[14,16,18,27,27,31],"damage_taken":[{"damage":6,"enemies":"2 Louse","floor":1,"turns":3},{"damage":6,"enemies":"Cultist","floor":5,"turns":3},{"damage":10,"enemies":"Small Slimes","floor":8,"turns":2},{"damage":19,"enemies":"Exordium Wildlife","floor":11,"turns":3},{"damage":8,"enemies":"3 Louse","floor":14,"turns":2},{"damage":60,"enemies":"The Guardian","floor":16,"turns":13},{"damage":42,"enemies":"3 Byrds","floor":18,"turns":6},{"damage":11,"enemies":"Spheric Guardian","floor":23,"turns":4},{"damage":54,"enemies":"Slavers","floor":24,"turns":9},{"damage":6,"enemies":"Snecko","floor":25,"turns":4},{"damage":12,"enemies":"Snake Plant","floor":27,"turns":5},{"damage":21,"enemies":"Centurion and Healer","floor":31,"turns":5},{"damage":74,"enemies":"Automaton","floor":33,"turns":6}],"event_choices":[{"event_name":"Golden Idol","player_choice":"Lose Max HP","floor":2,"damage_taken":0},{"event_name":"Scrap Ooze","player_choice":"success","floor":3,"damage_taken":7},{"event_name":"Shining Light","player_choice":"Ignored","floor":12,"damage_taken":0},{"event_name":"Bonfire Elementals","player_choice":"RARE","floor":19,"damage_taken":0},{"event_name":"Cursed Tome","player_choice":"Obtained Book","floor":21,"damage_taken":0},{"event_name":"Addict","player_choice":"Obtained Relic","floor":22,"damage_taken":0},{"event_name":"Beggar","player_choice":"Gave Gold","floor":29,"damage_taken":0},{"event_name":"Forgotten Altar","player_choice":"Gave Idol","floor":30,"damage_taken":0}],"boss_relics":[{"not_picked":["Eternal Feather","Mark of Pain"],"picked":"Black Blood"}],"potions_floor_spawned":[5,8,16,24,25,27],"seed_played":"-4254409214448025735","killed_by":"Automaton","ascension_level":6,"is_trial":false}