{"path_per_floor":["M","$","?","?","M","R","M","M","T","?","?","E","$","M","R","B",null,"M","?","?","?","T","R","M","$","T","M","M","?","R","$","R","B",null,"M","?","M","?"],"character_chosen":"IRONCLAD","items_purchased":["Feed","Thunderclap","Whirlwind"],"gold_per_floor":[112,34,34,34,50,50,69,88,114,114,114,147,72,86,86,191,191,206,206,131,131,131,131,149,95,118,129,144,144,144,66,66,163,163,178,178,188,188],"floor_reached":39,"campfire_rested":0,"playtime":1169,"current_hp_per_floor":[69,69,53,53,55,55,55,40,40,40,67,50,50,56,56,45,76,66,66,66,57,57,57,48,48,48,42,38,72,72,72,72,28,84,79,66,30,30],"items_purged":["Strike_R"],"gold":188,"score":508,"play_id":"bc20bbb2-20b4-417b-b972-0778d15d4e24","is_prod":false,"is_daily":false,"is_ascension_mode":true,"campfire_upgraded":4,"path_taken":["M","$","?","?","M","R","M","M","T","?","?","E","?","M","R","BOSS","M","?","?","?","?","R","M","?","T","M","M","?","R","$","R","BOSS","M","?","M","?","M"],"build_version":"2018-02-15-PROD1","purchased_purges":1,"victory":false,"master_deck":["Strike_R","Defend_R+1","Defend_R","Defend_R","Defend_R+1","Bash+1","Pommel Strike","Feed+1","Demon Form+1","Shrug It Off+1","Impervious+1","Headbutt","Thunderclap","Shrug It Off+1","Heavy Blade+1","Whirlwind","Limit Break","Madness","Madness"],"max_hp_per_floor":[80,80,80,80,80,80,80,83,83,83,83,86,86,86,86,86,86,90,90,90,90,90,90,94,94,94,98,102,102,102,102,102,102,102,102,102,106,106],"relics":["Burning Blood","Orichalcum","Art of War","Mark of Pain","Peace Pipe","Ancient Tea Set","Sozu"],"card_choices":[{"not_picked":["Power Through","Shockwave"],"picked":"Pommel Strike"},{"not_picked":["Intimidate","Headbutt"],"picked":"Demon Form"},{"not_picked":["Wild Strike","Warcry"],"picked":"Shrug It Off"},{"not_picked":["Juggernaut","Fiend Fire"],"picked":"Impervious"},{"not_picked":["Flex","Reckless Charge"],"picked":"Headbutt"},{"not_picked":["Wild Strike","Corruption"],"picked":"Shrug It Off"},{"not_picked":["Perfected Strike","Cleave"],"picked":"Heavy Blade"},{"not_picked":["Exhume","Dark Embrace"],"picked":"Limit Break"}],"player_experience":180890,"potions_floor_usage":[14,16,24,28],"damage_taken":[{"damage":9,"enemies":"Small Slimes","floor":1,"turns":4},{"damage":4,"enemies":"Jaw Worm","floor":5,"turns":3},{"damage":6,"enemies":"Cultist","floor":7,"turns":3},{"damage":24,"enemies":"Large Slime","floor":8,"turns":3},{"damage":26,"enemies":"Lagavulin","floor":12,"turns":6},{"damage":0,"enemies":"Blue Slaver","floor":14,"turns":3},{"damage":17,"enemies":"Slime Boss","floor":16,"turns":7},{"damage":20,"enemies":"3 Byrds","floor":18,"turns":8},{"damage":19,"enemies":"2 Thieves","floor":24,"turns":5},{"damage":16,"enemies":"Snecko","floor":27,"turns":6},{"damage":14,"enemies":"Centurion and Healer","floor":28,"turns":7},{"damage":50,"enemies":"Champ","floor":33,"turns":8},{"damage":11,"enemies":"Orb Walker","floor":35,"turns":4},{"damage":46,"enemies":"3 Darklings","floor":37,"turns":4},{"damage":40,"enemies":"Sphere and 2 Shapes","floor":39,"turns":5}],"event_choices":[{"event_name":"Shining Light","player_choice":"Entered Light","floor":3,"damage_taken":0},{"event_name":"Living Wall","player_choice":"Forget","floor":4,"damage_taken":0},{"event_name":"Liars Game","player_choice":"disagreed","floor":10,"damage_taken":0},{"event_name":"Big Fish","player_choice":"Banana","floor":11,"damage_taken":0},{"event_name":"Upgrade Shrine","player_choice":"Upgraded","floor":19,"damage_taken":0},{"event_name":"Beggar","player_choice":"Gave Gold","floor":20,"damage_taken":0},{"event_name":"Wheel of Change","player_choice":"Damage","floor":21,"damage_taken":0},{"event_name":"The Library","player_choice":"Heal","floor":29,"damage_taken":0},{"event_name":"Winding Halls","player_choice":"Embrace Madness","floor":36,"damage_taken":0},{"event_name":"The Lab","player_choice":"Got Potions","floor":38,"damage_taken":0}],"boss_relics":[{"not_picked":["Runic Cube","Snecko Eye"],"picked":"Mark of Pain"},{"not_picked":["White Beast Statue","Calling Bell"],"picked":"Sozu"}],"potions_floor_spawned":[1,5,8,14,24,27,35],"seed_played":"-5929390753091026167","killed_by":"Sphere and 2 Shapes","ascension_level":8,"is_trial":false}