{"path_per_floor":["M","?","M","M","?","R","E","T","T","M","?","E","M","M","R","B",null,"M","?","?","$","?","M","E","R","T","?","$","R","M","M","R","B",null,"M","?","M","?","T","R","M","R","T","R","E","M","R","M","R"],"character_chosen":"IRONCLAD","items_purchased":["Heavy Blade","Anchor","Rage"],"gold_per_floor":[113,113,127,144,144,144,171,171,171,186,186,217,227,247,247,346,346,356,356,356,71,71,90,125,125,149,199,31,31,41,53,53,153,153,165,165,182,0,0,0,14,14,14,14,48,65,65,83,83],"floor_reached":50,"campfire_rested":5,"playtime":1842,"current_hp_per_floor":[78,78,78,70,54,78,68,68,68,74,74,72,78,76,76,75,79,55,80,64,64,64,46,57,84,84,84,84,84,65,56,83,86,89,90,90,90,90,90,90,86,86,86,86,68,39,66,36,63],"items_purged":["Strike_R","Strike_R"],"gold":83,"score":690,"play_id":"45f9669b-b51d-425a-8469-ff508f7013b7","is_prod":false,"is_daily":false,"is_ascension_mode":true,"campfire_upgraded":2,"path_taken":["M","?","M","M","?","R","E","?","T","M","?","E","?","?","R","BOSS","M","?","?","$","?","?","E","R","T","?","$","R","M","M","R","BOSS","M","?","M","?","?","R","?","R","T","R","E","M","R","M","R","BOSS"],"build_version":"2018-02-22-PROD2","purchased_purges":2,"victory":false,"master_deck":["Strike_R+1","Defend_R","Defend_R","Defend_R","Defend_R","Bash","Armaments","Sword Boomerang","Demon Form+1","Headbutt","Limit Break+1","Metallicize","True Grit+1","Shrug It Off+1","Heavy Blade+1","Rage+1","Body Slam+1"],"max_hp_per_floor":[80,80,80,80,80,80,80,80,80,80,80,80,80,80,80,80,80,80,80,80,80,80,80,90,90,90,90,90,90,90,90,90,90,90,90,90,90,90,90,90,90,90,90,90,90,90,90,90,90],"relics":["Burning Blood","Lantern","Shovel","Mercury Hourglass","Toxic Egg 2","Mark of Pain","Enchiridion","Anchor","Pear","Omamori","Black Star","Red Mask","Red Skull","Blue Candle","Blood Vial","Smiling Mask","Dodecahedron","Peace Pipe","Gambling Chip"],"card_choices":[{"not_picked":["Entrench","Dropkick"],"picked":"Armaments"},{"not_picked":["Blood for Blood","True Grit"],"picked":"Demon Form"},{"not_picked":["Anger","Rage"],"picked":"Headbutt"},{"not_picked":["Body Slam","Iron Wave"],"picked":"Limit Break"},{"not_picked":["Twin Strike","Flame Barrier"],"picked":"Metallicize"},{"not_picked":["Clash","Wild Strike"],"picked":"True Grit"},{"not_picked":["Armaments","Spot Weakness"],"picked":"Shrug It Off"},{"not_picked":["Hemokinesis","Entrench"],"picked":"Body Slam"}],"player_experience":198009,"potions_floor_usage":[50],"damage_taken":[{"damage":0.0,"enemies":"Small Slimes","floor":1.0,"turns":3.0},{"damage":6.0,"enemies":"Cultist","floor":3.0,"turns":3.0},{"damage":14.0,"enemies":"Jaw Worm","floor":4.0,"turns":3.0},{"damage":16.0,"enemies":"Gremlin Nob","floor":7.0,"turns":3.0},{"damage":0.0,"enemies":"Exordium Wildlife","floor":10.0,"turns":2.0},{"damage":8.0,"enemies":"Lagavulin","floor":12.0,"turns":6.0},{"damage":0.0,"enemies":"3 Louse","floor":13.0,"turns":3.0},{"damage":8.0,"enemies":"Blue Slaver","floor":14.0,"turns":3.0},{"damage":7.0,"enemies":"The Guardian","floor":16.0,"turns":5.0},{"damage":30.0,"enemies":"2 Thieves","floor":18.0,"turns":4.0},{"damage":24.0,"enemies":"3 Byrds","floor":23.0,"turns":5.0},{"damage":17.0,"enemies":"Gremlin Leader","floor":24.0,"turns":6.0},{"damage":25.0,"enemies":"Snake Plant","floor":30.0,"turns":4.0},{"damage":15.0,"enemies":"Snecko","floor":31.0,"turns":4.0},{"damage":3.0,"enemies":"Champ","floor":33.0,"turns":8.0},{"damage":5.0,"enemies":"Orb Walker","floor":35.0,"turns":3.0},{"damage":0.0,"enemies":"3 Shapes","floor":37.0,"turns":5.0},{"damage":10.0,"enemies":"Maw","floor":41.0,"turns":6.0},{"damage":26.0,"enemies":"Giant Head","floor":45.0,"turns":8.0},{"damage":37.0,"enemies":"4 Shapes","floor":46.0,"turns":4.0},{"damage":38.0,"enemies":"Sphere and 2 Shapes","floor":48.0,"turns":4.0},{"damage":73,"enemies":"Donu and Deca","floor":50,"turns":5}],"event_choices":[{"event_name":"Match and Keep!","player_choice":"1 cards matched","floor":2.0,"damage_taken":0.0},{"event_name":"Shining Light","player_choice":"Entered Light","floor":5.0,"damage_taken":0.0},{"event_name":"Purifier","player_choice":"One Purge","floor":11.0,"damage_taken":0.0},{"event_name":"The Library","player_choice":"Heal","floor":19.0,"damage_taken":0.0},{"event_name":"Cursed Tome","player_choice":"Obtained Book","floor":20.0,"damage_taken":0.0},{"event_name":"Purifier","player_choice":"One Purge","floor":22.0,"damage_taken":0.0},{"event_name":"The Joust","player_choice":"Bet on Murderer","floor":27.0,"damage_taken":0.0},{"event_name":"Mysterious Sphere","player_choice":"Ignore","floor":36.0,"damage_taken":0.0},{"event_name":"Tomb of Lord Red Mask","player_choice":"Paid","floor":38.0,"damage_taken":0.0}],"boss_relics":[],"potions_floor_spawned":[1,7,14,18,24,31,37,46,48],"seed_played":"8562300877981748919","killed_by":"Donu and Deca","ascension_level":8,"is_trial":false}