{"path_per_floor":["M","?","M","$","?","R","E","R","T","E","?","$","?","M","R","B",null,"M","M","$","M","M","E","?","R","T","$","M","$","R","?","R"],"character_chosen":"IRONCLAD","items_purchased":["Shrug It Off","Uppercut","Dexterity Potion"],"gold_per_floor":[117,117,133,58,58,58,93,93,93,128,128,76,76,96,96,197,197,215,232,2,14,33,61,61,61,61,61,75,75,75,75,75],"floor_reached":33,"campfire_rested":3,"playtime":1225,"current_hp_per_floor":[78,78,80,80,80,80,80,80,80,64,64,64,64,66,66,44,71,38,46,46,45,41,20,20,44,44,44,15,15,39,39,63],"items_purged":["Injury","Strike_R"],"gold":75,"score":414,"play_id":"8a91cdb2-216c-434e-a476-e1bf803dcf87","is_prod":false,"is_daily":false,"is_ascension_mode":true,"campfire_upgraded":3,"path_taken":["M","?","M","$","?","R","E","R","T","E","?","$","?","M","R","BOSS","M","M","$","M","M","E","?","R","T","$","M","$","R","?","R","BOSS"],"build_version":"2018-02-22-PROD2","purchased_purges":2,"victory":false,"master_deck":["Strike_R","Strike_R","Defend_R+1","Defend_R","Defend_R","Defend_R+1","Bash+1","Headbutt+1","Thunderclap+1","Shrug It Off+1","Reaper","Uppercut+1","Cleave+1","Infernal Blade+1"],"max_hp_per_floor":[80,80,80,80,80,80,80,80,80,80,80,80,80,80,80,80,80,80,80,80,80,80,80,80,80,80,80,80,80,80,80,80],"relics":["Burning Blood","NeowsBlessing","War Paint","Anchor","Juzu Bracelet","Mark of Pain","Omamori","Torii"],"card_choices":[{"not_picked":["Entrench","Wild Strike"],"picked":"Headbutt"},{"not_picked":["Feel No Pain","Warcry"],"picked":"Thunderclap"},{"not_picked":["Barricade","Berserk"],"picked":"Reaper"},{"not_picked":["Havoc","Barricade"],"picked":"Cleave"},{"not_picked":["Pommel Strike","Reckless Charge"],"picked":"Infernal Blade"}],"player_experience":196784,"potions_floor_usage":[16,16,19,23,28,28],"damage_taken":[{"damage":0,"enemies":"2 Louse","floor":1,"turns":1},{"damage":0,"enemies":"Cultist","floor":3,"turns":1},{"damage":0,"enemies":"Lagavulin","floor":7,"turns":1},{"damage":22,"enemies":"3 Sentries","floor":10,"turns":6},{"damage":4,"enemies":"Small Slimes","floor":14,"turns":3},{"damage":28,"enemies":"Slime Boss","floor":16,"turns":13},{"damage":45,"enemies":"Spheric Guardian","floor":18,"turns":8},{"damage":4,"enemies":"3 Byrds","floor":19,"turns":6},{"damage":13,"enemies":"Snecko","floor":21,"turns":6},{"damage":20,"enemies":"Centurion and Healer","floor":22,"turns":7},{"damage":41,"enemies":"Gremlin Leader","floor":23,"turns":10},{"damage":43,"enemies":"Chosen and Byrds","floor":28,"turns":6},{"damage":91,"enemies":"Champ","floor":33,"turns":9}],"event_choices":[{"event_name":"Accursed Blacksmith","player_choice":"Forge","floor":2,"damage_taken":0},{"event_name":"Bonfire Elementals","player_choice":"BASIC","floor":5,"damage_taken":0},{"event_name":"Shining Light","player_choice":"Ignored","floor":11,"damage_taken":0},{"event_name":"Purifier","player_choice":"One Purge","floor":13,"damage_taken":0},{"event_name":"Upgrade Shrine","player_choice":"Upgraded","floor":24,"damage_taken":0},{"event_name":"Drug Dealer","player_choice":"Ignored","floor":31,"damage_taken":0}],"boss_relics":[{"not_picked":["Calling Bell","Runic Dome"],"picked":"Mark of Pain"}],"potions_floor_spawned":[1,7,16,19,23],"seed_played":"-858795745712769783","killed_by":"Champ","ascension_level":8,"is_trial":false}