{"path_per_floor":["M","M","?","$","M","R","M","M","T","R","M","R","$","E","R","B",null,"M","M","?","M","?","R","M","E","T","$","R","M","R","?","R","B",null,"M","$","?","?","M","E"],"character_chosen":"IRONCLAD","items_purchased":["Uppercut","Shrug It Off","Spot Weakness"],"gold_per_floor":[118,131,131,58,75,75,89,107,132,132,143,143,17,50,50,145,145,162,172,172,190,190,190,205,238,238,63,63,75,75,75,75,176,176,193,68,68,68,85,118],"floor_reached":41,"campfire_rested":4,"playtime":1197,"current_hp_per_floor":[71,67,60,60,60,60,53,45,45,69,59,59,59,60,60,29,67,69,53,38,36,36,61,58,27,27,27,52,49,74,74,74,16,68,61,61,61,83,74,42],"items_purged":["Bash","Strike_R","Defend_R"],"gold":118,"score":567,"play_id":"c460832a-ff28-4e03-acd8-32209840a32c","local_time":"20180308185818","is_prod":false,"is_daily":false,"is_ascension_mode":true,"campfire_upgraded":3,"timestamp":1520531898,"path_taken":["M","M","?","$","M","R","M","M","T","R","M","R","?","E","R","BOSS","M","M","?","M","?","R","?","E","T","$","R","M","R","?","R","BOSS","M","$","?","?","M","E","M"],"build_version":"2018-03-01-PROD1","purchased_purges":3,"victory":false,"master_deck":["Strike_R","Strike_R","Strike_R","Defend_R","Defend_R","Defend_R","Cleave","Inflame+1","Uppercut+1","True Grit","Shrug It Off+1","Thunderclap","Offering","Metallicize+1","Intimidate","Spot Weakness","Feed","Limit Break","Writhe","Armaments+1"],"max_hp_per_floor":[80,80,80,80,80,80,80,80,80,80,80,80,80,80,80,80,80,80,80,85,85,85,85,85,85,85,85,85,85,85,85,85,85,85,88,88,88,88,88,88],"relics":["Burning Blood","Pen Nib","Happy Flower","Kunai","Sozu","Gremlin Horn","Girya","Mark of Pain","Frozen Eye"],"card_choices":[{"not_picked":["Headbutt","Anger"],"picked":"Cleave"},{"not_picked":["Clash","Burning Pact"],"picked":"Inflame"},{"not_picked":["Anger","Headbutt"],"picked":"True Grit"},{"not_picked":["Anger","Headbutt"],"picked":"Thunderclap"},{"not_picked":["Fiend Fire","Dark Embrace"],"picked":"Offering"},{"not_picked":["Armaments","Headbutt"],"picked":"Metallicize"},{"not_picked":["Havoc","Anger"],"picked":"Intimidate"},{"not_picked":["Feed","Berserk"],"picked":"Limit Break"},{"not_picked":["Ghostly Armor","Body Slam"],"picked":"Armaments"}],"player_experience":224318,"potions_floor_usage":[],"damage_taken":[{"damage":7.0,"enemies":"Jaw Worm","floor":1.0,"turns":3.0},{"damage":10.0,"enemies":"Small Slimes","floor":2.0,"turns":3.0},{"damage":6.0,"enemies":"Cultist","floor":5.0,"turns":3.0},{"damage":13.0,"enemies":"Exordium Thugs","floor":7.0,"turns":4.0},{"damage":14.0,"enemies":"3 Louse","floor":8.0,"turns":3.0},{"damage":16.0,"enemies":"Blue Slaver","floor":11.0,"turns":3.0},{"damage":5.0,"enemies":"Lagavulin","floor":14.0,"turns":6.0},{"damage":37.0,"enemies":"Slime Boss","floor":16.0,"turns":8.0},{"damage":4.0,"enemies":"Shell Parasite","floor":18.0,"turns":4.0},{"damage":22.0,"enemies":"Chosen","floor":19.0,"turns":3.0},{"damage":8.0,"enemies":"3 Cultists","floor":21.0,"turns":5.0},{"damage":9.0,"enemies":"Snecko","floor":24.0,"turns":5.0},{"damage":37.0,"enemies":"Slavers","floor":25.0,"turns":5.0},{"damage":9.0,"enemies":"Cultist and Chosen","floor":29.0,"turns":9.0},{"damage":64.0,"enemies":"Collector","floor":33.0,"turns":8.0},{"damage":16.0,"enemies":"3 Shapes","floor":35.0,"turns":8.0},{"damage":15.0,"enemies":"Orb Walker","floor":39.0,"turns":3.0},{"damage":38.0,"enemies":"Nemesis","floor":40.0,"turns":7.0},{"damage":43,"enemies":"Sphere and 2 Shapes","floor":41,"turns":5}],"event_choices":[{"event_name":"Golden Wing","player_choice":"Card Removal","floor":3.0,"damage_taken":0.0},{"event_name":"Forgotten Altar","player_choice":"Shed Blood","floor":20.0,"damage_taken":0.0},{"event_name":"Cursed Tome","player_choice":"Ignored","floor":22.0,"damage_taken":0.0},{"event_name":"The Library","player_choice":"Read","floor":31.0,"damage_taken":0.0},{"event_name":"Match and Keep!","player_choice":"0 cards matched","floor":37.0,"damage_taken":0.0},{"event_name":"Winding Halls","player_choice":"Writhe","floor":38.0,"damage_taken":0.0}],"boss_relics":[],"potions_floor_spawned":[2,14,16,19,29,39,40],"seed_played":"2945879208638250446","killed_by":"Sphere and 2 Shapes","ascension_level":9,"is_trial":false}