{"path_per_floor":["M","?","M","M","$","E","M","R","T","?","M","R","M","M","R","B",null,"M","?","M","M","?"],"character_chosen":"IRONCLAD","items_purchased":[],"gold_per_floor":[109,109,124,143,68,94,107,107,107,107,118,118,128,141,141,242,242,261,261,275,287,287],"floor_reached":23,"campfire_rested":2,"playtime":761,"current_hp_per_floor":[68,73,76,76,76,20,14,41,41,41,47,74,69,74,74,12,73,56,56,58,54,54],"items_purged":["Strike_R"],"gold":287,"score":273,"play_id":"f135e6a8-5ca3-4e77-8a44-28947864f0ca","local_time":"20180304235131","is_prod":false,"is_daily":false,"is_ascension_mode":true,"campfire_upgraded":1,"timestamp":1520203891,"path_taken":["M","?","?","M","$","E","M","R","T","?","M","R","?","M","R","BOSS","M","?","M","M","?","E"],"build_version":"2018-03-01-PROD1","purchased_purges":1,"victory":false,"master_deck":["Strike_R","Strike_R","Strike_R","Strike_R","Defend_R+1","Defend_R","Defend_R","Defend_R","Bash","Pommel Strike","Flex","Uppercut+1","Thunderclap","Demon Form","Shrug It Off","Flame Barrier"],"max_hp_per_floor":[88,93,93,93,93,93,93,93,93,93,93,93,93,93,93,93,93,93,93,93,93,93],"relics":["Black Blood","Bag of Preparation","Torii"],"card_choices":[{"not_picked":["Sword Boomerang","Wild Strike"],"picked":"Pommel Strike"},{"not_picked":["Havoc","Heavy Blade"],"picked":"Flex"},{"not_picked":["Flex","Infernal Blade"],"picked":"Uppercut"},{"not_picked":["Entrench","Perfected Strike"],"picked":"Thunderclap"},{"not_picked":["Brutality","Berserk"],"picked":"Demon Form"},{"not_picked":["Reckless Charge","Disarm"],"picked":"Shrug It Off"},{"not_picked":["Havoc","Entrench"],"picked":"Flame Barrier"}],"player_experience":219284,"potions_floor_usage":[16,20,21],"damage_taken":[{"damage":18,"enemies":"Small Slimes","floor":1,"turns":5},{"damage":3,"enemies":"2 Louse","floor":3,"turns":3},{"damage":6,"enemies":"Cultist","floor":4,"turns":4},{"damage":62,"enemies":"Lagavulin","floor":6,"turns":8},{"damage":12,"enemies":"Exordium Thugs","floor":7,"turns":5},{"damage":0,"enemies":"Exordium Wildlife","floor":11,"turns":2},{"damage":11,"enemies":"Looter","floor":13,"turns":2},{"damage":1,"enemies":"Gremlin Gang","floor":14,"turns":5},{"damage":83,"enemies":"Hexaghost","floor":16,"turns":12},{"damage":27,"enemies":"Shell Parasite","floor":18,"turns":6},{"damage":8,"enemies":"3 Byrds","floor":20,"turns":6},{"damage":29,"enemies":"Centurion and Healer","floor":21,"turns":8},{"damage":56,"enemies":"Slavers","floor":23,"turns":3}],"event_choices":[{"event_name":"Big Fish","player_choice":"Donut","floor":2,"damage_taken":0},{"event_name":"Living Wall","player_choice":"Grow","floor":10,"damage_taken":0},{"event_name":"Cursed Tome","player_choice":"Ignored","floor":19,"damage_taken":0},{"event_name":"Vampires","player_choice":"Ignored","floor":22,"damage_taken":0}],"boss_relics":[{"not_picked":["Runic Cube","Snecko Eye"],"picked":"Black Blood"}],"potions_floor_spawned":[6,11,16,20],"seed_played":"-3959279299711042960","killed_by":"Slavers","ascension_level":8,"is_trial":false}