{"path_per_floor":["M","?","M","$","?","E","R","M","T","?","R","M","M","E","R","B",null,"M","$"],"character_chosen":"IRONCLAD","items_purchased":["Thunderclap"],"gold_per_floor":[111,111,130,55,55,93,93,109,134,134,134,150,171,212,212,343,343,361,214],"floor_reached":20,"campfire_rested":0,"playtime":620,"current_hp_per_floor":[71,71,71,71,71,69,69,68,68,56,56,59,46,39,39,48,68,35,35],"items_purged":["Strike_R","Feel No Pain"],"gold":214,"score":255,"play_id":"883133fc-7b8e-4507-a3dd-292eec533cb9","local_time":"20180305222948","is_prod":false,"is_daily":false,"is_ascension_mode":true,"campfire_upgraded":3,"timestamp":1520285388,"path_taken":["M","?","M","$","?","E","R","?","T","?","R","M","?","E","R","BOSS","M","$","M"],"build_version":"2018-03-01-PROD1","purchased_purges":2,"victory":false,"master_deck":["Strike_R","Strike_R","Defend_R","Defend_R","Bash","Flex+1","Heavy Blade+1","Shrug It Off","Armaments+1","Reaper","Bloodletting+1","Infernal Blade+1","Thunderclap"],"max_hp_per_floor":[80,80,80,80,74,74,74,74,74,74,74,74,74,74,74,74,74,74,74],"relics":["Burning Blood","Golden Idol","Omamori","Vajra","Dream Catcher","Pantograph","Astrolabe"],"card_choices":[{"not_picked":["Entrench","Shockwave"],"picked":"Flex"},{"not_picked":["Dropkick","Battle Trance"],"picked":"Heavy Blade"},{"not_picked":["Intimidate","Havoc"],"picked":"Shrug It Off"},{"not_picked":["Berserk","Rage"],"picked":"Armaments"},{"not_picked":["Immolate","Exhume"],"picked":"Reaper"}],"player_experience":220045,"potions_floor_usage":[1,6,16,16],"damage_taken":[{"damage":7,"enemies":"Small Slimes","floor":1,"turns":5},{"damage":6,"enemies":"Cultist","floor":3,"turns":4},{"damage":8,"enemies":"Gremlin Nob","floor":6,"turns":3},{"damage":7,"enemies":"Jaw Worm","floor":8,"turns":2},{"damage":3,"enemies":"3 Louse","floor":12,"turns":3},{"damage":19,"enemies":"Lots of Slimes","floor":13,"turns":7},{"damage":13,"enemies":"3 Sentries","floor":14,"turns":9},{"damage":22,"enemies":"Hexaghost","floor":16,"turns":9},{"damage":42,"enemies":"Shell Parasite","floor":18,"turns":4},{"damage":45,"enemies":"3 Byrds","floor":20,"turns":3}],"event_choices":[{"event_name":"Bonfire Elementals","player_choice":"BASIC","floor":2,"damage_taken":0},{"event_name":"Golden Idol","player_choice":"Lose Max HP","floor":5,"damage_taken":0},{"event_name":"Scrap Ooze","player_choice":"success","floor":10,"damage_taken":12}],"boss_relics":[{"not_picked":["Runic Dome","Snecko Eye"],"picked":"Astrolabe"}],"potions_floor_spawned":[1,3,14,16],"seed_played":"-5214271160997764286","killed_by":"3 Byrds","ascension_level":8,"is_trial":false}