{"path_per_floor":["M","$","M","M","?","R","?","R","T","R","M","R","$","M","R","B",null,"M","?","?","$","M","E","R","M","T","M","M","?","M","$","R"],"character_chosen":"IRONCLAD","items_purchased":["Inflame","Whirlwind","Battle Trance"],"gold_per_floor":[110,73,85,100,100,100,100,100,100,100,117,117,42,56,56,161,161,177,177,177,1,15,48,48,67,147,161,175,90,109,71,71],"floor_reached":33,"campfire_rested":1,"playtime":933,"current_hp_per_floor":[74,74,73,70,70,70,70,70,70,70,67,67,67,60,60,49,72,42,42,42,42,44,54,60,49,49,38,42,52,42,42,77],"items_purged":["Strike_R","Strike_R"],"gold":71,"score":398,"play_id":"c166bc87-f10f-469e-82b4-1f21c561ad4b","local_time":"20180308124547","is_prod":false,"is_daily":false,"is_ascension_mode":true,"campfire_upgraded":6,"timestamp":1520509547,"path_taken":["M","$","M","M","?","R","?","R","T","R","M","R","$","M","R","BOSS","M","?","?","$","M","E","R","M","T","M","M","?","?","$","R","BOSS"],"build_version":"2018-03-01-PROD1","purchased_purges":3,"victory":false,"master_deck":["Strike_R+1","Strike_R+1","Strike_R+1","Defend_R+1","Defend_R+1","Defend_R+1","Defend_R+1","Bash","Reaper","Armaments+1","Inflame","Iron Wave","Searing Blow+5","Flame Barrier","Offering","Whirlwind","Thunderclap+1","Battle Trance"],"max_hp_per_floor":[80,80,80,80,80,80,80,80,80,80,80,80,80,80,80,80,80,80,80,80,80,80,87,87,87,87,87,87,97,97,97,97],"relics":["Burning Blood","Unceasing Top","Eternal Feather","Strawberry","Toolbox","Pear"],"card_choices":[{"not_picked":["Evolve","Body Slam"],"picked":"Armaments"},{"not_picked":["Anger","Flex"],"picked":"Iron Wave"},{"not_picked":["Headbutt","Pommel Strike"],"picked":"Searing Blow"},{"not_picked":["Immolate","Heavy Blade"],"picked":"Flame Barrier"},{"not_picked":["Dark Embrace","Fiend Fire"],"picked":"Offering"},{"not_picked":["Shrug It Off","Dark Embrace"],"picked":"Thunderclap"}],"player_experience":222103,"potions_floor_usage":[16,23,23,23,33],"damage_taken":[{"damage":4,"enemies":"2 Louse","floor":1,"turns":3},{"damage":16,"enemies":"Cultist","floor":3,"turns":4},{"damage":13,"enemies":"Small Slimes","floor":4,"turns":4},{"damage":15,"enemies":"2 Fungi Beasts","floor":11,"turns":3},{"damage":19,"enemies":"Gremlin Gang","floor":14,"turns":7},{"damage":32,"enemies":"The Guardian","floor":16,"turns":12},{"damage":36,"enemies":"Shell Parasite","floor":18,"turns":5},{"damage":4,"enemies":"3 Byrds","floor":22,"turns":4},{"damage":24,"enemies":"Gremlin Leader","floor":23,"turns":6},{"damage":24,"enemies":"Snecko","floor":25,"turns":4},{"damage":20,"enemies":"Snake Plant","floor":27,"turns":4},{"damage":11,"enemies":"Chosen and Byrds","floor":28,"turns":5},{"damage":22,"enemies":"Snecko","floor":30,"turns":4},{"damage":95,"enemies":"Collector","floor":33,"turns":6}],"event_choices":[{"event_name":"Accursed Blacksmith","player_choice":"Ignore","floor":5,"damage_taken":0},{"event_name":"Liars Game","player_choice":"disagreed","floor":7,"damage_taken":0},{"event_name":"Back to Basics","player_choice":"Simplicity","floor":19,"damage_taken":0},{"event_name":"Cursed Tome","player_choice":"Ignored","floor":20,"damage_taken":0},{"event_name":"Addict","player_choice":"Obtained Relic","floor":29,"damage_taken":0}],"boss_relics":[{"not_picked":["Runic Cube","Astrolabe"],"picked":"Eternal Feather"}],"potions_floor_spawned":[1,3,16,18,22,30],"seed_played":"6690817477753889823","killed_by":"Collector","ascension_level":9,"is_trial":false}