{"path_per_floor":["M","M","?","?","M","R","$","E","T","R","T","M","M","$","R","B",null,"M","?","M","?","?","?","E"],"character_chosen":"IRONCLAD","items_purchased":["Flex"],"gold_per_floor":[113,132,132,132,149,149,22,56,81,81,81,99,117,17,17,118,118,136,136,154,69,69,69,94],"floor_reached":25,"campfire_rested":2,"playtime":670,"current_hp_per_floor":[62,54,54,38,43,67,67,51,51,51,51,57,50,50,74,38,70,79,79,70,70,70,70,24],"items_purged":["Strike_R","Strike_R"],"gold":94,"score":354,"play_id":"037dc3f8-cfa1-45d8-9038-424a317e106d","local_time":"20180310202940","is_prod":false,"is_daily":false,"is_ascension_mode":true,"campfire_upgraded":1,"timestamp":1520710180,"path_taken":["M","M","?","?","M","R","$","E","T","R","?","M","?","$","R","BOSS","M","?","?","?","?","?","E","?"],"build_version":"2018-03-09","purchased_purges":2,"victory":false,"master_deck":["Strike_R","Strike_R","Defend_R","Defend_R","Defend_R","Defend_R","Bash","Limit Break+1","Armaments+1","Heavy Blade+1","Iron Wave+1","Flex","Flex","Battle Trance","Feed","Headbutt+1","Decay"],"max_hp_per_floor":[80,80,80,80,80,80,80,80,80,80,80,80,80,80,80,80,80,83,83,86,86,86,86,86],"relics":["Burning Blood","Lantern","Ancient Tea Set","Dead Branch","Sozu","Shuriken","Mummified Hand"],"card_choices":[{"not_picked":["Dual Wield","Power Through"],"picked":"Armaments"},{"not_picked":["Perfected Strike","Anger"],"picked":"Heavy Blade"},{"not_picked":["Clothesline","Reckless Charge"],"picked":"Iron Wave"},{"not_picked":["Wild Strike","Iron Wave"],"picked":"Flex"},{"not_picked":["Pommel Strike","Shockwave"],"picked":"Battle Trance"},{"not_picked":["Exhume","Brutality"],"picked":"Feed"},{"not_picked":["Clash","Burning Pact"],"picked":"Headbutt"}],"player_experience":230534,"potions_floor_usage":[8,13],"damage_taken":[{"damage":16,"enemies":"Jaw Worm","floor":1,"turns":4},{"damage":14,"enemies":"Small Slimes","floor":2,"turns":4},{"damage":1,"enemies":"2 Louse","floor":5,"turns":3},{"damage":22,"enemies":"3 Sentries","floor":8,"turns":5},{"damage":0,"enemies":"Large Slime","floor":12,"turns":5},{"damage":13,"enemies":"Gremlin Gang","floor":13,"turns":6},{"damage":42,"enemies":"Hexaghost","floor":16,"turns":6},{"damage":0,"enemies":"Chosen","floor":18,"turns":3},{"damage":18,"enemies":"3 Byrds","floor":20,"turns":6},{"damage":52,"enemies":"Book of Stabbing","floor":24,"turns":5},{"damage":26,"enemies":"Cultist and Chosen","floor":25,"turns":4}],"event_choices":[{"event_name":"Living Wall","player_choice":"Grow","floor":3,"damage_taken":0},{"event_name":"Shining Light","player_choice":"Entered Light","floor":4,"damage_taken":0},{"event_name":"Back to Basics","player_choice":"Elegance","floor":19,"damage_taken":0},{"event_name":"Addict","player_choice":"Obtained Relic","floor":21,"damage_taken":0},{"event_name":"Forgotten Altar","player_choice":"Smashed Altar","floor":22,"damage_taken":0},{"event_name":"Drug Dealer","player_choice":"Ignored","floor":23,"damage_taken":0}],"boss_relics":[{"not_picked":["Cursed Key","Eternal Feather"],"picked":"Sozu"}],"potions_floor_spawned":[1,12,16,20,24],"seed_played":"4513596961941434602","killed_by":"Cultist and Chosen","ascension_level":9,"is_trial":false}