{"path_per_floor":["M","T","?","$","M","R","M","$","T","?","M","?","M","M","R","B",null,"M","?","$","?","?","R","?","M","T","?","E","R","M","M","R"],"character_chosen":"IRONCLAD","items_purchased":[],"gold_per_floor":[116,170,170,95,110,110,126,26,26,26,44,44,63,74,74,176,176,191,106,106,106,106,106,106,124,151,151,185,185,205,215,215],"floor_reached":33,"campfire_rested":1,"playtime":577,"current_hp_per_floor":[80,80,73,73,74,74,80,80,80,85,75,75,69,67,67,31,85,74,81,81,81,63,63,63,47,47,47,41,41,32,29,73],"items_purged":["Immolate","Defend_R"],"gold":215,"score":280,"play_id":"377b7685-439c-4014-a0d3-f0d0bb967195","local_time":"20180321203639","is_prod":false,"is_daily":false,"is_ascension_mode":false,"campfire_upgraded":4,"timestamp":1521660999,"path_taken":["M","?","?","?","M","R","M","$","T","?","M","?","M","M","R","BOSS","M","?","$","?","?","R","?","M","T","?","E","R","M","M","R","BOSS"],"build_version":"2018-03-15v3","purchased_purges":2,"victory":false,"master_deck":["Strike_R","Strike_R","Strike_R","Strike_R","Strike_R","Defend_R","Defend_R","Bash+1","Clash+1","Flex+1","Double Tap+1","Inflame+1","Burning Pact","Heavy Blade","Battle Trance"],"max_hp_per_floor":[80,80,80,80,80,80,80,80,80,85,85,85,85,85,85,85,85,85,92,92,92,97,97,97,97,97,97,97,97,97,97,97],"relics":["Burning Blood","Happy Flower","Dream Catcher","Juzu Bracelet","Runic Dome","Strawberry","Ancient Tea Set","Meat on the Bone","Regal Pillow"],"card_choices":[{"not_picked":["Spot Weakness","Pommel Strike"],"picked":"Clash"},{"not_picked":["Power Through","Battle Trance"],"picked":"Flex"},{"not_picked":["Impervious","Dark Embrace"],"picked":"Double Tap"},{"not_picked":["Perfected Strike","Hemokinesis"],"picked":"Inflame"},{"not_picked":["Perfected Strike","Warcry"],"picked":"Heavy Blade"},{"not_picked":["Sword Boomerang","True Grit"],"picked":"Battle Trance"}],"player_experience":254695,"potions_floor_usage":[25,28,28,33],"damage_taken":[{"damage":6,"enemies":"Cultist","floor":1,"turns":3},{"damage":5,"enemies":"2 Louse","floor":5,"turns":2},{"damage":0,"enemies":"Small Slimes","floor":7,"turns":3},{"damage":16,"enemies":"Exordium Wildlife","floor":11,"turns":3},{"damage":12,"enemies":"Exordium Thugs","floor":13,"turns":3},{"damage":8,"enemies":"Lots of Slimes","floor":14,"turns":4},{"damage":42,"enemies":"The Guardian","floor":16,"turns":8},{"damage":17,"enemies":"Shell Parasite","floor":18,"turns":3},{"damage":22,"enemies":"3 Byrds","floor":25,"turns":4},{"damage":24,"enemies":"Book of Stabbing","floor":28,"turns":4},{"damage":27,"enemies":"Centurion and Healer","floor":30,"turns":4},{"damage":21,"enemies":"Snake Plant","floor":31,"turns":3},{"damage":80,"enemies":"Automaton","floor":33,"turns":6}],"event_choices":[{"event_name":"Scrap Ooze","player_choice":"success","floor":3,"damage_taken":7},{"event_name":"Big Fish","player_choice":"Donut","floor":10,"damage_taken":0},{"event_name":"Upgrade Shrine","player_choice":"Upgraded","floor":12,"damage_taken":0},{"event_name":"Addict","player_choice":"Obtained Relic","floor":19,"damage_taken":0},{"event_name":"Drug Dealer","player_choice":"Ignored","floor":21,"damage_taken":0},{"event_name":"Forgotten Altar","player_choice":"Shed Blood","floor":22,"damage_taken":0},{"event_name":"Transmorgrifier","player_choice":"Transform","floor":24,"damage_taken":0},{"event_name":"The Mausoleum","player_choice":"Yes","floor":27,"damage_taken":0}],"boss_relics":[{"not_picked":["Runic Pyramid","Calling Bell"],"picked":"Runic Dome"}],"potions_floor_spawned":[5,7,16,28],"seed_played":"-1871340565879537446","killed_by":"Automaton","ascension_level":0,"is_trial":false}