{"path_per_floor":["M","M","$","M","?","?","M","$","T","?","M","R","M","M","R","B",null,"M"],"character_chosen":"IRONCLAD","items_purchased":["Flex"],"gold_per_floor":[114,128,74,84,84,84,98,23,23,23,41,41,60,77,77,176,176,189],"floor_reached":19,"campfire_rested":0,"playtime":358,"current_hp_per_floor":[80,80,80,80,68,68,61,61,61,61,67,67,69,75,75,15,80,80],"items_purged":["Defend_R"],"gold":189,"score":161,"play_id":"70991af4-f098-4198-ac4d-af68db4828e0","local_time":"20180322184455","is_prod":false,"is_daily":false,"is_ascension_mode":false,"campfire_upgraded":0,"timestamp":1521740695,"path_taken":["M","M","$","M","?","?","M","$","T","?","?","R","M","M","R","BOSS","M","?"],"build_version":"2018-03-15v3","purchased_purges":1,"victory":false,"master_deck":["Strike_R","Strike_R","Strike_R","Strike_R","Strike_R","Defend_R","Defend_R","Bash","Cleave","Thunderclap","Flex","Searing Blow","Limit Break","Blind","Clumsy"],"max_hp_per_floor":[80,80,80,80,80,80,80,80,80,80,80,80,80,80,80,80,80,80],"relics":["Burning Blood","Orichalcum","Bag of Preparation","Girya","Philosopher\u0027s Stone"],"card_choices":[{"not_picked":["Thunderclap","Armaments"],"picked":"Cleave"},{"not_picked":["Warcry","Iron Wave"],"picked":"Thunderclap"},{"not_picked":["Second Wind","Anger"],"picked":"Searing Blow"},{"not_picked":["Juggernaut","Immolate"],"picked":"Limit Break"}],"player_experience":255272,"potions_floor_usage":[16,16],"damage_taken":[{"damage":5,"enemies":"Jaw Worm","floor":1,"turns":3},{"damage":0,"enemies":"Cultist","floor":2,"turns":3},{"damage":2,"enemies":"Small Slimes","floor":4,"turns":3},{"damage":13,"enemies":"Gremlin Gang","floor":7,"turns":3},{"damage":0,"enemies":"3 Louse","floor":11,"turns":1},{"damage":4,"enemies":"Looter","floor":13,"turns":2},{"damage":0,"enemies":"2 Fungi Beasts","floor":14,"turns":1},{"damage":66,"enemies":"Hexaghost","floor":16,"turns":10},{"damage":6,"enemies":"Spheric Guardian","floor":18,"turns":3}],"event_choices":[{"event_name":"Scrap Ooze","player_choice":"success","floor":5,"damage_taken":12},{"event_name":"Purifier","player_choice":"One Purge","floor":6,"damage_taken":0},{"event_name":"Liars Game","player_choice":"disagreed","floor":10,"damage_taken":0},{"event_name":"Match and Keep!","player_choice":"2 cards matched","floor":19,"damage_taken":0},{"event_name":"Match and Keep!","player_choice":"2 cards matched","floor":19,"damage_taken":0}],"boss_relics":[{"not_picked":["Velvet Choker","Runic Cube"],"picked":"Philosopher\u0027s Stone"}],"potions_floor_spawned":[4,13,14,16],"seed_played":"7036898099188268486","ascension_level":0,"is_trial":false}