{"path_per_floor":["M","M","M","?","?","R","M","$","T","E","M","$","M","E","R","B",null,"M","?","?","M","?","R"],"character_chosen":"IRONCLAD","items_purchased":["Demon Form"],"gold_per_floor":[114,130,148,148,148,148,171,14,67,110,135,60,78,116,116,247,247,261,261,261,243,243,243],"floor_reached":24,"campfire_rested":1,"playtime":691,"current_hp_per_floor":[72,75,74,74,71,71,66,66,66,40,36,36,36,36,57,33,62,33,56,56,58,49,49],"items_purged":["Bash"],"gold":243,"score":345,"play_id":"a43bf9be-cebe-4b41-bd0d-e778990b9f03","local_time":"20180315183420","is_prod":false,"is_daily":false,"is_ascension_mode":true,"campfire_upgraded":2,"timestamp":1521135260,"path_taken":["M","M","?","?","?","R","M","$","T","E","M","$","M","E","R","BOSS","M","?","?","M","?","R","E"],"build_version":"2018-03-09","purchased_purges":1,"victory":false,"master_deck":["Defend_R","Defend_R","Defend_R","Defend_R","Brutality","Shrug It Off","Uppercut+1","Inflame","Demon Form","Armaments+1","Spot Weakness","Metallicize","Flex","Double Tap","Shockwave+1","Headbutt+1","Bite","Bite","Bite","Bite","Bite"],"max_hp_per_floor":[80,80,80,77,71,71,71,71,71,71,71,71,71,71,71,71,71,71,71,71,71,49,49],"relics":["Burning Blood","Bloody Idol","Tiny Chest","Centennial Puzzle","Anchor","Runic Cube"],"card_choices":[{"not_picked":["Carnage","Reckless Charge"],"picked":"Shrug It Off"},{"not_picked":["Sword Boomerang","Armaments"],"picked":"Uppercut"},{"not_picked":["Rampage","Body Slam"],"picked":"Inflame"},{"not_picked":["Feel No Pain","Shockwave"],"picked":"Armaments"},{"not_picked":["Perfected Strike","True Grit"],"picked":"Spot Weakness"},{"not_picked":["Warcry","Clash"],"picked":"Metallicize"},{"not_picked":["Armaments","Pommel Strike"],"picked":"Flex"},{"not_picked":["Exhume","Feed"],"picked":"Double Tap"},{"not_picked":["Warcry","Shrug It Off"],"picked":"Shockwave"},{"not_picked":["Perfected Strike","Clothesline"],"picked":"Headbutt"}],"player_experience":243041,"potions_floor_usage":[7,16],"damage_taken":[{"damage":6,"enemies":"Cultist","floor":1,"turns":4},{"damage":3,"enemies":"Jaw Worm","floor":2,"turns":5},{"damage":7,"enemies":"2 Louse","floor":3,"turns":2},{"damage":11,"enemies":"2 Fungi Beasts","floor":7,"turns":3},{"damage":32,"enemies":"Gremlin Nob","floor":10,"turns":5},{"damage":10,"enemies":"Blue Slaver","floor":11,"turns":3},{"damage":6,"enemies":"Looter","floor":13,"turns":4},{"damage":6,"enemies":"Lagavulin","floor":14,"turns":7},{"damage":30,"enemies":"Slime Boss","floor":16,"turns":8},{"damage":35,"enemies":"Chosen","floor":18,"turns":7},{"damage":14,"enemies":"2 Thieves","floor":21,"turns":4},{"damage":86,"enemies":"Gremlin Leader","floor":24,"turns":7}],"event_choices":[{"event_name":"Living Wall","player_choice":"Forget","floor":4,"damage_taken":0},{"event_name":"Golden Idol","player_choice":"Lose Max HP","floor":5,"damage_taken":0},{"event_name":"The Library","player_choice":"Heal","floor":19,"damage_taken":0},{"event_name":"Forgotten Altar","player_choice":"Gave Idol","floor":20,"damage_taken":0},{"event_name":"Vampires","player_choice":"Became a vampire","floor":22,"damage_taken":0}],"boss_relics":[{"not_picked":["Snecko Eye","White Beast Statue"],"picked":"Runic Cube"}],"potions_floor_spawned":[1,2,13,14,16,18],"seed_played":"7022225703413533408","killed_by":"Gremlin Leader","ascension_level":11,"is_trial":false}