{"path_per_floor":["M","?","M","$","M","R","M","?","T","?","R","?","M","M","R","B",null,"M","M","T","?","T","R"],"character_chosen":"IRONCLAD","items_purchased":["Spot Weakness"],"gold_per_floor":[110,110,123,11,21,21,37,37,37,37,37,37,53,69,69,166,166,186,206,229,144,169,169,169],"floor_reached":24,"campfire_rested":2,"playtime":556,"current_hp_per_floor":[71,71,69,69,67,67,43,43,43,43,43,43,43,40,64,29,67,46,34,34,34,34,58,0],"items_purged":["Strike_R"],"gold":169,"score":288,"play_id":"8d4b47d2-c328-4bcb-a8be-11a2c656b390","local_time":"20180326103408","is_prod":false,"is_daily":false,"is_ascension_mode":true,"campfire_upgraded":2,"timestamp":1522053248,"path_taken":["M","?","M","$","M","R","M","?","T","?","R","?","?","M","R","BOSS","M","?","?","?","?","R","E"],"build_version":"2018-03-22v2","purchased_purges":1,"victory":false,"master_deck":["Strike_R","Strike_R","Strike_R","Defend_R","Defend_R+1","Defend_R","Defend_R","Bash+1","AscendersBane","True Grit+1","Spot Weakness","Sword Boomerang","Flex","Immolate","Battle Trance+1","Clumsy","Clumsy","Inflame"],"max_hp_per_floor":[80,80,80,80,80,80,80,80,80,80,80,80,80,80,80,80,80,80,80,80,80,80,80,80],"relics":["Burning Blood","Oddly Smooth Stone","Peace Pipe","Cursed Key","Pen Nib","Prayer Wheel","War Paint"],"card_choices":[{"not_picked":["Blood for Blood","Warcry"],"picked":"True Grit","floor":1},{"not_picked":["Entrench","Ghostly Armor"],"picked":"Sword Boomerang","floor":7},{"not_picked":["Searing Blow","Havoc"],"picked":"Flex","floor":13},{"not_picked":["Fiend Fire","Exhume"],"picked":"Immolate","floor":16},{"not_picked":["Shrug It Off","Armaments"],"picked":"Battle Trance","floor":19},{"not_picked":["Cleave","Shrug It Off"],"picked":"Inflame","floor":22}],"player_experience":263634,"potions_floor_usage":[7,16,16,19,24,24],"damage_taken":[{"damage":7,"enemies":"Jaw Worm","floor":1,"turns":4},{"damage":8,"enemies":"Cultist","floor":3,"turns":4},{"damage":8,"enemies":"2 Louse","floor":5,"turns":3},{"damage":30,"enemies":"Large Slime","floor":7,"turns":6},{"damage":6,"enemies":"3 Louse","floor":13,"turns":6},{"damage":9,"enemies":"Blue Slaver","floor":14,"turns":4},{"damage":41,"enemies":"Hexaghost","floor":16,"turns":8},{"damage":27,"enemies":"Shell Parasite","floor":18,"turns":4},{"damage":18,"enemies":"Spheric Guardian","floor":19,"turns":4},{"damage":80,"enemies":"Gremlin Leader","floor":24,"turns":5}],"event_choices":[{"event_name":"The Lab","player_choice":"Got Potions","floor":2,"damage_taken":0},{"event_name":"Dead Adventurer","player_choice":"Searched \u00270\u0027 times","floor":8,"damage_taken":0},{"event_name":"Living Wall","player_choice":"Forget","floor":10,"damage_taken":0},{"event_name":"Liars Game","player_choice":"disagreed","floor":12,"damage_taken":0},{"event_name":"Addict","player_choice":"Obtained Relic","floor":21,"damage_taken":0}],"boss_relics":[{"not_picked":["Tiny House","Runic Cube"],"picked":"Cursed Key"}],"potions_floor_spawned":[3,5,13,16,18,19],"seed_played":"-5956188367671138621","killed_by":"Gremlin Leader","ascension_level":11,"is_trial":false}