{"path_per_floor":["M","M","?","T","M","R","E","R","T","$","M","E","?","$","R","B",null,"M","?","M","?","$","?","R","M","T","?","R","$","M","?","R","B",null,"M","?","M","$","?","R","M","$","T","?","E","M","?","M","R"],"character_chosen":"IRONCLAD","items_purchased":["Anchor","Shrug It Off","Ghostly Armor","Inflame","Whirlwind","Bag of Marbles","Torii"],"gold_per_floor":[117,129,129,156,168,168,201,201,201,29,48,73,73,3,3,100,100,112,37,55,55,20,20,20,37,84,84,84,8,23,23,23,119,119,134,134,148,2,302,302,319,27,27,27,61,80,80,90,90,90],"floor_reached":50,"campfire_rested":3,"playtime":1491,"current_hp_per_floor":[66,52,78,78,78,78,66,66,66,66,80,68,65,65,65,28,67,73,73,39,23,23,23,62,64,64,80,80,80,62,54,80,12,63,67,67,34,34,34,73,57,57,57,57,51,62,80,75,75,0],"items_purged":[],"gold":90,"score":763,"play_id":"27dc98db-6b31-405e-a297-9f9902baf275","local_time":"20180331220227","is_prod":false,"is_daily":false,"is_ascension_mode":true,"campfire_upgraded":5,"timestamp":1522526547,"path_taken":["M","?","?","?","M","R","E","R","T","$","M","E","?","?","R","BOSS","M","?","M","?","$","?","R","M","T","?","R","?","M","?","R","BOSS","M","?","M","$","?","R","M","$","T","?","E","M","?","M","R","BOSS"],"build_version":"2018-03-29v2","purchased_purges":0,"victory":false,"master_deck":["Strike_R","Strike_R","Strike_R","Defend_R","Defend_R","Defend_R","Defend_R","Bash","AscendersBane","Reaper","Inflame+1","Thunderclap+1","Cleave","Shrug It Off","Spot Weakness","Ghostly Armor+1","Double Tap+1","Inflame","Writhe","Whirlwind+1","Exhume","Battle Trance+1","Writhe"],"max_hp_per_floor":[80,80,80,80,80,80,80,80,80,80,80,80,80,80,80,80,80,80,80,80,80,80,80,80,80,80,80,80,80,80,80,80,80,80,80,80,80,80,80,80,80,80,80,80,80,80,80,80,80,80],"relics":["Black Blood","Happy Flower","Dream Catcher","Regal Pillow","Anchor","Bronze Scales","Ginger","Enchiridion","Oddly Smooth Stone","Juzu Bracelet","Runic Dome","Bag of Marbles","Torii","Magic Flower","Prayer Wheel"],"card_choices":[{"not_picked":["Searing Blow","Flame Barrier"],"picked":"Inflame","floor":2.0},{"not_picked":["Infernal Blade","Warcry"],"picked":"Thunderclap","floor":5.0},{"not_picked":["Sword Boomerang","Headbutt"],"picked":"Cleave","floor":7.0},{"not_picked":["Armaments","Iron Wave"],"picked":"Spot Weakness","floor":12.0},{"not_picked":["Juggernaut","Barricade"],"picked":"Double Tap","floor":16.0},{"not_picked":["Demon Form","Juggernaut"],"picked":"Exhume","floor":33.0},{"not_picked":["Body Slam","Flame Barrier"],"picked":"Battle Trance","floor":37}],"player_experience":273132,"potions_floor_usage":[45,50,50],"damage_taken":[{"damage":16.0,"enemies":"Cultist","floor":1.0,"turns":4.0},{"damage":23.0,"enemies":"Jaw Worm","floor":2.0,"turns":4.0},{"damage":8.0,"enemies":"2 Louse","floor":5.0,"turns":4.0},{"damage":20.0,"enemies":"Gremlin Nob","floor":7.0,"turns":4.0},{"damage":5.0,"enemies":"Gremlin Gang","floor":11.0,"turns":4.0},{"damage":18.0,"enemies":"3 Sentries","floor":12.0,"turns":6.0},{"damage":49.0,"enemies":"Hexaghost","floor":16.0,"turns":9.0},{"damage":13.0,"enemies":"3 Byrds","floor":18.0,"turns":3.0},{"damage":51.0,"enemies":"Chosen","floor":20.0,"turns":6.0},{"damage":38.0,"enemies":"Centurion and Healer","floor":25.0,"turns":6.0},{"damage":28.0,"enemies":"Snake Plant","floor":30.0,"turns":3.0},{"damage":96.0,"enemies":"Champ","floor":33.0,"turns":11.0},{"damage":6,"enemies":"3 Shapes","floor":35,"turns":7},{"damage":43,"enemies":"3 Darklings","floor":37,"turns":4},{"damage":35,"enemies":"Sphere and 2 Shapes","floor":41,"turns":4},{"damage":71,"enemies":"2 Orb Walkers","floor":45,"turns":4},{"damage":43,"enemies":"Maw","floor":46,"turns":7},{"damage":20,"enemies":"4 Shapes","floor":48,"turns":3},{"damage":123,"enemies":"Time Eater","floor":50,"turns":8}],"event_choices":[{"event_name":"Big Fish","player_choice":"Banana","floor":3.0,"damage_taken":0.0},{"event_name":"Scrap Ooze","player_choice":"success","floor":13.0,"damage_taken":3.0},{"event_name":"Beggar","player_choice":"Gave Gold","floor":19.0,"damage_taken":0.0},{"event_name":"Cursed Tome","player_choice":"Obtained Book","floor":21.0,"damage_taken":0.0},{"event_name":"The Mausoleum","player_choice":"Yes","floor":23.0,"damage_taken":0.0},{"event_name":"Wheel of Change","player_choice":"Full Heal","floor":27.0,"damage_taken":0.0},{"event_name":"Knowing Skull","player_choice":"","floor":31.0,"damage_taken":0.0},{"event_name":"Wheel of Change","player_choice":"Gold","floor":39,"damage_taken":0},{"event_name":"Mysterious Sphere","player_choice":"Ignore","floor":44,"damage_taken":0},{"event_name":"Winding Halls","player_choice":"Writhe","floor":47,"damage_taken":0}],"boss_relics":[{"not_picked":["Astrolabe","Calling Bell"],"picked":"Runic Dome"}],"potions_floor_spawned":[1,2,7,12,20,30,35,41],"seed_played":"7219204956749505029","killed_by":"Time Eater","ascension_level":11,"is_trial":false}