{"path_per_floor":["M","?","$","M","M","R","M","E","T","?","M","R","E","M","R","B",null,"M","?","$","?","M","M","R","$","T","?","R","E","T","?","R"],"character_chosen":"IRONCLAD","items_purchased":["Offering","Spot Weakness","Regal Pillow"],"gold_per_floor":[218,218,66,76,94,94,107,138,193,193,203,203,238,256,256,351,351,361,361,286,286,305,316,316,89,89,89,89,120,120,120,120,120],"floor_reached":33,"campfire_rested":3,"playtime":997,"current_hp_per_floor":[72,72,72,67,62,62,52,40,40,40,42,66,69,61,61,30,68,46,46,46,46,44,27,51,51,51,51,51,52,52,52,82,0],"items_purged":["Strike_R"],"gold":120,"score":423,"play_id":"a884630f-3424-4631-86c3-267cce847925","local_time":"20180327214626","is_prod":false,"is_daily":false,"is_ascension_mode":true,"campfire_upgraded":3,"timestamp":1522179986,"path_taken":["M","?","$","M","M","R","M","E","T","?","M","R","E","M","R","BOSS","M","?","$","?","M","M","R","$","T","?","R","E","?","?","R","BOSS"],"build_version":"2018-03-22v2","purchased_purges":1,"victory":false,"master_deck":["Strike_R+1","Strike_R+1","Strike_R+1","Defend_R+1","Defend_R+1","Defend_R+1","Defend_R+1","Bash","AscendersBane","Iron Wave","Offering","Shrug It Off","Flame Barrier+1","Twin Strike+1","Thunderclap","Offering","Spot Weakness+1","Iron Wave"],"max_hp_per_floor":[80,80,80,80,80,80,80,80,80,80,80,80,80,80,80,80,80,80,80,80,80,80,80,80,80,80,80,80,82,82,82,82,82],"relics":["Burning Blood","Juzu Bracelet","Orichalcum","Anchor","White Beast Statue","Regal Pillow","Omamori","Singing Bowl","Bottled Lightning"],"card_choices":[{"not_picked":["Clothesline","Headbutt"],"picked":"Iron Wave","floor":1},{"not_picked":["Headbutt","Wild Strike"],"picked":"Shrug It Off","floor":4},{"not_picked":["Iron Wave","Armaments"],"picked":"Flame Barrier","floor":5},{"not_picked":["Heavy Blade","Sword Boomerang"],"picked":"Twin Strike","floor":7},{"not_picked":["Clash","Flame Barrier"],"picked":"Thunderclap","floor":11},{"not_picked":["Exhume","Dark Embrace"],"picked":"Offering","floor":16}],"player_experience":264190,"potions_floor_usage":[8,11,13,16,29,29,33,33],"damage_taken":[{"damage":6,"enemies":"Cultist","floor":1,"turns":3},{"damage":11,"enemies":"Jaw Worm","floor":4,"turns":3},{"damage":11,"enemies":"2 Louse","floor":5,"turns":3},{"damage":16,"enemies":"Large Slime","floor":7,"turns":10},{"damage":18,"enemies":"Lagavulin","floor":8,"turns":10},{"damage":4,"enemies":"Red Slaver","floor":11,"turns":4},{"damage":15,"enemies":"3 Sentries","floor":13,"turns":8},{"damage":14,"enemies":"Gremlin Gang","floor":14,"turns":4},{"damage":37,"enemies":"The Guardian","floor":16,"turns":14},{"damage":28,"enemies":"2 Thieves","floor":18,"turns":4},{"damage":8,"enemies":"Chosen","floor":22,"turns":3},{"damage":23,"enemies":"Snake Plant","floor":23,"turns":4},{"damage":13,"enemies":"Book of Stabbing","floor":29,"turns":4},{"damage":127,"enemies":"Automaton","floor":33,"turns":12}],"event_choices":[{"event_name":"Shining Light","player_choice":"Ignored","floor":2,"damage_taken":0},{"event_name":"The Lab","player_choice":"Got Potions","floor":10,"damage_taken":0},{"event_name":"Back to Basics","player_choice":"Simplicity","floor":19,"damage_taken":0},{"event_name":"Drug Dealer","player_choice":"Ignored","floor":21,"damage_taken":0},{"event_name":"Forgotten Altar","player_choice":"Smashed Altar","floor":27,"damage_taken":0},{"event_name":"Transmorgrifier","player_choice":"Transform","floor":31,"damage_taken":0}],"boss_relics":[{"not_picked":["Astrolabe","Pandora\u0027s Box"],"picked":"White Beast Statue"}],"potions_floor_spawned":[5,7,11,18,22,23,29],"seed_played":"2650475132080735504","killed_by":"Automaton","ascension_level":11,"is_trial":false}