{"path_per_floor":["M","?","M","M","?","R","E","R","T","M","R","?","M","M","R","B",null,"M","?","?","$","?","R","M","R","T","R","M","R","M","$","R"],"character_chosen":"IRONCLAD","items_purchased":["Whirlwind","Paper Frog"],"gold_per_floor":[115,115,129,149,149,149,180,180,206,224,224,324,336,350,350,427,427,444,444,444,73,73,73,87,87,87,87,99,99,114,14,14,14],"floor_reached":33,"campfire_rested":3,"playtime":939,"current_hp_per_floor":[77,77,80,80,85,85,49,49,49,34,74,74,64,47,47,8,66,41,41,41,41,41,41,39,79,79,79,48,48,23,23,63,0],"items_purged":["Decay","Clash"],"gold":14,"score":404,"play_id":"e3ca4ebb-0b4d-4f0d-a884-4ff719672332","local_time":"20180402200013","is_prod":false,"is_daily":false,"is_ascension_mode":true,"campfire_upgraded":6,"timestamp":1522692013,"path_taken":["M","?","M","?","?","R","E","R","T","M","R","?","M","M","R","BOSS","M","?","?","$","?","R","M","R","T","R","M","R","M","$","R","BOSS"],"build_version":"2018-03-29v2","purchased_purges":2,"victory":false,"master_deck":["Strike_R","Strike_R","Strike_R","Strike_R","Strike_R","Defend_R","Defend_R","Defend_R","Defend_R","Bash","AscendersBane","Flex+1","Spot Weakness","Demon Form+1","Cleave","Metallicize+1","True Grit+1","Whirlwind+1","Shrug It Off+1","Ghostly Armor+1"],"max_hp_per_floor":[80,80,80,80,85,85,85,85,85,85,85,85,85,85,85,85,85,85,85,85,85,85,85,85,85,85,85,85,85,85,85,85,85],"relics":["Burning Blood","Mummified Hand","Regal Pillow","Runic Cube","Paper Frog","Happy Flower"],"card_choices":[{"not_picked":["Searing Blow","Anger"],"picked":"Flex","floor":1.0},{"not_picked":["Feel No Pain","Corruption"],"picked":"Spot Weakness","floor":3.0},{"not_picked":["Body Slam","Carnage"],"picked":"Demon Form","floor":4.0},{"not_picked":["Second Wind","Demon Form"],"picked":"Clash","floor":7.0},{"not_picked":["Ghostly Armor","Rupture"],"picked":"Cleave","floor":10.0},{"not_picked":["Rage","Burning Pact"],"picked":"Metallicize","floor":13.0},{"not_picked":["Reckless Charge","Hemokinesis"],"picked":"True Grit","floor":14.0},{"not_picked":["Perfected Strike","Rampage"],"picked":"Shrug It Off","floor":24.0},{"not_picked":["Twin Strike","Shrug It Off"],"picked":"Ghostly Armor","floor":28.0}],"player_experience":278068,"potions_floor_usage":[33],"damage_taken":[{"damage":1.0,"enemies":"Small Slimes","floor":1.0,"turns":5.0},{"damage":0.0,"enemies":"2 Louse","floor":3.0,"turns":2.0},{"damage":6.0,"enemies":"Cultist","floor":4.0,"turns":4.0},{"damage":42.0,"enemies":"3 Sentries","floor":7.0,"turns":8.0},{"damage":21.0,"enemies":"3 Louse","floor":10.0,"turns":4.0},{"damage":16.0,"enemies":"Blue Slaver","floor":13.0,"turns":4.0},{"damage":23.0,"enemies":"Red Slaver","floor":14.0,"turns":5.0},{"damage":45.0,"enemies":"The Guardian","floor":16.0,"turns":11.0},{"damage":31.0,"enemies":"Shell Parasite","floor":18.0,"turns":7.0},{"damage":8.0,"enemies":"Spheric Guardian","floor":24.0,"turns":3.0},{"damage":37.0,"enemies":"Snake Plant","floor":28.0,"turns":4.0},{"damage":31.0,"enemies":"Centurion and Healer","floor":30.0,"turns":7.0},{"damage":78,"enemies":"Automaton","floor":33,"turns":6}],"event_choices":[{"event_name":"Shining Light","player_choice":"Ignored","floor":2.0,"damage_taken":0.0},{"event_name":"Big Fish","player_choice":"Donut","floor":5.0,"damage_taken":0.0},{"event_name":"Golden Shrine","player_choice":"Pray","floor":12.0,"damage_taken":0.0},{"event_name":"Forgotten Altar","player_choice":"Smashed Altar","floor":19.0,"damage_taken":0.0},{"event_name":"Drug Dealer","player_choice":"Ignored","floor":20.0,"damage_taken":0.0},{"event_name":"Beggar","player_choice":"Ignored","floor":22.0,"damage_taken":0.0}],"boss_relics":[],"potions_floor_spawned":[1,13,16,18],"seed_played":"1939261776480033506","killed_by":"Automaton","ascension_level":13,"is_trial":false}