{"path_per_floor":["M","M","M","M","?","R","$","R","T","R","M","?","$","T","R","B",null,"M","M","$","?","T","R","E","?","T","R","M","E","R","M","R","B",null,"M","?","M","?","$","R","E","?","T","?","?","M","T","$","R","B"],"character_chosen":"IRONCLAD","items_purchased":["Pommel Strike","Panacea","Offering"],"gold_per_floor":[115,129,142,161,161,161,86,86,386,386,406,406,168,168,168,239,239,239,239,88,88,88,88,88,88,88,88,88,88,88,88,88,88,88,88,88,88,88,88,88,88,0,0,0,0,0,0,0,0,0],"floor_reached":51,"campfire_rested":3,"playtime":1470,"current_hp_per_floor":[65,64,64,51,48,48,48,48,48,48,43,43,43,43,67,36,71,47,56,56,56,56,56,51,51,51,78,57,49,76,78,78,19,74,79,79,79,79,79,79,29,29,29,29,89,80,80,80,80,31],"items_purged":["Strike_R","Strike_R"],"gold":0,"score":1162,"play_id":"cc69fa3e-c07d-40ac-ab19-5f5e2502305d","local_time":"20180402213912","is_prod":false,"is_daily":false,"is_ascension_mode":true,"campfire_upgraded":7,"timestamp":1522697952,"path_taken":["M","M","M","M","?","R","$","R","T","R","M","?","$","?","R","BOSS","M","M","$","?","?","R","E","?","T","R","M","E","R","M","R","BOSS","M","?","M","?","$","R","E","?","T","?","?","M","?","?","R","BOSS"],"build_version":"2018-03-29v2","purchased_purges":3,"victory":true,"master_deck":["Strike_R","Strike_R","Strike_R+1","Defend_R","Defend_R","Defend_R","Defend_R","AscendersBane","Flex+1","Inflame","Feed","Pommel Strike","Panacea+1","Uppercut+1","Heavy Blade","Offering","Thunderclap","Battle Trance+1","Flex","Demon Form+1","True Grit","Apotheosis+1","Ghostly Armor+1","Shrug It Off"],"max_hp_per_floor":[80,80,80,80,80,80,80,80,80,80,80,80,80,80,80,83,83,86,89,89,89,89,89,92,92,92,92,92,92,92,92,92,92,92,95,95,98,98,98,98,102,102,102,102,89,89,89,89,89,89],"relics":["Burning Blood","Anchor","Thread and Needle","Ectoplasm","Nloth\u0027s Gift","Orichalcum","Omamori","Juzu Bracelet","Dream Catcher","Mark of Pain","Lantern","Red Mask","Pen Nib","Calipers"],"card_choices":[{"not_picked":["Body Slam","Heavy Blade"],"picked":"Flex","floor":4.0},{"not_picked":["Evolve","Rampage"],"picked":"Inflame","floor":11.0},{"not_picked":["Flex","Rupture"],"picked":"Uppercut","floor":18},{"not_picked":["Dual Wield","Twin Strike"],"picked":"Heavy Blade","floor":19},{"not_picked":["Anger","Shrug It Off"],"picked":"Thunderclap","floor":28},{"not_picked":["Armaments","Dark Embrace"],"picked":"Battle Trance","floor":29},{"not_picked":["Heavy Blade","Rage"],"picked":"Flex","floor":30},{"not_picked":["Brutality","Berserk"],"picked":"Demon Form","floor":33},{"not_picked":["Clash","Infernal Blade"],"picked":"True Grit","floor":35},{"not_picked":["Secret Technique","Mind Blast"],"picked":"Apotheosis","floor":36},{"not_picked":["Inflame","True Grit"],"picked":"Ghostly Armor","floor":37},{"not_picked":["Wild Strike","Sword Boomerang"],"picked":"Shrug It Off","floor":41}],"player_experience":279232,"potions_floor_usage":[18,24,29,33,33,33,41],"damage_taken":[{"damage":13.0,"enemies":"Jaw Worm","floor":1.0,"turns":4.0},{"damage":7.0,"enemies":"2 Louse","floor":2.0,"turns":3.0},{"damage":6.0,"enemies":"Cultist","floor":3.0,"turns":3.0},{"damage":19.0,"enemies":"Blue Slaver","floor":4.0,"turns":4.0},{"damage":11.0,"enemies":"Exordium Wildlife","floor":11.0,"turns":3.0},{"damage":40.0,"enemies":"The Guardian","floor":16.0,"turns":9.0},{"damage":33,"enemies":"3 Byrds","floor":18,"turns":5},{"damage":0,"enemies":"Shell Parasite","floor":19,"turns":4},{"damage":14,"enemies":"Book of Stabbing","floor":24,"turns":3},{"damage":27,"enemies":"3 Cultists","floor":28,"turns":5},{"damage":26,"enemies":"Slavers","floor":29,"turns":6},{"damage":4,"enemies":"Snecko","floor":31,"turns":3},{"damage":77,"enemies":"Automaton","floor":33,"turns":9},{"damage":4,"enemies":"3 Shapes","floor":35,"turns":3},{"damage":9,"enemies":"Orb Walker","floor":37,"turns":3},{"damage":60,"enemies":"2 Orb Walkers","floor":41,"turns":6},{"damage":15,"enemies":"3 Darklings","floor":46,"turns":4},{"damage":55,"enemies":"Donu and Deca","floor":50,"turns":7}],"event_choices":[{"event_name":"Scrap Ooze","player_choice":"success","floor":5.0,"damage_taken":3.0},{"event_name":"Match and Keep!","player_choice":"1 cards matched","floor":12.0,"damage_taken":0.0},{"event_name":"N\u0027loth","player_choice":"Traded a Old Coin","floor":21,"damage_taken":0},{"event_name":"Cursed Tome","player_choice":"Ignored","floor":25,"damage_taken":0},{"event_name":"SensoryStone","player_choice":"Memory 1","floor":36,"damage_taken":0},{"event_name":"Mysterious Sphere","player_choice":"Ignore","floor":38,"damage_taken":0},{"event_name":"Tomb of Lord Red Mask","player_choice":"Paid","floor":42,"damage_taken":0},{"event_name":"The Moai Head","player_choice":"Heal","floor":45,"damage_taken":0}],"boss_relics":[{"not_picked":["Philosopher\u0027s Stone","Snecko Eye"],"picked":"Mark of Pain"}],"potions_floor_spawned":[3,11,16,18,28,29,35],"seed_played":"-1488050632094096433","ascension_level":13,"is_trial":false}