{"path_per_floor":["M","$","?","M","?","R","E","R","T","M","R","?","E","T","R","B",null,"M","M","?","M","?","R","M","R","T","E","?","$","R","M","R","B",null,"M","$","M","M","T","R","M","R","T","?","?","T","R","M","R"],"character_chosen":"IRONCLAD","items_purchased":["Whirlwind","Regal Pillow","Pommel Strike","Mummified Hand","Battle Trance"],"gold_per_floor":[218,106,106,121,121,121,156,156,156,172,172,202,234,234,234,311,311,328,343,343,353,553,553,570,570,593,618,618,317,317,331,331,407,407,424,109,127,142,142,142,159,159,159,0,0,23,23,33,33,33],"floor_reached":50,"campfire_rested":2,"playtime":1364,"current_hp_per_floor":[73,73,78,80,73,73,62,62,69,75,75,72,50,50,50,48,77,72,58,58,57,57,63,51,57,57,28,28,28,75,81,87,45,77,63,63,46,19,19,68,58,66,66,66,66,66,74,68,76,0],"items_purged":["Strike_R","Strike_R"],"gold":33,"score":792,"play_id":"eb7b7b92-f727-4e07-8b7c-e6c6b1e117a5","local_time":"20180403112051","is_prod":false,"is_daily":false,"is_ascension_mode":true,"campfire_upgraded":9,"timestamp":1522747251,"path_taken":["M","$","?","M","?","R","E","R","T","M","R","?","E","?","R","BOSS","M","M","?","M","?","R","M","R","T","E","?","?","R","M","R","BOSS","M","$","M","M","?","R","M","R","T","?","?","?","R","M","R","BOSS"],"build_version":"2018-03-29v2","purchased_purges":2,"victory":false,"master_deck":["Strike_R","Strike_R","Defend_R","Defend_R","Defend_R","Bash","AscendersBane","Shockwave+1","Whirlwind+1","Flex+1","Feel No Pain+1","Thunderclap+1","Shrug It Off","Flex+1","Ghostly Armor+1","Pommel Strike+1","Metallicize+1","Limit Break+1","Battle Trance+1"],"max_hp_per_floor":[75,75,80,80,80,80,80,80,87,87,87,87,87,87,87,87,87,87,87,87,87,87,87,87,87,87,87,87,87,87,87,87,87,87,87,87,87,87,87,87,87,87,87,87,87,87,87,87,87,87],"relics":["Burning Blood","Vajra","Strawberry","Tiny Chest","Kunai","Happy Flower","Eternal Feather","Orichalcum","Frozen Egg 2","Regal Pillow","Mark of Pain","Mummified Hand","Art of War","Peace Pipe","Red Mask","Prayer Wheel"],"card_choices":[{"not_picked":["Heavy Blade","Dual Wield"],"picked":"Shockwave","floor":1.0},{"not_picked":["Second Wind","Thunderclap"],"picked":"Flex","floor":4.0},{"not_picked":["Entrench","Rupture"],"picked":"Feel No Pain","floor":7.0},{"not_picked":["Clothesline","Anger"],"picked":"Thunderclap","floor":10.0},{"not_picked":["Fire Breathing","Power Through"],"picked":"Flex","floor":24},{"not_picked":["Iron Wave","Combust"],"picked":"Ghostly Armor","floor":27},{"not_picked":["Perfected Strike","True Grit"],"picked":"Metallicize","floor":31},{"not_picked":["Berserk","Impervious"],"picked":"Limit Break","floor":33}],"player_experience":280702,"potions_floor_usage":[19,31,33,33,35,50,50],"damage_taken":[{"damage":1.0,"enemies":"Cultist","floor":1.0,"turns":4.0},{"damage":0.0,"enemies":"2 Louse","floor":4.0,"turns":2.0},{"damage":17.0,"enemies":"3 Sentries","floor":7.0,"turns":4.0},{"damage":0.0,"enemies":"Small Slimes","floor":10.0,"turns":1.0},{"damage":28.0,"enemies":"Gremlin Nob","floor":13.0,"turns":4.0},{"damage":8.0,"enemies":"Slime Boss","floor":16.0,"turns":5.0},{"damage":11.0,"enemies":"2 Thieves","floor":18.0,"turns":2.0},{"damage":20,"enemies":"Spheric Guardian","floor":19,"turns":4},{"damage":7,"enemies":"Centurion and Healer","floor":21,"turns":8},{"damage":18,"enemies":"Snake Plant","floor":24,"turns":4},{"damage":35,"enemies":"Slavers","floor":27,"turns":6},{"damage":0,"enemies":"3 Cultists","floor":31,"turns":2},{"damage":48,"enemies":"Automaton","floor":33,"turns":10},{"damage":20,"enemies":"3 Shapes","floor":35,"turns":2},{"damage":23,"enemies":"3 Darklings","floor":37,"turns":3},{"damage":33,"enemies":"Sphere and 2 Shapes","floor":38,"turns":7},{"damage":16,"enemies":"4 Shapes","floor":41,"turns":1},{"damage":12,"enemies":"3 Darklings","floor":48,"turns":2},{"damage":83,"enemies":"Time Eater","floor":50,"turns":9}],"event_choices":[{"event_name":"Big Fish","player_choice":"Donut","floor":3.0,"damage_taken":0.0},{"event_name":"Golden Wing","player_choice":"Card Removal","floor":5.0,"damage_taken":0.0},{"event_name":"Scrap Ooze","player_choice":"success","floor":12.0,"damage_taken":3.0},{"event_name":"The Library","player_choice":"Read","floor":20,"damage_taken":0},{"event_name":"Wheel of Change","player_choice":"Gold","floor":22,"damage_taken":0},{"event_name":"Vampires","player_choice":"Ignored","floor":28,"damage_taken":0},{"event_name":"Tomb of Lord Red Mask","player_choice":"Paid","floor":44,"damage_taken":0},{"event_name":"Mysterious Sphere","player_choice":"Ignore","floor":45,"damage_taken":0}],"boss_relics":[{"not_picked":["Runic Pyramid","Astrolabe"],"picked":"Mark of Pain"}],"potions_floor_spawned":[1,13,16,21,24,27,33,35,48],"seed_played":"-618452302371471928","killed_by":"Time Eater","ascension_level":14,"is_trial":false}