{"path_per_floor":["M","$","?","M","?","E","R","E","T","R","M","M","R","$","R","B",null,"M","?","M","?","M","R","$","M","T","R","M","R","?","M","R","B",null,"M","?","$","$","?","R","E","R","T","R","M","R","E","M","R","B"],"character_chosen":"IRONCLAD","items_purchased":["Inflame","Bag of Marbles"],"gold_per_floor":[114,35,35,49,49,90,90,131,158,158,171,195,195,120,120,240,240,259,259,284,284,300,300,200,219,246,246,260,260,260,280,280,384,384,398,398,273,122,174,174,207,207,232,232,249,249,279,297,297,297],"floor_reached":51,"campfire_rested":0,"playtime":1538,"current_hp_per_floor":[80,80,80,78,71,67,67,61,61,61,66,72,72,72,72,57,86,85,69,70,70,66,66,66,56,61,61,70,70,70,79,79,53,85,90,90,90,90,79,86,88,88,93,93,102,102,100,102,102,62],"items_purged":["Strike_R","Defend_R","Defend_R"],"gold":297,"score":1138,"play_id":"a48f2b10-35b9-43a9-b9c3-57d7d0269d3b","local_time":"20180401211007","is_prod":false,"is_daily":false,"is_ascension_mode":true,"campfire_upgraded":9,"timestamp":1522609807,"path_taken":["M","$","?","M","?","E","R","E","T","R","M","?","R","?","R","BOSS","M","?","M","?","M","R","$","M","T","R","M","R","?","M","R","BOSS","M","?","?","$","?","R","E","R","T","R","M","R","E","?","R","BOSS"],"build_version":"2018-03-29v2","purchased_purges":3,"victory":true,"master_deck":["Strike_R+1","Strike_R+1","Defend_R","Defend_R","AscendersBane","Flex+1","Inflame+1","Pommel Strike+1","Uppercut+1","Thunderclap+1","Offering+1","Pommel Strike+1","Body Slam+1","Berserk+1","Offering","Flex+1","Secret Technique","Double Tap+1","Clash"],"max_hp_per_floor":[88,88,81,81,81,95,95,95,95,95,95,95,95,95,95,95,95,95,95,95,95,95,95,95,95,95,95,95,95,95,95,95,95,95,95,95,95,95,95,102,102,102,102,102,102,102,102,102,102,102],"relics":["Burning Blood","Bloody Idol","Orichalcum","Mango","Blood Vial","Prayer Wheel","Astrolabe","Enchiridion","Pen Nib","Black Star","Bag of Marbles","Shovel","Strawberry","Pantograph","Mercury Hourglass","Bottled Flame","Whetstone","Dream Catcher","Smiling Mask","Matryoshka","Happy Flower"],"card_choices":[{"not_picked":["Power Through","Fire Breathing"],"picked":"Flex","floor":1},{"not_picked":["Clash","Ghostly Armor"],"picked":"Pommel Strike","floor":4},{"not_picked":["Rupture","Perfected Strike"],"picked":"Uppercut","floor":8},{"not_picked":["Headbutt","Feel No Pain"],"picked":"Thunderclap","floor":12},{"not_picked":["Dark Embrace","Fiend Fire"],"picked":"Offering","floor":16},{"not_picked":["Double Tap","Reaper"],"picked":"Offering","floor":33},{"not_picked":["Intimidate","Havoc"],"picked":"Flex","floor":35},{"not_picked":["Mind Blast","Enlightenment"],"picked":"Secret Technique","floor":36},{"not_picked":["Shrug It Off","Uppercut"],"picked":"Double Tap","floor":43},{"not_picked":["Flex","Dual Wield"],"picked":"Clash","floor":47}],"player_experience":274623,"potions_floor_usage":[6,8,16,16,22,33,50,50,50],"damage_taken":[{"damage":6,"enemies":"Cultist","floor":1,"turns":3},{"damage":8,"enemies":"2 Louse","floor":4,"turns":3},{"damage":24,"enemies":"3 Sentries","floor":6,"turns":8},{"damage":24,"enemies":"Lagavulin","floor":8,"turns":7},{"damage":3,"enemies":"Jaw Worm","floor":11,"turns":2},{"damage":2,"enemies":"3 Louse","floor":12,"turns":2},{"damage":23,"enemies":"Slime Boss","floor":16,"turns":8},{"damage":9,"enemies":"3 Byrds","floor":18,"turns":4},{"damage":7,"enemies":"Chosen","floor":20,"turns":4},{"damage":17,"enemies":"Snake Plant","floor":22,"turns":3},{"damage":23,"enemies":"Snecko","floor":25,"turns":4},{"damage":4,"enemies":"Centurion and Healer","floor":28,"turns":3},{"damage":4,"enemies":"Snake Plant","floor":31,"turns":1},{"damage":51,"enemies":"Collector","floor":33,"turns":6},{"damage":8,"enemies":"3 Darklings","floor":35,"turns":2},{"damage":24,"enemies":"Mysterious Sphere","floor":39,"turns":2},{"damage":11,"enemies":"Giant Head","floor":41,"turns":3},{"damage":4,"enemies":"Orb Walker","floor":45,"turns":1},{"damage":13,"enemies":"2 Orb Walkers","floor":47,"turns":2},{"damage":8,"enemies":"Sphere and 2 Shapes","floor":48,"turns":1},{"damage":46,"enemies":"Donu and Deca","floor":50,"turns":4}],"event_choices":[{"event_name":"Golden Idol","player_choice":"Lose Max HP","floor":3,"damage_taken":0},{"event_name":"Scrap Ooze","player_choice":"success","floor":5,"damage_taken":7},{"event_name":"Cursed Tome","player_choice":"Obtained Book","floor":19,"damage_taken":0},{"event_name":"Forgotten Altar","player_choice":"Gave Idol","floor":21,"damage_taken":0},{"event_name":"The Mausoleum","player_choice":"No","floor":30,"damage_taken":0},{"event_name":"SensoryStone","player_choice":"Memory 1","floor":36,"damage_taken":0},{"event_name":"Mysterious Sphere","player_choice":"Fight","floor":39,"damage_taken":0}],"boss_relics":[{"not_picked":["Philosopher\u0027s Stone","Calling Bell"],"picked":"Astrolabe"},{"not_picked":["Eternal Feather","Orrery"],"picked":"Black Star"}],"potions_floor_spawned":[1,4,8,12,18,25,28,45,48],"seed_played":"5601068913848287805","ascension_level":11,"is_trial":false}