{"path_per_floor":["M","M","?","M","M","E","R","$","T","M","M","R","?","M","R"],"character_chosen":"IRONCLAD","items_purchased":["Molten Egg 2"],"gold_per_floor":[111,129,204,222,235,264,264,7,7,24,41,41,41,62,62,62],"floor_reached":16,"campfire_rested":3,"playtime":548,"current_hp_per_floor":[74,73,62,52,52,17,41,41,41,47,35,59,59,58,76,0],"items_purged":[],"gold":62,"score":177,"play_id":"ce0cf3c8-46a7-4620-9307-394a261a13eb","local_time":"20180413131712","is_prod":false,"is_daily":false,"chose_seed":false,"is_ascension_mode":true,"campfire_upgraded":0,"timestamp":1523618232,"path_taken":["M","M","?","M","M","E","R","?","T","M","M","R","?","M","R","BOSS"],"build_version":"2018-04-12","seed_source_timestamp":1608895633824,"purchased_purges":0,"victory":false,"master_deck":["Strike_R","Strike_R","Strike_R","Strike_R","Strike_R","Defend_R","Defend_R","Defend_R","Defend_R","Bash","AscendersBane","Battle Trance","Shrug It Off","Flex","Cleave","Thunderclap+1","Whirlwind+1"],"max_hp_per_floor":[82,82,82,82,82,82,82,82,82,82,82,82,76,76,76,76],"relics":["Burning Blood","Strawberry","Pantograph","Molten Egg 2","Toolbox","Golden Idol"],"card_choices":[{"not_picked":["True Grit","Anger"],"picked":"Battle Trance","floor":1},{"not_picked":["Heavy Blade","Bloodletting"],"picked":"Shrug It Off","floor":2},{"not_picked":["Clash","Battle Trance"],"picked":"Flex","floor":5},{"not_picked":["Seeing Red","Shockwave"],"picked":"Cleave","floor":6},{"not_picked":["Armaments","Carnage"],"picked":"Thunderclap","floor":11},{"not_picked":["Barricade","Metallicize"],"picked":"Whirlwind","floor":14}],"player_experience":291941,"potions_floor_usage":[5,16],"damage_taken":[{"damage":7,"enemies":"2 Louse","floor":1,"turns":4},{"damage":7,"enemies":"Jaw Worm","floor":2,"turns":3},{"damage":16,"enemies":"Cultist","floor":4,"turns":4},{"damage":6,"enemies":"3 Louse","floor":5,"turns":3},{"damage":41,"enemies":"3 Sentries","floor":6,"turns":12},{"damage":0,"enemies":"Blue Slaver","floor":10,"turns":4},{"damage":18,"enemies":"Lots of Slimes","floor":11,"turns":4},{"damage":7,"enemies":"Looter","floor":14,"turns":4},{"damage":78,"enemies":"Hexaghost","floor":16,"turns":11}],"event_choices":[{"event_name":"World of Goop","player_choice":"Gather Gold","floor":3,"damage_taken":0},{"event_name":"Golden Idol","player_choice":"Lose Max HP","floor":13,"damage_taken":0}],"boss_relics":[],"potions_floor_spawned":[4,11,14],"seed_played":"-3384391167934342345","killed_by":"Hexaghost","ascension_level":14,"is_trial":false}