{"path_per_floor":["M","?","M","M","?","R","$","E","T","R","$","M","?","E","R","B",null,"M","M","$","M","?","R","E","R","T","E","R","M","R","?","R","B",null,"M","$","?","?","?","R","E","M","T","E","R","$","R","?","R"],"character_chosen":"IRONCLAD","items_purchased":["Pen Nib","Pommel Strike","True Grit","Orichalcum"],"gold_per_floor":[211,211,225,237,309,309,89,115,115,115,68,83,83,117,117,191,191,205,218,69,85,0,0,28,28,54,82,82,99,99,99,99,178,178,190,41,41,0,100,100,125,141,141,176,176,51,51,51,51,51],"floor_reached":50,"campfire_rested":7,"playtime":1357,"current_hp_per_floor":[70,70,67,68,68,68,68,50,50,50,50,45,30,19,41,47,68,68,63,63,62,62,62,38,60,60,27,49,34,57,57,77,15,63,37,37,71,71,71,71,73,48,48,30,51,51,72,72,72,0],"items_purged":["Strike_R","Strike_R","Pain"],"gold":51,"score":1046,"play_id":"09e4405f-6590-4755-91cd-40d31f479b08","local_time":"20180414132652","is_prod":false,"is_daily":false,"chose_seed":false,"is_ascension_mode":true,"campfire_upgraded":5,"timestamp":1523705212,"path_taken":["M","?","M","M","?","R","$","E","T","R","$","M","?","E","R","BOSS","M","M","$","M","?","R","E","R","T","E","R","M","R","?","R","BOSS","M","$","?","?","?","R","E","M","T","E","R","$","R","?","R","BOSS"],"build_version":"2018-04-12","seed_source_timestamp":87697267216325,"purchased_purges":3,"victory":false,"master_deck":["Strike_R+1","Strike_R+1","Strike_R+1","Defend_R","Defend_R","Defend_R","Defend_R","Bash+1","AscendersBane","Bludgeon+1","Pommel Strike+1","Whirlwind+1","Double Tap+1","Seeing Red+1","Inflame","Decay","Limit Break+1","Seeing Red","Seeing Red+1"],"max_hp_per_floor":[75,75,75,75,75,75,75,75,75,75,75,75,75,75,75,75,75,75,75,75,75,75,75,75,75,75,75,75,77,77,77,77,79,79,81,81,71,71,71,71,73,73,73,73,73,73,73,73,73,73],"relics":["Burning Blood","Pen Nib","Ice Cream","Paper Frog","Juzu Bracelet","Cursed Key","Shuriken","Whetstone","Singing Bowl","Ornamental Fan","Runic Dome","Orichalcum","Red Mask","Pantograph","Bottled Flame","Molten Egg 2"],"card_choices":[{"not_picked":["Havoc","Dropkick"],"picked":"Bludgeon","floor":4.0},{"not_picked":["True Grit","Sword Boomerang"],"picked":"Whirlwind","floor":12.0},{"not_picked":["Feed","Demon Form"],"picked":"Double Tap","floor":16.0},{"not_picked":["Clothesline","True Grit"],"picked":"Seeing Red","floor":21.0},{"not_picked":["Cleave","Warcry"],"picked":"Inflame","floor":24.0},{"not_picked":["Dual Wield","Clothesline"],"picked":"Limit Break","floor":27.0},{"not_picked":["Havoc","Sentinel"],"picked":"Seeing Red","floor":42},{"not_picked":["Reckless Charge","Anger"],"picked":"Seeing Red","floor":44}],"player_experience":294842,"potions_floor_usage":[41,41,50],"damage_taken":[{"damage":4.0,"enemies":"Cultist","floor":1.0,"turns":5.0},{"damage":9.0,"enemies":"Jaw Worm","floor":3.0,"turns":6.0},{"damage":5.0,"enemies":"Small Slimes","floor":4.0,"turns":3.0},{"damage":24.0,"enemies":"Gremlin Nob","floor":8.0,"turns":4.0},{"damage":11.0,"enemies":"Looter","floor":12.0,"turns":2.0},{"damage":17.0,"enemies":"3 Sentries","floor":14.0,"turns":6.0},{"damage":0.0,"enemies":"Slime Boss","floor":16.0,"turns":3.0},{"damage":6.0,"enemies":"3 Byrds","floor":18.0,"turns":5.0},{"damage":11.0,"enemies":"2 Thieves","floor":19.0,"turns":2.0},{"damage":7.0,"enemies":"Snake Plant","floor":21.0,"turns":3.0},{"damage":30.0,"enemies":"Gremlin Leader","floor":24.0,"turns":4.0},{"damage":39.0,"enemies":"Book of Stabbing","floor":27.0,"turns":4.0},{"damage":23.0,"enemies":"Centurion and Healer","floor":29.0,"turns":2.0},{"damage":70.0,"enemies":"Collector","floor":33.0,"turns":6.0},{"damage":34.0,"enemies":"3 Shapes","floor":35.0,"turns":3.0},{"damage":6,"enemies":"2 Orb Walkers","floor":41,"turns":2},{"damage":31,"enemies":"3 Darklings","floor":42,"turns":6},{"damage":24,"enemies":"Nemesis","floor":44,"turns":3},{"damage":92,"enemies":"Awakened One","floor":50,"turns":6}],"event_choices":[{"event_name":"Accursed Blacksmith","player_choice":"Ignore","floor":2.0,"damage_taken":0.0},{"event_name":"Golden Wing","player_choice":"Gained Gold","floor":5.0,"damage_taken":0.0},{"event_name":"Shining Light","player_choice":"Entered Light","floor":13.0,"damage_taken":0.0},{"event_name":"Addict","player_choice":"Obtained Relic","floor":22.0,"damage_taken":0.0},{"event_name":"Vampires","player_choice":"Ignored","floor":31.0,"damage_taken":0.0},{"event_name":"The Moai Head","player_choice":"Heal","floor":37.0,"damage_taken":0.0},{"event_name":"Tomb of Lord Red Mask","player_choice":"Paid","floor":38.0,"damage_taken":0.0},{"event_name":"Golden Shrine","player_choice":"Pray","floor":39.0,"damage_taken":0.0}],"boss_relics":[],"potions_floor_spawned":[4,16,24,29,33,44],"seed_played":"380287550252556192","killed_by":"Awakened One","ascension_level":14,"is_trial":false}