{"path_per_floor":["M","$","?","$","?","R","M","E","T","T","R","M","M","E","R","B",null,"M","?","M","M","$","R","E","R","T","$","M","?","M","M","R","B",null,"M","M","M","M","$","R","?","R","T","M","M","R","?","M","R","B"],"character_chosen":"IRONCLAD","items_purchased":["Feel No Pain","Reckless Charge","Corruption","Paper Frog","Inflame"],"gold_per_floor":[115,27,102,20,20,20,40,69,139,139,139,156,171,201,201,278,278,290,290,302,319,26,26,60,60,86,11,26,26,41,54,54,131,131,150,163,178,195,195,195,0,0,0,19,34,34,34,47,47,47],"floor_reached":51,"campfire_rested":2,"playtime":1801,"current_hp_per_floor":[74,74,63,63,56,56,62,68,68,68,68,74,75,71,71,16,60,65,65,61,50,50,50,28,50,50,50,56,75,69,63,63,46,68,61,55,61,59,59,59,59,59,59,50,48,70,70,75,75,53],"items_purged":["Strike_R"],"gold":47,"score":1204,"play_id":"08357fb8-7d9b-4827-bed8-7e96ecc4f836","local_time":"20180417110005","is_prod":false,"is_daily":false,"chose_seed":false,"is_ascension_mode":true,"campfire_upgraded":5,"timestamp":1523955605,"path_taken":["M","$","?","?","?","R","M","E","T","?","R","M","M","E","R","BOSS","M","?","M","M","$","R","E","R","T","$","M","?","M","M","R","BOSS","M","?","M","M","$","R","?","R","T","M","M","R","?","M","R","BOSS"],"build_version":"2018-04-12","seed_source_timestamp":169315204976626,"purchased_purges":2,"victory":true,"master_deck":["Strike_R","Strike_R","Strike_R","Defend_R","Defend_R","Defend_R","Bash","AscendersBane","Whirlwind+1","Feel No Pain+1","Reckless Charge+1","Corruption+1","Metallicize","Seeing Red","Fiend Fire+1","Reckless Charge+1","Feel No Pain+1","Inflame","Battle Trance","Dark Embrace+1","Feel No Pain","Reckless Charge+1","Infernal Blade"],"max_hp_per_floor":[75,75,75,75,75,75,75,75,75,75,75,75,75,75,75,75,75,75,75,75,75,75,75,75,75,75,75,75,75,75,75,75,75,75,75,75,75,75,75,75,75,75,75,75,75,75,75,75,75,75],"relics":["Burning Blood","NeowsBlessing","Orichalcum","Shuriken","Shovel","Molten Egg 2","Runic Dome","Paper Frog","Toolbox","Bag of Marbles","Charon\u0027s Ashes","Runic Cube","Red Mask","Bottled Lightning","Centennial Puzzle","Smiling Mask"],"card_choices":[{"not_picked":["Armaments","Twin Strike"],"picked":"Whirlwind","floor":1},{"not_picked":["Cleave","Bludgeon"],"picked":"Metallicize","floor":13},{"not_picked":["Inflame","Twin Strike"],"picked":"Seeing Red","floor":14},{"not_picked":["Bludgeon","Barricade"],"picked":"Fiend Fire","floor":16},{"not_picked":["Pommel Strike","Power Through"],"picked":"Reckless Charge","floor":18},{"not_picked":["Clothesline","Entrench"],"picked":"Feel No Pain","floor":21},{"not_picked":["Twin Strike","Thunderclap"],"picked":"Battle Trance","floor":31},{"not_picked":["Fiend Fire","Feed"],"picked":"Dark Embrace","floor":33},{"not_picked":["Second Wind","Rage"],"picked":"Feel No Pain","floor":35},{"not_picked":["Clash","Havoc"],"picked":"Reckless Charge","floor":37},{"not_picked":["Searing Blow","Sword Boomerang"],"picked":"Infernal Blade","floor":38}],"player_experience":301099,"potions_floor_usage":[14,16,24,24,33,33,35,37,45,48,50],"damage_taken":[{"damage":0,"enemies":"Jaw Worm","floor":1,"turns":1},{"damage":0,"enemies":"2 Louse","floor":7,"turns":1},{"damage":0,"enemies":"3 Sentries","floor":8,"turns":1},{"damage":0,"enemies":"Cultist","floor":12,"turns":4},{"damage":3,"enemies":"2 Fungi Beasts","floor":13,"turns":2},{"damage":10,"enemies":"Gremlin Nob","floor":14,"turns":4},{"damage":61,"enemies":"Hexaghost","floor":16,"turns":12},{"damage":1,"enemies":"3 Byrds","floor":18,"turns":5},{"damage":10,"enemies":"Shell Parasite","floor":20,"turns":5},{"damage":17,"enemies":"Cultist and Chosen","floor":21,"turns":8},{"damage":28,"enemies":"Gremlin Leader","floor":24,"turns":6},{"damage":0,"enemies":"Snecko","floor":28,"turns":5},{"damage":12,"enemies":"Snake Plant","floor":30,"turns":4},{"damage":12,"enemies":"Chosen and Byrds","floor":31,"turns":8},{"damage":23,"enemies":"Collector","floor":33,"turns":9},{"damage":13,"enemies":"3 Darklings","floor":35,"turns":2},{"damage":12,"enemies":"3 Shapes","floor":36,"turns":2},{"damage":0,"enemies":"3 Darklings","floor":37,"turns":1},{"damage":8,"enemies":"4 Shapes","floor":38,"turns":4},{"damage":15,"enemies":"Sphere and 2 Shapes","floor":44,"turns":5},{"damage":8,"enemies":"Maw","floor":45,"turns":5},{"damage":0,"enemies":"4 Shapes","floor":48,"turns":5},{"damage":28,"enemies":"Donu and Deca","floor":50,"turns":6}],"event_choices":[{"event_name":"World of Goop","player_choice":"Gather Gold","floor":3,"damage_taken":0},{"event_name":"Golden Wing","player_choice":"Card Removal","floor":5,"damage_taken":0},{"event_name":"The Lab","player_choice":"Got Potions","floor":19,"damage_taken":0},{"event_name":"The Library","player_choice":"Heal","floor":29,"damage_taken":0},{"event_name":"Tomb of Lord Red Mask","player_choice":"Paid","floor":41,"damage_taken":0}],"boss_relics":[{"not_picked":["Tiny House","Eternal Feather"],"picked":"Runic Dome"},{"not_picked":["Calling Bell","Pandora\u0027s Box"],"picked":"Runic Cube"}],"potions_floor_spawned":[12,13,14,16,24,31,33,37,44,45,48],"seed_played":"-871959864574894224","ascension_level":14,"is_trial":false}