{"path_per_floor":["M","M","M","M","M","R","?","R","T","R","M","M","?","?","R"],"character_chosen":"IRONCLAD","items_purchased":[],"gold_per_floor":[19,37,48,58,71,71,71,71,71,71,91,107,107,135,135,135],"floor_reached":16,"campfire_rested":0,"playtime":395,"current_hp_per_floor":[82,82,81,62,56,56,56,56,56,56,62,61,54,52,52,0],"items_purged":[],"gold":135,"score":160,"play_id":"fc4b5df7-2a9e-4ac4-abca-d88e2c1c21c2","local_time":"20180413103955","is_prod":false,"is_daily":false,"chose_seed":false,"is_ascension_mode":true,"campfire_upgraded":4,"timestamp":1523608795,"path_taken":["M","M","M","M","M","R","?","R","T","R","M","M","?","?","R","BOSS"],"build_version":"2018-04-12","seed_source_timestamp":1197846487691761,"purchased_purges":0,"victory":false,"master_deck":["Strike_R","Strike_R","Strike_R","Strike_R","Strike_R","Defend_R","Defend_R","Defend_R","Defend_R","Bash+1","AscendersBane","Cleave+1","Twin Strike","Flex+1","Shrug It Off+1"],"max_hp_per_floor":[89,89,89,89,89,89,89,89,89,89,89,89,89,89,89,89],"relics":["Burning Blood","Letter Opener","Du-Vu Doll","Odd Mushroom"],"card_choices":[{"not_picked":["Ghostly Armor","Clash"],"picked":"Cleave","floor":2.0},{"not_picked":["Hemokinesis","Heavy Blade"],"picked":"Twin Strike","floor":4.0},{"not_picked":["Metallicize","Twin Strike"],"picked":"Flex","floor":5.0},{"not_picked":["Infernal Blade","Sever Soul"],"picked":"Shrug It Off","floor":12.0}],"player_experience":289945,"potions_floor_usage":[16],"damage_taken":[{"damage":6.0,"enemies":"2 Louse","floor":1.0,"turns":3.0},{"damage":6.0,"enemies":"Cultist","floor":2.0,"turns":3.0},{"damage":7.0,"enemies":"Small Slimes","floor":3.0,"turns":4.0},{"damage":25.0,"enemies":"3 Louse","floor":4.0,"turns":3.0},{"damage":12.0,"enemies":"Exordium Thugs","floor":5.0,"turns":3.0},{"damage":0.0,"enemies":"Gremlin Gang","floor":11.0,"turns":3.0},{"damage":7.0,"enemies":"2 Fungi Beasts","floor":12.0,"turns":2.0},{"damage":8.0,"enemies":"The Mushroom Lair","floor":14.0,"turns":4.0},{"damage":52,"enemies":"Hexaghost","floor":16,"turns":9}],"event_choices":[{"event_name":"The Woman in Blue","player_choice":"Bought 0 Potions","floor":7.0,"damage_taken":0.0},{"event_name":"Scrap Ooze","player_choice":"success","floor":13.0,"damage_taken":7.0},{"event_name":"Mushrooms","player_choice":"Fought Mushrooms","floor":14.0,"damage_taken":0.0}],"boss_relics":[],"potions_floor_spawned":[3,4,5],"seed_played":"-9093318538267515029","killed_by":"Hexaghost","ascension_level":14,"is_trial":false}