{"path_per_floor":["M","?","$","?","M","R","E","R","T","M","M","M","R","E","R","B",null,"M","M","?","$","T","R","E","R","T","$","?","R","E","$","R","B",null,"M","?","?","$","T","R","E","R","T","E","?","M","R","?","R"],"character_chosen":"IRONCLAD","items_purchased":["Paper Frog","Flex","True Grit","Battle Trance","Thunderclap"],"gold_per_floor":[114,189,114,114,124,124,151,151,174,193,210,222,222,249,249,321,321,337,350,350,49,49,49,84,84,136,84,84,84,117,45,45,122,122,142,142,142,19,66,66,101,101,101,127,127,141,141,0,0,0],"floor_reached":50,"campfire_rested":4,"playtime":1350,"current_hp_per_floor":[74,63,63,60,66,66,72,72,72,75,75,75,75,71,71,31,64,63,49,49,49,49,49,46,68,68,68,68,68,50,50,72,26,63,56,56,56,56,56,75,53,75,75,71,71,75,75,75,75,0],"items_purged":["Strike_R","Defend_R"],"gold":0,"score":957,"play_id":"fbc7e814-6f38-4422-a1af-0e319049e793","local_time":"20180410213050","is_prod":false,"is_daily":false,"is_ascension_mode":true,"campfire_upgraded":8,"timestamp":1523388650,"path_taken":["M","?","$","?","?","R","E","R","T","M","M","M","R","E","R","BOSS","M","M","?","$","?","R","E","R","T","$","?","R","E","$","R","BOSS","M","?","?","?","?","R","E","R","T","E","?","M","R","?","R","BOSS"],"build_version":"2018-04-05v2","purchased_purges":2,"victory":false,"master_deck":["Strike_R","Strike_R","Strike_R","Defend_R","Defend_R","Bash+1","AscendersBane","Twin Strike","Shockwave+1","Shrug It Off+1","Cleave+1","Flex+1","True Grit+1","Battle Trance","Offering+1","Pommel Strike+1","Offering","Thunderclap","Flex+1"],"max_hp_per_floor":[75,75,75,75,75,75,75,75,75,75,75,75,75,75,75,75,75,75,75,75,75,75,75,75,75,75,75,75,75,75,75,75,75,75,75,75,75,75,75,75,75,75,75,75,75,75,75,75,75,75],"relics":["Black Blood","NeowsBlessing","Vajra","Meat on the Bone","Orichalcum","Lantern","Paper Frog","Dead Branch","Pen Nib","Oddly Smooth Stone","Peace Pipe","Mark of Pain","Bronze Scales","Juzu Bracelet","Du-Vu Doll","Prayer Wheel","Red Mask"],"card_choices":[{"not_picked":["Burning Pact","Headbutt"],"picked":"Twin Strike","floor":1.0},{"not_picked":["Sword Boomerang","Twin Strike"],"picked":"Shockwave","floor":5.0},{"not_picked":["Heavy Blade","Rampage"],"picked":"Shrug It Off","floor":10.0},{"not_picked":["Rupture","Clothesline"],"picked":"Cleave","floor":11.0},{"not_picked":["Dark Embrace","Demon Form"],"picked":"Offering","floor":33.0},{"not_picked":["Armaments","Body Slam"],"picked":"Pommel Strike","floor":35.0},{"not_picked":["Rage","Headbutt"],"picked":"Flex","floor":46.0}],"player_experience":284021,"potions_floor_usage":[50,50,50],"damage_taken":[{"damage":0.0,"enemies":"Cultist","floor":1.0,"turns":1.0},{"damage":0.0,"enemies":"Small Slimes","floor":5.0,"turns":1.0},{"damage":0.0,"enemies":"Lagavulin","floor":7.0,"turns":1.0},{"damage":3.0,"enemies":"Jaw Worm","floor":10.0,"turns":2.0},{"damage":0.0,"enemies":"2 Fungi Beasts","floor":11.0,"turns":3.0},{"damage":3.0,"enemies":"Exordium Wildlife","floor":12.0,"turns":2.0},{"damage":10.0,"enemies":"Gremlin Nob","floor":14.0,"turns":3.0},{"damage":58.0,"enemies":"Hexaghost","floor":16.0,"turns":11.0},{"damage":11.0,"enemies":"3 Byrds","floor":18.0,"turns":5.0},{"damage":24.0,"enemies":"2 Thieves","floor":19.0,"turns":4.0},{"damage":25.0,"enemies":"Gremlin Leader","floor":24.0,"turns":5.0},{"damage":28.0,"enemies":"Slavers","floor":30.0,"turns":5.0},{"damage":68.0,"enemies":"Collector","floor":33.0,"turns":8.0},{"damage":29.0,"enemies":"3 Darklings","floor":35.0,"turns":4.0},{"damage":64.0,"enemies":"Nemesis","floor":41.0,"turns":9.0},{"damage":14.0,"enemies":"Giant Head","floor":44.0,"turns":5.0},{"damage":5.0,"enemies":"Orb Walker","floor":46.0,"turns":2.0},{"damage":93,"enemies":"Awakened One","floor":50,"turns":8}],"event_choices":[{"event_name":"World of Goop","player_choice":"Gather Gold","floor":2.0,"damage_taken":0.0},{"event_name":"Scrap Ooze","player_choice":"success","floor":4.0,"damage_taken":3.0},{"event_name":"Bonfire Elementals","player_choice":"BASIC","floor":20.0,"damage_taken":0.0},{"event_name":"The Mausoleum","player_choice":"No","floor":28.0,"damage_taken":0.0},{"event_name":"Match and Keep!","player_choice":"1 cards matched","floor":36.0,"damage_taken":0.0},{"event_name":"The Lab","player_choice":"Got Potions","floor":45.0,"damage_taken":0.0},{"event_name":"Tomb of Lord Red Mask","player_choice":"Paid","floor":48.0,"damage_taken":0.0}],"boss_relics":[],"potions_floor_spawned":[1,5,7,14,18,24,35],"seed_played":"995729666889242627","killed_by":"Awakened One","ascension_level":14,"is_trial":false}