{"path_per_floor":["M","$","M","?","?","R","E","M","T","R","M","R","M","M","R","B",null,"M","$","M","?","M","E","R","E","T","R","?","R","M","M","R"],"character_chosen":"IRONCLAD","items_purchased":["Whirlwind"],"gold_per_floor":[116,7,22,122,122,122,163,183,183,183,197,197,216,232,232,321,321,334,234,247,172,188,232,232,272,296,296,296,296,321,335,335,335],"floor_reached":33,"campfire_rested":5,"playtime":1009,"current_hp_per_floor":[68,68,62,62,62,62,38,44,44,64,69,69,64,69,69,38,61,69,69,43,43,20,16,36,42,42,62,46,66,63,21,41,0],"items_purged":["Strike_R","Defend_R"],"gold":335,"score":488,"play_id":"38d5715c-a6a3-4c8c-a0e0-c84cce569c5e","local_time":"20180411193349","is_prod":false,"is_daily":false,"is_ascension_mode":true,"campfire_upgraded":3,"timestamp":1523468029,"path_taken":["M","?","?","?","?","R","E","M","T","R","M","R","M","?","R","BOSS","M","$","M","?","M","E","R","E","T","R","?","R","M","?","R","BOSS"],"build_version":"2018-04-05v2","purchased_purges":2,"victory":false,"master_deck":["Strike_R","Strike_R","Strike_R","Defend_R","Defend_R+1","Defend_R+1","Bash","AscendersBane","Spot Weakness","Whirlwind+1","Pommel Strike+1","Inflame+1","Reaper","Limit Break","Uppercut+1","Fire Breathing+1"],"max_hp_per_floor":[75,75,75,75,69,69,69,69,69,69,69,69,69,69,69,69,69,69,69,69,69,69,69,69,69,69,69,69,69,69,69,69,69],"relics":["Burning Blood","Lantern","Golden Idol","Shuriken","Omamori","Runic Cube","Vajra","Mercury Hourglass","War Paint"],"card_choices":[{"not_picked":["Reckless Charge","Dual Wield"],"picked":"Spot Weakness","floor":1.0},{"not_picked":["Twin Strike","Corruption"],"picked":"Pommel Strike","floor":3.0},{"not_picked":["Wild Strike","Battle Trance"],"picked":"Inflame","floor":7.0},{"not_picked":["Anger","Rupture"],"picked":"Reaper","floor":8.0},{"not_picked":["Berserk","Demon Form"],"picked":"Limit Break","floor":16.0},{"not_picked":["Anger","Entrench"],"picked":"Uppercut","floor":23.0},{"not_picked":["Body Slam","Whirlwind"],"picked":"Fire Breathing","floor":31}],"player_experience":286615,"potions_floor_usage":[31],"damage_taken":[{"damage":6.0,"enemies":"Cultist","floor":1.0,"turns":3.0},{"damage":12.0,"enemies":"Jaw Worm","floor":3.0,"turns":2.0},{"damage":30.0,"enemies":"Lagavulin","floor":7.0,"turns":6.0},{"damage":0.0,"enemies":"2 Louse","floor":8.0,"turns":1.0},{"damage":9.0,"enemies":"Red Slaver","floor":11.0,"turns":4.0},{"damage":11.0,"enemies":"Blue Slaver","floor":13.0,"turns":3.0},{"damage":0.0,"enemies":"Large Slime","floor":14.0,"turns":4.0},{"damage":37.0,"enemies":"Slime Boss","floor":16.0,"turns":7.0},{"damage":7.0,"enemies":"Chosen","floor":18.0,"turns":4.0},{"damage":42.0,"enemies":"2 Thieves","floor":20.0,"turns":5.0},{"damage":36.0,"enemies":"Snecko","floor":22.0,"turns":5.0},{"damage":40.0,"enemies":"Gremlin Leader","floor":23.0,"turns":6.0},{"damage":54.0,"enemies":"Slavers","floor":25.0,"turns":3.0},{"damage":22.0,"enemies":"Centurion and Healer","floor":30.0,"turns":5.0},{"damage":60,"enemies":"Slaver and Parasite","floor":31,"turns":5},{"damage":51,"enemies":"Champ","floor":33,"turns":5}],"event_choices":[{"event_name":"Golden Shrine","player_choice":"Pray","floor":4.0,"damage_taken":0.0},{"event_name":"Golden Idol","player_choice":"Lose Max HP","floor":5.0,"damage_taken":0.0},{"event_name":"Beggar","player_choice":"Gave Gold","floor":21.0,"damage_taken":0.0},{"event_name":"Cursed Tome","player_choice":"Obtained Book","floor":28.0,"damage_taken":0.0}],"boss_relics":[],"potions_floor_spawned":[1,7,8,11,16,22,30,31],"seed_played":"2051342674967753165","killed_by":"Champ","ascension_level":14,"is_trial":false}