{"path_per_floor":["M","M","$","?","M","E","R","E","T","R","M","E","R","?","R","B",null,"M","M","?","?"],"character_chosen":"IRONCLAD","items_purchased":["Cleave"],"gold_per_floor":[10,27,1,1,16,41,41,69,69,69,79,104,104,54,54,132,132,143,157,207,207,207],"floor_reached":22,"campfire_rested":1,"playtime":708,"current_hp_per_floor":[66,71,71,71,75,66,66,56,56,56,58,45,45,45,67,27,63,66,44,44,44,0],"items_purged":[],"gold":207,"score":343,"play_id":"9153c79e-70fc-4647-b463-0f978a0dd837","local_time":"20180417102117","is_prod":false,"is_daily":false,"chose_seed":false,"is_ascension_mode":true,"campfire_upgraded":3,"timestamp":1523953277,"path_taken":["M","M","$","?","?","E","R","E","T","R","M","E","R","?","R","BOSS","M","M","?","?","M"],"build_version":"2018-04-12","seed_source_timestamp":0,"purchased_purges":0,"victory":false,"master_deck":["Strike_R","Strike_R","Strike_R","Defend_R","Defend_R","Defend_R","Bash+1","AscendersBane","Headbutt","Shrug It Off","Cleave+1","Pommel Strike+1","Pummel","Bludgeon"],"max_hp_per_floor":[75,75,75,75,75,75,75,75,75,75,75,75,75,75,75,75,75,75,75,75,75,75],"relics":["Burning Blood","Happy Flower","Dream Catcher","Smiling Mask","Toxic Egg 2","Sozu"],"card_choices":[{"not_picked":["Armaments","Clash"],"picked":"Shrug It Off","floor":2.0},{"not_picked":["Havoc","Bloodletting"],"picked":"Pommel Strike","floor":6.0},{"not_picked":["Dual Wield","Immolate"],"picked":"Pummel","floor":8.0},{"not_picked":["Dark Embrace","Reaper"],"picked":"Bludgeon","floor":16.0}],"player_experience":299916,"potions_floor_usage":[],"damage_taken":[{"damage":8.0,"enemies":"Small Slimes","floor":1.0,"turns":6.0},{"damage":1.0,"enemies":"Cultist","floor":2.0,"turns":3.0},{"damage":1.0,"enemies":"2 Louse","floor":5.0,"turns":3.0},{"damage":15.0,"enemies":"3 Sentries","floor":6.0,"turns":8.0},{"damage":16.0,"enemies":"Gremlin Nob","floor":8.0,"turns":3.0},{"damage":4.0,"enemies":"Looter","floor":11.0,"turns":3.0},{"damage":19.0,"enemies":"3 Sentries","floor":12.0,"turns":6.0},{"damage":46.0,"enemies":"The Guardian","floor":16.0,"turns":12.0},{"damage":3.0,"enemies":"Spheric Guardian","floor":18.0,"turns":3.0},{"damage":28.0,"enemies":"Shell Parasite","floor":19.0,"turns":3.0},{"damage":45,"enemies":"Slaver and Parasite","floor":22,"turns":3}],"event_choices":[{"event_name":"Living Wall","player_choice":"Forget","floor":4.0,"damage_taken":0.0},{"event_name":"The Cleric","player_choice":"Card Removal","floor":14.0,"damage_taken":0.0},{"event_name":"The Joust","player_choice":"Bet on Murderer","floor":20,"damage_taken":0},{"event_name":"Drug Dealer","player_choice":"Ignored","floor":21,"damage_taken":0}],"boss_relics":[],"potions_floor_spawned":[5,8,11,12,19],"seed_played":"6570974900884171297","killed_by":"Slaver and Parasite","ascension_level":14,"is_trial":false}