{"path_per_floor":["M","?","?","M","M","E","$","R","T","M","M","?","R","E","R","B",null,"M","?","M","$","M","R","E","$","T","R","M"],"character_chosen":"IRONCLAD","items_purchased":["Inflame","Master of Strategy","Flex","Flex"],"gold_per_floor":[117,117,292,308,322,354,12,12,12,32,46,46,46,74,74,170,170,185,185,198,46,61,61,93,68,68,68,86,86],"floor_reached":29,"campfire_rested":3,"playtime":1811,"current_hp_per_floor":[80,80,80,80,80,32,32,56,56,62,63,63,63,50,50,19,80,57,42,37,37,31,56,20,20,20,45,7,0],"items_purged":["Strike_R","Writhe"],"gold":86,"score":279,"play_id":"cc971141-58f7-4724-b49e-c5f1a7a7cbad","local_time":"20180402150416","is_prod":false,"is_daily":false,"is_ascension_mode":false,"campfire_upgraded":2,"timestamp":1522695856,"path_taken":["M","?","?","M","?","E","$","R","T","?","?","?","R","E","R","BOSS","M","?","?","?","M","R","E","$","T","R","M","?"],"build_version":"2018-03-29v2","purchased_purges":2,"victory":false,"master_deck":["Defend_R","Defend_R","Defend_R","Defend_R","Bash","Anger","Pommel Strike","Anger","Inflame+1","Master of Strategy","Flex+1","Bloodletting+1","Berserk","Rampage+1","Hemokinesis+1","Battle Trance+1","Corruption","Flex+1","Flex+1","Seeing Red+1","Flex+1","Flex+1"],"max_hp_per_floor":[80,80,80,80,80,80,80,80,80,80,80,80,80,80,80,80,80,80,85,85,85,85,85,85,85,85,85,85,85],"relics":["Burning Blood","Mercury Hourglass","Gambling Chip","Toxic Egg 2","Astrolabe","Dream Catcher","Bottled Flame"],"card_choices":[{"not_picked":["Rage","Clothesline"],"picked":"Anger","floor":1},{"not_picked":["Searing Blow","Clothesline"],"picked":"Pommel Strike","floor":4},{"not_picked":["Feel No Pain","Hemokinesis"],"picked":"Anger","floor":5},{"not_picked":["Heavy Blade","Iron Wave"],"picked":"Flex","floor":11},{"not_picked":["Reckless Charge","Wild Strike"],"picked":"Bloodletting","floor":14},{"not_picked":["Fiend Fire","Barricade"],"picked":"Berserk","floor":16},{"not_picked":["Intimidate","Reckless Charge"],"picked":"Battle Trance","floor":18},{"not_picked":["Clothesline","Clash"],"picked":"Corruption","floor":20},{"not_picked":["Corruption","Heavy Blade"],"picked":"Flex","floor":22},{"not_picked":["Barricade","Flex"],"picked":"Seeing Red","floor":24},{"not_picked":["Pommel Strike","Headbutt"],"picked":"Flex","floor":28}],"player_experience":102807,"potions_floor_usage":[4,16,16],"damage_taken":[{"damage":1,"enemies":"2 Louse","floor":1,"turns":4},{"damage":1,"enemies":"Cultist","floor":4,"turns":3},{"damage":11,"enemies":"Jaw Worm","floor":5,"turns":3},{"damage":58,"enemies":"3 Sentries","floor":6,"turns":13},{"damage":7,"enemies":"2 Fungi Beasts","floor":10,"turns":3},{"damage":11,"enemies":"Red Slaver","floor":11,"turns":3},{"damage":26,"enemies":"Lagavulin","floor":14,"turns":6},{"damage":45,"enemies":"Hexaghost","floor":16,"turns":9},{"damage":29,"enemies":"3 Byrds","floor":18,"turns":5},{"damage":11,"enemies":"Shell Parasite","floor":20,"turns":3},{"damage":12,"enemies":"3 Cultists","floor":22,"turns":4},{"damage":42,"enemies":"Book of Stabbing","floor":24,"turns":5},{"damage":44,"enemies":"Cultist and Chosen","floor":28,"turns":6},{"damage":9,"enemies":"Snake Plant","floor":29,"turns":1}],"event_choices":[{"event_name":"Transmorgrifier","player_choice":"Transform","floor":2,"damage_taken":0},{"event_name":"Liars Game","player_choice":"agreed","floor":3,"damage_taken":0},{"event_name":"Living Wall","player_choice":"Forget","floor":12,"damage_taken":0},{"event_name":"Forgotten Altar","player_choice":"Shed Blood","floor":19,"damage_taken":0}],"boss_relics":[{"not_picked":["White Beast Statue","Runic Pyramid"],"picked":"Astrolabe"}],"potions_floor_spawned":[1,10,11,28],"seed_played":"-394512670861737081","killed_by":"Snake Plant","ascension_level":0,"is_trial":false}