{"path_per_floor":["M","?","$","M","?","R","$","R","T","M","E","M","$","M","R","B",null,"M","$","M","?","?","R","$","T","T","E","M","R","$","M","R"],"character_chosen":"IRONCLAD","items_purchased":["Bag of Preparation","Inflame","Warcry","Flex","Inflame"],"gold_per_floor":[359,434,359,375,375,375,56,56,56,68,123,133,8,23,23,122,122,138,113,123,123,123,123,75,75,125,159,174,174,104,118,118,118],"floor_reached":33,"campfire_rested":2,"playtime":1784,"current_hp_per_floor":[77,66,66,66,59,59,59,59,59,65,52,48,48,52,52,49,80,80,80,68,68,68,68,68,68,68,13,18,42,42,25,49,0],"items_purged":["Pain","Strike_R","Strike_R"],"gold":118,"score":263,"play_id":"494b822b-4624-4742-a6e0-7adf48c43de4","local_time":"20180402143352","is_prod":false,"is_daily":false,"is_ascension_mode":false,"campfire_upgraded":4,"timestamp":1522694032,"path_taken":["M","?","$","M","?","R","$","R","T","M","E","M","$","M","R","BOSS","M","?","M","?","?","R","$","?","T","E","?","R","$","M","R","BOSS"],"build_version":"2018-03-29v2","purchased_purges":4,"victory":false,"master_deck":["Strike_R","Defend_R+1","Defend_R","Defend_R+1","Defend_R","Bash","Inflame+1","Anger+1","Inflame+1","Brutality","Flex+1","Warcry","Flex","Heavy Blade","Spot Weakness","Inflame","Anger"],"max_hp_per_floor":[80,80,80,80,80,80,80,80,80,80,80,80,80,80,80,80,80,80,80,80,80,80,80,80,80,80,80,80,80,80,80,80,80],"relics":["Burning Blood","Bag of Preparation","War Paint","Tiny Chest","Bird Faced Urn","Anchor","Red Skull"],"card_choices":[{"not_picked":["Iron Wave","Perfected Strike"],"picked":"Inflame","floor":1},{"not_picked":["Spot Weakness","Dropkick"],"picked":"Anger","floor":4},{"not_picked":["Barricade","Dark Embrace"],"picked":"Brutality","floor":16},{"not_picked":["Dropkick","Thunderclap"],"picked":"Flex","floor":18},{"not_picked":["Uppercut","Clothesline"],"picked":"Heavy Blade","floor":27},{"not_picked":["Perfected Strike","Clothesline"],"picked":"Spot Weakness","floor":28},{"not_picked":["Carnage","Clothesline"],"picked":"Anger","floor":31}],"player_experience":101023,"potions_floor_usage":[16,16,27,27,28,31],"damage_taken":[{"damage":9,"enemies":"2 Louse","floor":1,"turns":4},{"damage":6,"enemies":"Small Slimes","floor":4,"turns":3},{"damage":0,"enemies":"Cultist","floor":10,"turns":3},{"damage":19,"enemies":"3 Sentries","floor":11,"turns":7},{"damage":10,"enemies":"Looter","floor":12,"turns":3},{"damage":2,"enemies":"Blue Slaver","floor":14,"turns":4},{"damage":9,"enemies":"Hexaghost","floor":16,"turns":6},{"damage":4,"enemies":"Chosen","floor":18,"turns":4},{"damage":18,"enemies":"Spheric Guardian","floor":20,"turns":4},{"damage":67,"enemies":"Slavers","floor":27,"turns":8},{"damage":5,"enemies":"3 Cultists","floor":28,"turns":4},{"damage":39,"enemies":"Snake Plant","floor":31,"turns":7},{"damage":75,"enemies":"Collector","floor":33,"turns":7}],"event_choices":[{"event_name":"World of Goop","player_choice":"Gather Gold","floor":2,"damage_taken":0},{"event_name":"Golden Wing","player_choice":"Card Removal","floor":5,"damage_taken":0},{"event_name":"Wheel of Change","player_choice":"Card Removal","floor":21,"damage_taken":0},{"event_name":"The Woman in Blue","player_choice":"Bought 0 Potions","floor":22,"damage_taken":0}],"boss_relics":[{"not_picked":["Pandora\u0027s Box","Cursed Key","Philosopher\u0027s Stone"]}],"potions_floor_spawned":[1,4,14,16,18,20,28],"seed_played":"7747802390368326711","killed_by":"Collector","ascension_level":0,"is_trial":false}