{"path_per_floor":["M","$","?","M","M","E","?","R","T","?","R","E","M","M","R","B",null,"M","$","?","$","?","R","E","R","T","R","E","?","$","M","R","B",null,"M","M","$","?","$","E","T","R","T","?","E","R","M","M","R","B"],"character_chosen":"IRONCLAD","items_purchased":["Meat on the Bone","Flash of Steel","Vajra","Flex","Pantograph","Lantern"],"gold_per_floor":[366,32,32,52,66,94,94,94,94,169,169,197,215,227,227,324,354,365,365,280,53,53,53,88,88,88,88,114,294,27,47,47,146,146,160,179,179,179,22,50,50,50,131,131,158,158,171,181,181,181],"floor_reached":51,"campfire_rested":1,"playtime":3298,"current_hp_per_floor":[25,25,25,39,46,31,31,55,55,44,44,44,51,56,56,38,85,72,72,79,79,64,64,56,56,56,56,64,24,24,53,53,59,64,64,63,63,63,63,43,43,43,43,43,52,52,64,64,64,49],"items_purged":["Strike_R"],"gold":181,"score":798,"play_id":"6de68ca7-7a8c-43af-a4ae-6720e4cc3093","local_time":"20180402161928","is_prod":false,"is_daily":false,"is_ascension_mode":false,"campfire_upgraded":6,"timestamp":1522700368,"path_taken":["M","$","?","?","M","E","?","R","T","?","R","E","?","M","R","BOSS","M","$","?","$","?","R","E","R","T","R","E","?","$","M","R","BOSS","M","M","$","?","$","E","?","R","T","?","E","R","M","M","R","BOSS"],"build_version":"2018-03-29v2","purchased_purges":5,"victory":true,"master_deck":["Defend_R+1","Defend_R","Defend_R","Defend_R+1","Bash","Offering+1","Cleave","Heavy Blade","Shrug It Off","Iron Wave","Offering+1","Exhume+1","Battle Trance+1","Bite","Bite","Bite","Bite","Bite","Anger","Demon Form+1","Flash of Steel","Jack Of All Trades+1","Flex+1","Heavy Blade+1","Double Tap+1","Bloodletting","Warcry","Offering+1","Bloodletting+1","Spot Weakness+1","Flex"],"max_hp_per_floor":[80,80,80,80,80,80,80,80,80,80,80,80,80,80,80,80,85,85,85,92,92,64,64,64,64,64,64,64,64,64,64,64,64,64,64,64,64,64,64,64,64,64,64,64,64,64,64,64,64,64],"relics":["Burning Blood","Meat on the Bone","Calipers","Girya","Magic Flower","Tiny House","Strawberry","Vajra","Matryoshka","Bronze Scales","War Paint","Centennial Puzzle","Pantograph","Lizard Tail","Lantern","Orichalcum","Pen Nib","Red Skull","Bottled Tornado","Blood Vial"],"card_choices":[{"not_picked":["True Grit","Intimidate"],"picked":"Offering","floor":1},{"not_picked":["Feel No Pain","Clothesline"],"picked":"Cleave","floor":4},{"not_picked":["Cleave","True Grit"],"picked":"Heavy Blade","floor":5},{"not_picked":["Berserk","Rupture"],"picked":"Shrug It Off","floor":6},{"not_picked":["True Grit","Disarm"],"picked":"Iron Wave","floor":13},{"not_picked":["Thunderclap","Havoc"],"picked":"Offering","floor":14},{"not_picked":["Brutality","Fiend Fire"],"picked":"Exhume","floor":16},{"not_picked":["Perfected Strike","Sword Boomerang"],"picked":"Battle Trance","floor":18},{"not_picked":["Shockwave","Pommel Strike"],"picked":"Anger","floor":24},{"not_picked":["Flame Barrier","Shrug It Off"],"picked":"Demon Form","floor":28},{"not_picked":["Pommel Strike","Spot Weakness"],"picked":"Heavy Blade","floor":31},{"not_picked":["Demon Form","Reaper"],"picked":"Double Tap","floor":33},{"not_picked":["Fire Breathing","True Grit"],"picked":"Bloodletting","floor":35},{"not_picked":["Metallicize","Uppercut"],"picked":"Warcry","floor":36},{"not_picked":["Warcry","Shockwave"],"picked":"Bloodletting","floor":40},{"not_picked":["Clothesline","Warcry"],"picked":"Spot Weakness","floor":45},{"not_picked":["True Grit","Sword Boomerang"],"picked":"Flex","floor":47}],"player_experience":105592,"potions_floor_usage":[6,13,16,16,16,18,28,35,45,45,45,50],"damage_taken":[{"damage":21,"enemies":"Cultist","floor":1,"turns":7},{"damage":4,"enemies":"2 Louse","floor":4,"turns":2},{"damage":11,"enemies":"Jaw Worm","floor":5,"turns":3},{"damage":33,"enemies":"Lagavulin","floor":6,"turns":9},{"damage":18,"enemies":"3 Sentries","floor":12,"turns":8},{"damage":20,"enemies":"Gremlin Gang","floor":13,"turns":3},{"damage":4,"enemies":"Large Slime","floor":14,"turns":4},{"damage":45,"enemies":"The Guardian","floor":16,"turns":9},{"damage":22,"enemies":"2 Thieves","floor":18,"turns":3},{"damage":35,"enemies":"Slavers","floor":24,"turns":6},{"damage":17,"enemies":"Gremlin Leader","floor":28,"turns":3},{"damage":4,"enemies":"Spheric Guardian","floor":31,"turns":3},{"damage":21,"enemies":"Automaton","floor":33,"turns":5},{"damage":17,"enemies":"3 Darklings","floor":35,"turns":3},{"damage":10,"enemies":"Orb Walker","floor":36,"turns":2},{"damage":42,"enemies":"2 Orb Walkers","floor":40,"turns":3},{"damage":33,"enemies":"Nemesis","floor":45,"turns":3},{"damage":16,"enemies":"Sphere and 2 Shapes","floor":47,"turns":3},{"damage":19,"enemies":"3 Darklings","floor":48,"turns":2},{"damage":92,"enemies":"Awakened One","floor":50,"turns":6}],"event_choices":[{"event_name":"The Cleric","player_choice":"Leave","floor":3,"damage_taken":0},{"event_name":"The Lab","player_choice":"Got Potions","floor":7,"damage_taken":0},{"event_name":"World of Goop","player_choice":"Gather Gold","floor":10,"damage_taken":0},{"event_name":"Addict","player_choice":"Obtained Relic","floor":20,"damage_taken":0},{"event_name":"Vampires","player_choice":"Became a vampire","floor":22,"damage_taken":0},{"event_name":"Knowing Skull","player_choice":"CARD GOLD GOLD CARD ","floor":29,"damage_taken":0},{"event_name":"Duplicator","player_choice":"One dupe","floor":38,"damage_taken":0}],"boss_relics":[{"not_picked":["Mark of Pain","Pandora\u0027s Box"],"picked":"Tiny House"},{"not_picked":["Astrolabe","Runic Dome"],"picked":"Lizard Tail"}],"potions_floor_spawned":[4,6,13,16,24,28,31,40,47],"seed_played":"-146223024820842593","ascension_level":0,"is_trial":false}