{"path_per_floor":["M","?","M","?","?","R","E","M","T","M","$","M","?","M","R","B",null,"M","?","$","?","?"],"character_chosen":"IRONCLAD","items_purchased":["Dual Wield","Infernal Blade"],"gold_per_floor":[116,191,210,210,210,210,235,252,275,285,106,121,121,139,139,242,242,260,260,160,160,160,160],"floor_reached":23,"campfire_rested":0,"playtime":2084,"current_hp_per_floor":[80,69,75,59,52,52,36,42,42,47,47,52,57,54,54,30,85,76,76,76,60,60,0],"items_purged":["Strike_R","Rupture"],"gold":160,"score":189,"play_id":"cb1bf23a-1346-4964-a20d-49c65bbb1e77","local_time":"20180402130651","is_prod":false,"is_daily":false,"is_ascension_mode":false,"campfire_upgraded":2,"timestamp":1522688811,"path_taken":["M","?","?","?","?","R","E","M","T","?","$","M","?","M","R","BOSS","M","?","$","?","?","E"],"build_version":"2018-03-29v2","purchased_purges":2,"victory":false,"master_deck":["Defend_R","Defend_R","Defend_R","Defend_R","Bash+1","Battle Trance","Anger+1","Dual Wield+1","Infernal Blade","Corruption+1","Barricade+1","Decay"],"max_hp_per_floor":[80,80,80,80,80,80,80,80,80,80,80,80,85,85,85,85,85,85,85,85,85,85,85],"relics":["Burning Blood","Bronze Scales","Whetstone","Anchor","Astrolabe"],"card_choices":[{"not_picked":["Second Wind","Feel No Pain"],"picked":"Battle Trance","floor":1},{"not_picked":["True Grit","Headbutt"],"picked":"Anger","floor":3}],"player_experience":98939,"potions_floor_usage":[8],"damage_taken":[{"damage":0,"enemies":"Small Slimes","floor":1,"turns":4},{"damage":0,"enemies":"2 Louse","floor":3,"turns":2},{"damage":22,"enemies":"3 Sentries","floor":7,"turns":6},{"damage":0,"enemies":"Cultist","floor":8,"turns":2},{"damage":1,"enemies":"Exordium Thugs","floor":10,"turns":3},{"damage":1,"enemies":"Large Slime","floor":12,"turns":5},{"damage":9,"enemies":"3 Louse","floor":14,"turns":2},{"damage":30,"enemies":"Slime Boss","floor":16,"turns":9},{"damage":15,"enemies":"Shell Parasite","floor":18,"turns":5},{"damage":66,"enemies":"Slavers","floor":23,"turns":4}],"event_choices":[{"event_name":"World of Goop","player_choice":"Gather Gold","floor":2,"damage_taken":0},{"event_name":"Shining Light","player_choice":"Entered Light","floor":4,"damage_taken":0},{"event_name":"Golden Wing","player_choice":"Card Removal","floor":5,"damage_taken":0},{"event_name":"Big Fish","player_choice":"Donut","floor":13,"damage_taken":0},{"event_name":"Vampires","player_choice":"Ignored","floor":19,"damage_taken":0},{"event_name":"Cursed Tome","player_choice":"Obtained Book","floor":21,"damage_taken":0},{"event_name":"Forgotten Altar","player_choice":"Smashed Altar","floor":22,"damage_taken":0}],"boss_relics":[{"not_picked":["Velvet Choker","White Beast Statue"],"picked":"Astrolabe"}],"potions_floor_spawned":[3,8],"seed_played":"6537970393200524611","killed_by":"Slavers","ascension_level":0,"is_trial":false}