{"path_per_floor":["M","?","M","M","T","E","?","M","T","$","R","M","R","M","R","B",null,"M","M","?"],"character_chosen":"IRONCLAD","items_purchased":["Demon Form"],"gold_per_floor":[113,288,307,327,327,354,354,374,374,232,232,243,243,262,262,365,365,290,307,307,307],"floor_reached":21,"campfire_rested":3,"playtime":1725,"current_hp_per_floor":[74,74,69,66,66,45,45,28,28,28,52,32,56,46,70,25,80,61,5,5,0],"items_purged":[],"gold":307,"score":178,"play_id":"a4004a9c-6985-47bb-89f7-8ea6fe667cd4","local_time":"20180330123129","is_prod":false,"is_daily":false,"is_ascension_mode":false,"campfire_upgraded":0,"timestamp":1522427489,"path_taken":["M","?","M","?","?","E","?","M","T","$","R","M","R","M","R","BOSS","M","M","?","?"],"build_version":"2018-03-29v2","purchased_purges":0,"victory":false,"master_deck":["Strike_R","Strike_R","Strike_R","Defend_R","Defend_R","Defend_R","Defend_R","Bash","Clash","Metallicize","Sword Boomerang","Armaments","Barricade","Demon Form","Whirlwind","Dark Embrace","Uppercut+1","Limit Break+1","Rampage+1","Thunderclap+1"],"max_hp_per_floor":[80,80,80,80,80,80,80,80,80,80,80,80,80,80,80,80,80,80,80,80,80],"relics":["Runic Pyramid","Gambling Chip","Lantern","Spirit Poop","Ginger","Astrolabe","Thread and Needle"],"card_choices":[{"not_picked":["True Grit","Body Slam"],"picked":"Clash","floor":1},{"not_picked":["Warcry","Combust"],"picked":"Metallicize","floor":3},{"not_picked":["Warcry","Perfected Strike"],"picked":"Sword Boomerang","floor":4},{"not_picked":["Sever Soul","Cleave"],"picked":"Armaments","floor":6},{"not_picked":["Armaments","Clothesline"],"picked":"Barricade","floor":8},{"not_picked":["Headbutt","Blood for Blood"],"picked":"Rupture","floor":12},{"not_picked":["True Grit","Combust"],"picked":"Whirlwind","floor":14},{"not_picked":["Reaper","Juggernaut"],"picked":"Dark Embrace","floor":16},{"not_picked":["Shockwave","Perfected Strike"],"picked":"Thunderclap","floor":19}],"player_experience":33214,"potions_floor_usage":[16,16],"damage_taken":[{"damage":6,"enemies":"Jaw Worm","floor":1,"turns":3},{"damage":5,"enemies":"Small Slimes","floor":3,"turns":4},{"damage":3,"enemies":"2 Louse","floor":4,"turns":3},{"damage":21,"enemies":"3 Sentries","floor":6,"turns":11},{"damage":17,"enemies":"Gremlin Gang","floor":8,"turns":5},{"damage":20,"enemies":"Exordium Thugs","floor":12,"turns":5},{"damage":10,"enemies":"Blue Slaver","floor":14,"turns":5},{"damage":45,"enemies":"Hexaghost","floor":16,"turns":12},{"damage":19,"enemies":"2 Thieves","floor":18,"turns":5},{"damage":56,"enemies":"Chosen","floor":19,"turns":7},{"damage":9,"enemies":"Sentry and Sphere","floor":21,"turns":3}],"event_choices":[{"event_name":"Liars Game","player_choice":"agreed","floor":2,"damage_taken":0},{"event_name":"Bonfire Elementals","player_choice":"CURSE","floor":7,"damage_taken":0},{"event_name":"The Mausoleum","player_choice":"Yes","floor":20,"damage_taken":0}],"boss_relics":[{"not_picked":["Mark of Pain","Lizard Tail"],"picked":"Astrolabe"}],"potions_floor_spawned":[8,12,19],"seed_played":"-7975910721271647212","killed_by":"Sentry and Sphere","ascension_level":0,"is_trial":false}