{"path_per_floor":["M","?","?","$","M","R","E","R","T","R","M","M","E","$","R","B",null,"M","?","$","M","T","E","R","?","T","M","?","M","M","M","R","B",null,"M","?","?","M","?","R","?","R","T","M","M","M","?"],"character_chosen":"IRONCLAD","items_purchased":["Lantern","Twin Strike","Spot Weakness"],"gold_per_floor":[17,17,192,15,25,25,60,60,60,60,73,91,124,47,47,142,142,154,154,79,99,99,128,128,53,353,366,366,380,398,418,418,517,517,528,528,528,545,545,545,545,545,545,562,572,583,583,583],"floor_reached":48,"campfire_rested":1,"playtime":2551,"current_hp_per_floor":[96,96,96,96,92,92,85,85,85,85,85,80,75,75,75,47,96,78,78,78,80,80,60,60,60,60,48,48,48,39,30,58,48,96,83,83,71,74,74,74,74,74,74,52,28,16,16,0],"items_purged":["Doubt"],"gold":583,"score":535,"play_id":"0c3793e9-5b16-4d05-9c1c-c172a2639af5","local_time":"20180404211043","is_prod":false,"is_daily":false,"is_ascension_mode":false,"campfire_upgraded":4,"timestamp":1522890643,"path_taken":["M","?","?","?","?","R","E","R","T","R","M","?","E","$","R","BOSS","M","?","$","M","?","E","R","?","T","?","?","M","M","M","R","BOSS","M","?","?","M","?","R","?","R","T","M","M","M","?","M"],"build_version":"2018-03-29v2","purchased_purges":1,"victory":false,"master_deck":["Strike_R","Strike_R","Strike_R","Defend_R+1","Defend_R+1","Defend_R","Defend_R","Bash","Inflame+1","Iron Wave","Twin Strike","Infernal Blade+1","Seeing Red+1","Seeing Red","Spot Weakness+1","Offering","Iron Wave","Iron Wave","Cleave+1","Heavy Blade","Sentinel","Madness","Madness","Shockwave+1","Heavy Blade+1","Armaments+1"],"max_hp_per_floor":[96,96,96,96,96,96,96,96,96,96,96,96,96,96,96,96,96,96,96,96,96,96,96,96,96,96,96,96,96,96,96,96,96,96,96,96,96,96,96,96,96,96,96,96,96,96,96,96],"relics":["Burning Blood","Lantern","Calipers","Ice Cream","War Paint","Runic Cube","Shovel","Mummified Hand","Bottled Flame","Old Coin","Vajra","Shuriken","Gremlin Horn","Orichalcum"],"card_choices":[{"not_picked":["Havoc","Thunderclap"],"picked":"Inflame","floor":1},{"not_picked":["Iron Wave","Shockwave"],"picked":"Infernal Blade","floor":5},{"not_picked":["Thunderclap","Searing Blow"],"picked":"Seeing Red","floor":7},{"not_picked":["Searing Blow","True Grit"],"picked":"Seeing Red","floor":11},{"not_picked":["Demon Form","Reaper"],"picked":"Offering","floor":16},{"not_picked":["Body Slam","Rampage"],"picked":"Iron Wave","floor":18},{"not_picked":["Sword Boomerang","Pummel"],"picked":"Iron Wave","floor":23},{"not_picked":["Metallicize","Anger"],"picked":"Cleave","floor":29},{"not_picked":["Body Slam","Reaper"],"picked":"Heavy Blade","floor":31},{"not_picked":["Bludgeon","Fiend Fire"],"picked":"Double Tap","floor":33},{"not_picked":["Clothesline","Pommel Strike"],"picked":"Shockwave","floor":44},{"not_picked":["Spot Weakness","Shockwave"],"picked":"Heavy Blade","floor":45},{"not_picked":["Sword Boomerang","Rampage"],"picked":"Armaments","floor":46}],"player_experience":132604,"potions_floor_usage":[21,33,33,44,46,46],"damage_taken":[{"damage":2,"enemies":"2 Louse","floor":1,"turns":4},{"damage":10,"enemies":"Cultist","floor":5,"turns":4},{"damage":13,"enemies":"Gremlin Nob","floor":7,"turns":4},{"damage":6,"enemies":"Jaw Worm","floor":11,"turns":2},{"damage":11,"enemies":"3 Louse","floor":12,"turns":3},{"damage":11,"enemies":"3 Sentries","floor":13,"turns":6},{"damage":34,"enemies":"Hexaghost","floor":16,"turns":8},{"damage":24,"enemies":"2 Thieves","floor":18,"turns":3},{"damage":4,"enemies":"Spheric Guardian","floor":21,"turns":3},{"damage":26,"enemies":"Gremlin Leader","floor":23,"turns":7},{"damage":18,"enemies":"Cultist and Chosen","floor":27,"turns":7},{"damage":6,"enemies":"Snake Plant","floor":29,"turns":3},{"damage":15,"enemies":"Centurion and Healer","floor":30,"turns":4},{"damage":15,"enemies":"Slaver and Parasite","floor":31,"turns":4},{"damage":16,"enemies":"Automaton","floor":33,"turns":8},{"damage":19,"enemies":"3 Shapes","floor":35,"turns":4},{"damage":3,"enemies":"Orb Walker","floor":38,"turns":3},{"damage":37,"enemies":"Maw","floor":44,"turns":7},{"damage":30,"enemies":"3 Darklings","floor":45,"turns":3},{"damage":27,"enemies":"Sphere and 2 Shapes","floor":46,"turns":4},{"damage":18,"enemies":"Maw","floor":48,"turns":4}],"event_choices":[{"event_name":"Transmorgrifier","player_choice":"Transform","floor":2,"damage_taken":0},{"event_name":"Liars Game","player_choice":"agreed","floor":3,"damage_taken":0},{"event_name":"Transmorgrifier","player_choice":"Transform","floor":19,"damage_taken":0},{"event_name":"Beggar","player_choice":"Gave Gold","floor":25,"damage_taken":0},{"event_name":"The Mausoleum","player_choice":"Yes","floor":28,"damage_taken":0},{"event_name":"Match and Keep!","player_choice":"1 cards matched","floor":36,"damage_taken":0},{"event_name":"Winding Halls","player_choice":"Embrace Madness","floor":37,"damage_taken":0},{"event_name":"Tomb of Lord Red Mask","player_choice":"Ignored","floor":39,"damage_taken":0},{"event_name":"SecretPortal","player_choice":"Rejected Portal.","floor":47,"damage_taken":0}],"boss_relics":[{"not_picked":["Philosopher\u0027s Stone","Runic Pyramid"],"picked":"Runic Cube"},{"not_picked":["Velvet Choker","Runic Dome","Cursed Key"]}],"potions_floor_spawned":[5,12,23,27,30,35,44,45],"seed_played":"-6793687882817481294","killed_by":"Maw","ascension_level":0,"is_trial":false}