{"path_per_floor":["M","?","$","M","$","E","M","M","T","M","M","R","M","E","R","B",null,"M","$","?","?","T","E","R","M","T","?","E","M","E","?","R","B",null,"M","?","?","$","?","R","M","R","T","M","E","M","?","M","R"],"character_chosen":"IRONCLAD","items_purchased":["Apotheosis","Battle Trance","Toolbox","Feel No Pain","Kunai","Swift Potion"],"gold_per_floor":[211,211,11,26,26,60,83,97,122,142,158,158,174,215,215,340,340,364,51,51,51,131,164,164,189,189,189,229,248,279,279,279,407,407,427,407,476,20,20,20,36,36,63,82,125,140,140,160,160,160],"floor_reached":50,"campfire_rested":3,"playtime":4762,"current_hp_per_floor":[80,60,60,58,58,60,65,64,64,66,72,72,69,76,76,40,87,87,87,87,87,87,58,58,57,57,57,50,56,44,44,70,19,87,87,87,61,61,61,61,67,87,87,82,72,80,80,76,87,0],"items_purged":["Bash"],"gold":160,"score":591,"play_id":"feb84aa4-282a-4b7d-84c5-99094b613803","local_time":"20180331112931","is_prod":false,"is_daily":false,"is_ascension_mode":false,"campfire_upgraded":4,"timestamp":1522510171,"path_taken":["M","?","$","M","$","E","M","M","T","?","M","R","M","E","R","BOSS","M","$","?","?","?","E","R","M","T","?","E","M","E","?","R","BOSS","M","?","?","$","?","R","M","R","T","M","E","M","?","M","R","BOSS"],"build_version":"2018-03-29v2","purchased_purges":3,"victory":false,"master_deck":["Strike_R","Defend_R","Defend_R","Defend_R","Defend_R","Apotheosis+1","Clash","Cleave","Flex","Rampage+1","Seeing Red+1","Second Wind+1","Pommel Strike+1","Sever Soul+1","Clash","Battle Trance","Battle Trance+1","Metallicize","Intimidate","Demon Form","Flex+1","Seeing Red","Metallicize","Shrug It Off","Dual Wield","Clash","Clash+1","Dual Wield"],"max_hp_per_floor":[80,80,80,80,80,80,80,80,80,80,80,80,80,87,87,87,87,87,87,87,87,87,87,87,87,87,87,87,87,87,87,87,87,87,87,87,87,87,87,87,87,87,87,87,87,87,87,87,87,87],"relics":["Burning Blood","Golden Idol","Letter Opener","Pen Nib","Strawberry","Astrolabe","Toolbox","Mummified Hand","Juzu Bracelet","Thread and Needle","Matryoshka","Gremlin Horn","Orrery","Torii","Kunai","Blood Vial","Regal Pillow","Oddly Smooth Stone"],"card_choices":[{"not_picked":["Body Slam","Uppercut"],"picked":"Clash","floor":4.0},{"not_picked":["Rage","Bloodletting"],"picked":"Cleave","floor":6.0},{"not_picked":["Headbutt","Iron Wave"],"picked":"Flex","floor":7.0},{"not_picked":["Sword Boomerang","Hemokinesis"],"picked":"Rampage","floor":11.0},{"not_picked":["Perfected Strike","Iron Wave"],"picked":"Seeing Red","floor":13.0},{"not_picked":["Sword Boomerang","Warcry"],"picked":"Clash","floor":18.0},{"not_picked":["Disarm","Sword Boomerang"],"picked":"Battle Trance","floor":23.0},{"not_picked":["Perfected Strike","Twin Strike"],"picked":"Metallicize","floor":25.0},{"not_picked":["Uppercut","Fiend Fire"],"picked":"Intimidate","floor":28.0},{"not_picked":["Double Tap","Limit Break"],"picked":"Demon Form","floor":33.0},{"not_picked":["Iron Wave","Heavy Blade"],"picked":"Flex","floor":34.0},{"not_picked":["Corruption","Headbutt"],"picked":"Seeing Red","floor":34.0},{"not_picked":["Sword Boomerang","Perfected Strike"],"picked":"Metallicize","floor":34.0},{"not_picked":["Headbutt","Rage"],"picked":"Shrug It Off","floor":35},{"not_picked":["Headbutt","Sever Soul"],"picked":"Dual Wield","floor":37},{"not_picked":["Entrench","Iron Wave"],"picked":"Clash","floor":41},{"not_picked":["Perfected Strike","Shrug It Off"],"picked":"Clash","floor":46}],"player_experience":42935,"potions_floor_usage":[37,37,37,41,45,50],"damage_taken":[{"damage":5.0,"enemies":"2 Louse","floor":1.0,"turns":3.0},{"damage":8.0,"enemies":"Small Slimes","floor":4.0,"turns":3.0},{"damage":4.0,"enemies":"Lagavulin","floor":6.0,"turns":7.0},{"damage":1.0,"enemies":"Cultist","floor":7.0,"turns":3.0},{"damage":7.0,"enemies":"Looter","floor":8.0,"turns":3.0},{"damage":4.0,"enemies":"2 Fungi Beasts","floor":10.0,"turns":3.0},{"damage":0.0,"enemies":"Large Slime","floor":11.0,"turns":2.0},{"damage":9.0,"enemies":"Blue Slaver","floor":13.0,"turns":3.0},{"damage":6.0,"enemies":"Gremlin Nob","floor":14.0,"turns":3.0},{"damage":42.0,"enemies":"The Guardian","floor":16.0,"turns":10.0},{"damage":2.0,"enemies":"Spheric Guardian","floor":18.0,"turns":3.0},{"damage":35.0,"enemies":"Gremlin Leader","floor":23.0,"turns":6.0},{"damage":7.0,"enemies":"Chosen","floor":25.0,"turns":3.0},{"damage":13.0,"enemies":"Slavers","floor":28.0,"turns":2.0},{"damage":0.0,"enemies":"3 Cultists","floor":29.0,"turns":3.0},{"damage":27.0,"enemies":"Book of Stabbing","floor":30.0,"turns":5.0},{"damage":57.0,"enemies":"Champ","floor":33.0,"turns":8.0},{"damage":0,"enemies":"3 Shapes","floor":35,"turns":4},{"damage":32,"enemies":"Mysterious Sphere","floor":37,"turns":6},{"damage":9,"enemies":"3 Darklings","floor":41,"turns":4},{"damage":11,"enemies":"4 Shapes","floor":44,"turns":8},{"damage":18,"enemies":"Giant Head","floor":45,"turns":8},{"damage":0,"enemies":"Sphere and 2 Shapes","floor":46,"turns":3},{"damage":12,"enemies":"Maw","floor":48,"turns":8},{"damage":101,"enemies":"Donu and Deca","floor":50,"turns":6}],"event_choices":[{"event_name":"Golden Idol","player_choice":"Take Damage","floor":2.0,"damage_taken":0.0},{"event_name":"The Mausoleum","player_choice":"No","floor":20.0,"damage_taken":0.0},{"event_name":"Vampires","player_choice":"Ignored","floor":21.0,"damage_taken":0.0},{"event_name":"Ghosts","player_choice":"Ignored","floor":27.0,"damage_taken":0.0},{"event_name":"Cursed Tome","player_choice":"Ignored","floor":31.0,"damage_taken":0.0},{"event_name":"The Woman in Blue","player_choice":"Bought 1 Potion","floor":36,"damage_taken":0},{"event_name":"Mysterious Sphere","player_choice":"Fight","floor":37,"damage_taken":0},{"event_name":"Transmorgrifier","player_choice":"Transform","floor":47,"damage_taken":0}],"boss_relics":[],"potions_floor_spawned":[1,7,8,11,13,16,18,23,25,29,33,35,37,45],"seed_played":"6457386418604787949","killed_by":"Donu and Deca","ascension_level":0,"is_trial":false}