{"path_per_floor":["M","?","$","?","$","E","R","M","T","R","?","M","R","M","R","B",null,"M","$","?","M","$","E","M","M","T","M","M"],"character_chosen":"IRONCLAD","items_purchased":["Armaments","Matryoshka"],"gold_per_floor":[111,111,36,111,64,93,93,112,112,112,112,122,122,141,141,244,244,255,11,11,29,29,56,66,80,135,149,169,169],"floor_reached":29,"campfire_rested":1,"playtime":2167,"current_hp_per_floor":[78,71,71,60,60,41,68,73,73,73,73,79,79,85,85,66,90,65,65,65,66,66,30,17,22,22,9,15,0],"items_purged":["Strike_R"],"gold":169,"score":245,"play_id":"ffbe13f8-c97f-45b1-a8c4-a5c98e20adc1","local_time":"20180411233359","is_prod":false,"is_daily":false,"is_ascension_mode":false,"campfire_upgraded":3,"timestamp":1523504039,"path_taken":["M","?","$","?","?","E","R","M","T","R","?","?","R","M","R","BOSS","M","?","?","M","?","E","M","M","T","M","M","M"],"build_version":"2018-04-05v2","purchased_purges":1,"victory":false,"master_deck":["Strike_R","Strike_R","Defend_R","Defend_R","Defend_R","Defend_R","Bash","Armaments+1","Body Slam+1","Shrug It Off+1","Impervious","Battle Trance+1","Dramatic Entrance","Sentinel","Battle Trance","Body Slam","Infernal Blade+1"],"max_hp_per_floor":[80,80,80,80,80,90,90,90,90,90,90,90,90,90,90,90,90,90,90,90,90,90,90,90,90,90,90,90,90],"relics":["Burning Blood","Pear","Omamori","White Beast Statue","Matryoshka","Smiling Mask","Regal Pillow","Lantern"],"card_choices":[{"not_picked":["Blood for Blood","Rage"],"picked":"Body Slam","floor":8},{"not_picked":["Heavy Blade","Havoc"],"picked":"Shrug It Off","floor":14},{"not_picked":["Fiend Fire","Double Tap"],"picked":"Impervious","floor":16},{"not_picked":["Body Slam","Evolve"],"picked":"Battle Trance","floor":18},{"not_picked":["Perfected Strike","True Grit"],"picked":"Sentinel","floor":24},{"not_picked":["Immolate","True Grit"],"picked":"Battle Trance","floor":25},{"not_picked":["True Grit","Shrug It Off"],"picked":"Body Slam","floor":27},{"not_picked":["Reckless Charge","Bloodletting"],"picked":"Infernal Blade","floor":28}],"player_experience":179408,"potions_floor_usage":[6,23,23,23,24,27,28,28,29],"damage_taken":[{"damage":8,"enemies":"Jaw Worm","floor":1,"turns":4},{"damage":35,"enemies":"Gremlin Nob","floor":6,"turns":5},{"damage":1,"enemies":"2 Louse","floor":8,"turns":5},{"damage":0,"enemies":"Small Slimes","floor":12,"turns":5},{"damage":0,"enemies":"Red Slaver","floor":14,"turns":3},{"damage":25,"enemies":"The Guardian","floor":16,"turns":16},{"damage":31,"enemies":"3 Byrds","floor":18,"turns":10},{"damage":5,"enemies":"Shell Parasite","floor":21,"turns":6},{"damage":42,"enemies":"Slavers","floor":23,"turns":9},{"damage":19,"enemies":"Cultist and Chosen","floor":24,"turns":8},{"damage":1,"enemies":"Snake Plant","floor":25,"turns":4},{"damage":19,"enemies":"Slaver and Parasite","floor":27,"turns":14},{"damage":0,"enemies":"Snecko","floor":28,"turns":5},{"damage":32,"enemies":"Cultist and Chosen","floor":29,"turns":6}],"event_choices":[{"event_name":"Golden Wing","player_choice":"Card Removal","floor":2,"damage_taken":0},{"event_name":"World of Goop","player_choice":"Gather Gold","floor":4,"damage_taken":0},{"event_name":"Accursed Blacksmith","player_choice":"Ignore","floor":11,"damage_taken":0},{"event_name":"Match and Keep!","player_choice":"1 cards matched","floor":20,"damage_taken":0}],"boss_relics":[{"not_picked":["Runic Cube","Eternal Feather"],"picked":"White Beast Statue"}],"potions_floor_spawned":[1,16,18,21,23,24,25,27,28],"seed_played":"2170830356997408924","killed_by":"Cultist and Chosen","ascension_level":0,"is_trial":false}