{"path_per_floor":["M","?","?","?","M","R","?","T","T","M","M","M","E","?","R","B",null,"M","?","?","?","M"],"character_chosen":"IRONCLAD","items_purchased":[],"gold_per_floor":[114,114,114,114,132,132,132,132,185,197,213,223,252,252,252,347,347,362,362,287,287,305,305],"floor_reached":23,"campfire_rested":0,"playtime":1134,"current_hp_per_floor":[80,64,64,64,70,70,70,70,70,75,68,76,70,70,70,30,80,57,57,57,57,51,0],"items_purged":[],"gold":305,"score":189,"play_id":"1fbca452-e801-41e9-ba85-fd6b027ca0ab","local_time":"20180406130421","is_prod":false,"is_daily":false,"is_ascension_mode":false,"campfire_upgraded":2,"timestamp":1523034261,"path_taken":["M","?","?","?","?","R","?","?","T","M","?","?","E","?","R","BOSS","M","?","?","?","?","E"],"build_version":"2018-04-05v2","purchased_purges":0,"victory":false,"master_deck":["Strike_R","Strike_R","Strike_R+1","Strike_R+1","Strike_R","Defend_R","Defend_R","Defend_R+1","Defend_R+1","Bash+1","Battle Trance+1","Clash+1","Dual Wield+1"],"max_hp_per_floor":[80,80,80,80,80,80,80,80,80,80,80,80,80,80,80,80,80,80,80,80,80,80,80],"relics":["Black Blood","Whetstone","Sundial","Dream Catcher","Blood Vial","Orichalcum"],"card_choices":[{"not_picked":["Carnage","Havoc"],"picked":"Battle Trance","floor":5},{"not_picked":["Pommel Strike","Flame Barrier"],"picked":"Clash","floor":10},{"not_picked":["Heavy Blade","Combust"],"picked":"Dual Wield","floor":22}],"player_experience":141959,"potions_floor_usage":[12,16,16,23],"damage_taken":[{"damage":0,"enemies":"2 Louse","floor":1,"turns":3},{"damage":0,"enemies":"Small Slimes","floor":5,"turns":3},{"damage":3,"enemies":"Cultist","floor":10,"turns":2},{"damage":15,"enemies":"3 Louse","floor":11,"turns":2},{"damage":0,"enemies":"2 Fungi Beasts","floor":12,"turns":2},{"damage":14,"enemies":"Gremlin Nob","floor":13,"turns":3},{"damage":48,"enemies":"The Guardian","floor":16,"turns":11},{"damage":33,"enemies":"3 Byrds","floor":18,"turns":8},{"damage":18,"enemies":"Chosen","floor":22,"turns":7},{"damage":83,"enemies":"Gremlin Leader","floor":23,"turns":8}],"event_choices":[{"event_name":"Shining Light","player_choice":"Entered Light","floor":2,"damage_taken":0},{"event_name":"Upgrade Shrine","player_choice":"Upgraded","floor":3,"damage_taken":0},{"event_name":"Liars Game","player_choice":"disagreed","floor":4,"damage_taken":0},{"event_name":"Big Fish","player_choice":"Box","floor":7,"damage_taken":0},{"event_name":"Golden Idol","player_choice":"Ignored","floor":14,"damage_taken":0},{"event_name":"Accursed Blacksmith","player_choice":"Ignore","floor":19,"damage_taken":0},{"event_name":"Beggar","player_choice":"Gave Gold","floor":20,"damage_taken":0},{"event_name":"The Mausoleum","player_choice":"No","floor":21,"damage_taken":0}],"boss_relics":[{"not_picked":["Eternal Feather","Calling Bell"],"picked":"Black Blood"}],"potions_floor_spawned":[1,10,12,13],"seed_played":"-5886901802723373794","killed_by":"Gremlin Leader","ascension_level":0,"is_trial":false}