{"path_per_floor":["M","?","$","?","?","R","?","R","T","$","?","M","E","M","R","B",null,"M","$","?","?","$","R","?","?","T","M","M","?","R","E","R","B",null,"M","?","?","?","M","E","M","R","T","M","$","M","R","M","R","B"],"character_chosen":"IRONCLAD","items_purchased":["Clash","Infernal Blade","Seeing Red","Orichalcum"],"gold_per_floor":[114,189,90,90,90,90,110,110,187,11,11,23,51,71,71,172,172,188,63,63,63,63,63,63,63,133,152,169,94,94,120,120,223,223,243,243,288,288,303,334,347,347,347,359,89,106,106,122,122,122],"floor_reached":51,"campfire_rested":2,"playtime":2356,"current_hp_per_floor":[78,67,67,67,67,67,26,50,50,50,50,56,48,54,54,60,80,74,74,74,74,74,74,58,58,58,69,78,78,78,83,83,16,83,47,47,32,32,42,30,42,66,66,73,73,80,80,80,80,37],"items_purged":["Defend_R","Regret","Defend_R","Parasite"],"gold":122,"score":840,"play_id":"3b40e4b5-0a18-4eab-8a24-9fcb37dc7565","local_time":"20180407160642","is_prod":false,"is_daily":false,"is_ascension_mode":false,"campfire_upgraded":7,"timestamp":1523131602,"path_taken":["M","?","$","?","?","R","?","R","T","$","?","?","E","M","R","BOSS","M","$","?","?","$","R","?","?","T","M","?","?","R","E","R","BOSS","M","?","?","?","M","E","M","R","T","?","$","M","R","M","R","BOSS"],"build_version":"2018-04-05v2","purchased_purges":4,"victory":true,"master_deck":["Strike_R","Strike_R","Strike_R","Defend_R","Defend_R","Bash","Shrug It Off+1","Clash+1","Clash+1","Infernal Blade+1","Double Tap+1","Heavy Blade+1","Clash","Inflame+1","Body Slam+1","Anger+1","Inflame+1","Flex+1","Dual Wield+1","Inflame+1","Seeing Red+1","Clash+1"],"max_hp_per_floor":[80,80,80,80,80,80,80,80,80,80,80,80,80,80,80,80,80,80,80,80,80,80,80,80,80,80,83,83,83,83,83,83,83,83,83,83,83,83,83,83,83,83,83,83,80,80,80,80,80,80],"relics":["Burning Blood","Happy Flower","Bird Faced Urn","Odd Mushroom","Mummified Hand","Bag of Preparation","Philosopher\u0027s Stone","Enchiridion","Toxic Egg 2","Pen Nib","Cursed Key","Dead Branch","The Courier","Torii","Orichalcum"],"card_choices":[{"not_picked":["Headbutt","Thunderclap"],"picked":"Shrug It Off","floor":1},{"not_picked":["Headbutt","Impervious"],"picked":"Clash","floor":7},{"not_picked":["Fiend Fire","Barricade"],"picked":"Double Tap","floor":16},{"not_picked":["True Grit","Feel No Pain"],"picked":"Heavy Blade","floor":18},{"not_picked":["Power Through","Thunderclap"],"picked":"Inflame","floor":27},{"not_picked":["Sword Boomerang","Wild Strike"],"picked":"Body Slam","floor":28},{"not_picked":["Fiend Fire","Thunderclap"],"picked":"Anger","floor":31},{"not_picked":["Corruption","Wild Strike"],"picked":"Inflame","floor":35},{"not_picked":["Clothesline","Clash"],"picked":"Flex","floor":39},{"not_picked":["Iron Wave","Second Wind"],"picked":"Dual Wield","floor":40},{"not_picked":["Cleave","Armaments"],"picked":"Inflame","floor":41},{"not_picked":["Clothesline","Perfected Strike"],"picked":"Clash","floor":46}],"player_experience":144649,"potions_floor_usage":[16,37,37,50,50,50],"damage_taken":[{"damage":8,"enemies":"Jaw Worm","floor":1,"turns":3},{"damage":47,"enemies":"The Mushroom Lair","floor":7,"turns":7},{"damage":0,"enemies":"Small Slimes","floor":12,"turns":2},{"damage":14,"enemies":"3 Sentries","floor":13,"turns":6},{"damage":0,"enemies":"2 Louse","floor":14,"turns":1},{"damage":0,"enemies":"Slime Boss","floor":16,"turns":6},{"damage":12,"enemies":"2 Thieves","floor":18,"turns":3},{"damage":0,"enemies":"Spheric Guardian","floor":27,"turns":2},{"damage":1,"enemies":"Centurion and Healer","floor":28,"turns":2},{"damage":3,"enemies":"Gremlin Leader","floor":31,"turns":3},{"damage":75,"enemies":"Automaton","floor":33,"turns":7},{"damage":44,"enemies":"3 Darklings","floor":35,"turns":3},{"damage":33,"enemies":"Mysterious Sphere","floor":37,"turns":3},{"damage":0,"enemies":"Orb Walker","floor":39,"turns":1},{"damage":24,"enemies":"Nemesis","floor":40,"turns":3},{"damage":2,"enemies":"3 Darklings","floor":41,"turns":3},{"damage":3,"enemies":"Sphere and 2 Shapes","floor":44,"turns":1},{"damage":0,"enemies":"Maw","floor":46,"turns":3},{"damage":1,"enemies":"4 Shapes","floor":48,"turns":2},{"damage":60,"enemies":"Awakened One","floor":50,"turns":5}],"event_choices":[{"event_name":"World of Goop","player_choice":"Gather Gold","floor":2,"damage_taken":0},{"event_name":"Big Fish","player_choice":"Box","floor":4,"damage_taken":0},{"event_name":"Upgrade Shrine","player_choice":"Upgraded","floor":5,"damage_taken":0},{"event_name":"Mushrooms","player_choice":"Fought Mushrooms","floor":7,"damage_taken":0},{"event_name":"The Cleric","player_choice":"Leave","floor":11,"damage_taken":0},{"event_name":"Ghosts","player_choice":"Ignored","floor":20,"damage_taken":0},{"event_name":"The Library","player_choice":"Read","floor":21,"damage_taken":0},{"event_name":"Cursed Tome","player_choice":"Obtained Book","floor":24,"damage_taken":0},{"event_name":"The Lab","player_choice":"Got Potions","floor":25,"damage_taken":0},{"event_name":"Beggar","player_choice":"Gave Gold","floor":29,"damage_taken":0},{"event_name":"Mysterious Sphere","player_choice":"Fight","floor":37,"damage_taken":0},{"event_name":"Tomb of Lord Red Mask","player_choice":"Ignored","floor":38,"damage_taken":0}],"boss_relics":[{"not_picked":["Eternal Feather","Lizard Tail"],"picked":"Philosopher\u0027s Stone"},{"not_picked":["Tiny House","Runic Dome"],"picked":"Cursed Key"}],"potions_floor_spawned":[12,13,18,27,33,35,40,44,46],"seed_played":"1457855478500794692","ascension_level":0,"is_trial":false}