{"path_per_floor":["M","M","?","M","M","R","M","T","T","E","R","M","$","M","R","B",null,"M","M","?","$"],"character_chosen":"IRONCLAD","items_purchased":["Anchor","Dexterity Potion"],"gold_per_floor":[119,139,139,151,171,171,191,215,239,268,268,278,54,67,67,171,171,181,191,191,142,142],"floor_reached":22,"campfire_rested":1,"playtime":1062,"current_hp_per_floor":[88,86,68,74,60,60,66,66,66,41,67,73,73,79,79,42,88,70,71,7,7,0],"items_purged":["Strike_R"],"gold":142,"score":188,"play_id":"b5b44fa4-08e5-4ce9-b171-f2913aa95fbc","local_time":"20180411124521","is_prod":false,"is_daily":false,"is_ascension_mode":false,"campfire_upgraded":2,"timestamp":1523465121,"path_taken":["M","M","?","M","M","R","?","?","T","E","R","M","$","M","R","BOSS","M","M","?","$","M"],"build_version":"2018-04-05v2","purchased_purges":1,"victory":false,"master_deck":["Strike_R","Strike_R","Strike_R","Strike_R","Defend_R","Defend_R","Defend_R+1","Defend_R","Bash","Entrench+1","Pummel","Anger","Cleave","Flex","Fire Breathing","Berserk","Body Slam","Jack Of All Trades","Trip","Swift Strike","Swift Strike","Trip","Finesse","Good Instincts"],"max_hp_per_floor":[88,88,88,88,88,88,88,88,88,88,88,88,88,88,88,88,88,88,88,88,88,88],"relics":["Burning Blood","Gremlin Horn","Bronze Scales","Vajra","Oddly Smooth Stone","Anchor","Velvet Choker"],"card_choices":[{"not_picked":["Fire Breathing","Warcry"],"picked":"Entrench","floor":1},{"not_picked":["Sword Boomerang","Heavy Blade"],"picked":"Pummel","floor":2},{"not_picked":["Rampage","Rupture"],"picked":"Anger","floor":4},{"not_picked":["Sword Boomerang","Clash"],"picked":"Cleave","floor":10},{"not_picked":["Flame Barrier","Perfected Strike"],"picked":"Flex","floor":12},{"not_picked":["Anger","Wild Strike"],"picked":"Fire Breathing","floor":14},{"not_picked":["Limit Break","Immolate"],"picked":"Berserk","floor":16},{"not_picked":["True Grit","Armaments"],"picked":"Body Slam","floor":19}],"player_experience":175300,"potions_floor_usage":[7,16,16,22,22,22],"damage_taken":[{"damage":2,"enemies":"2 Louse","floor":1,"turns":4},{"damage":8,"enemies":"Jaw Worm","floor":2,"turns":4},{"damage":0,"enemies":"Small Slimes","floor":4,"turns":2},{"damage":20,"enemies":"Exordium Thugs","floor":5,"turns":6},{"damage":0,"enemies":"Lots of Slimes","floor":7,"turns":1},{"damage":31,"enemies":"Lagavulin","floor":10,"turns":5},{"damage":0,"enemies":"Gremlin Gang","floor":12,"turns":2},{"damage":0,"enemies":"Exordium Wildlife","floor":14,"turns":2},{"damage":43,"enemies":"Hexaghost","floor":16,"turns":7},{"damage":24,"enemies":"Shell Parasite","floor":18,"turns":5},{"damage":5,"enemies":"3 Byrds","floor":19,"turns":3},{"damage":22,"enemies":"Cultist and Chosen","floor":22,"turns":3}],"event_choices":[{"event_name":"Scrap Ooze","player_choice":"success","floor":3,"damage_taken":18},{"event_name":"Knowing Skull","player_choice":"CARD CARD CARD CARD CARD CARD CARD ","floor":20,"damage_taken":0}],"boss_relics":[{"not_picked":["Eternal Feather","Astrolabe"],"picked":"Velvet Choker"}],"potions_floor_spawned":[1,2,7,14,18],"seed_played":"4665551609507483449","killed_by":"Cultist and Chosen","ascension_level":0,"is_trial":false}