{"path_per_floor":["M","M","M","?","$","E","R","M","T","M","?","T","R","M","R","B",null,"M","$","?","$","M","R","M","R","T","M","M","R","?","?","R","B",null,"M","M","?","?","M","M","M","R","T","?","$","M","M","M","R"],"character_chosen":"IRONCLAD","items_purchased":["Flex","Regal Pillow","Apotheosis","Strange Spoon"],"gold_per_floor":[111,123,139,139,37,76,76,101,101,114,114,114,114,138,138,257,257,277,128,53,53,74,74,94,94,163,184,205,205,205,205,205,330,368,382,396,396,396,419,442,466,466,466,466,71,96,111,130,130,130],"floor_reached":50,"campfire_rested":6,"playtime":3379,"current_hp_per_floor":[88,88,88,66,66,43,43,37,37,35,35,35,35,39,67,35,95,57,57,57,57,39,84,42,88,88,97,53,101,101,101,101,39,118,112,92,92,92,71,50,35,87,87,81,81,42,41,31,88,0],"items_purged":["Defend_R"],"gold":130,"score":498,"play_id":"ea064fac-d533-4399-ab6d-776ac325246f","local_time":"20180409115137","is_prod":false,"is_daily":false,"is_ascension_mode":false,"campfire_upgraded":3,"timestamp":1523289097,"path_taken":["M","M","M","?","$","E","R","M","T","M","?","?","R","?","R","BOSS","M","$","?","$","M","R","M","R","T","M","M","R","?","?","R","BOSS","M","M","?","?","M","M","M","R","T","?","$","M","M","M","R","BOSS"],"build_version":"2018-04-05v2","purchased_purges":1,"victory":false,"master_deck":["Strike_R+1","Strike_R+1","Strike_R+1","Strike_R+1","Strike_R+1","Defend_R+1","Defend_R+1","Defend_R+1","Clash","Exhume+1","Shrug It Off+1","Flex","Dual Wield+1","Battle Trance+1","Feed","Iron Wave+1","Battle Trance","Dual Wield","Dual Wield+1","Anger","Double Tap","Clash","Armaments+1","Panache","Apotheosis"],"max_hp_per_floor":[88,88,88,88,88,95,95,95,95,95,95,95,95,95,95,95,95,101,101,101,101,101,101,104,104,104,107,110,110,110,110,110,113,118,121,121,121,121,121,121,124,124,124,128,128,134,136,141,141,141],"relics":["Burning Blood","Golden Idol","Strawberry","Charon\u0027s Ashes","Unceasing Top","Lizard Tail","Regal Pillow","Kunai","Tiny House","Singing Bowl","Strange Spoon"],"card_choices":[{"not_picked":["Sword Boomerang","Pommel Strike"],"picked":"Clash","floor":1},{"not_picked":["Seeing Red","Thunderclap"],"picked":"Exhume","floor":2},{"not_picked":["Warcry","Dropkick"],"picked":"Shrug It Off","floor":3},{"not_picked":["Iron Wave","Wild Strike"],"picked":"Dual Wield","floor":6},{"not_picked":["Armaments","Flex"],"picked":"Battle Trance","floor":14},{"not_picked":["Double Tap","Dark Embrace"],"picked":"Feed","floor":16},{"not_picked":["Clothesline","Pommel Strike"],"picked":"Iron Wave","floor":18},{"not_picked":["Pommel Strike","Metallicize"],"picked":"Battle Trance","floor":22},{"not_picked":["Flex","Pommel Strike"],"picked":"Dual Wield","floor":27},{"not_picked":["Rampage","Corruption"],"picked":"Dual Wield","floor":28},{"not_picked":["Limit Break","Feed"],"picked":"Double Tap","floor":33},{"not_picked":["Blood for Blood","Warcry"],"picked":"Clash","floor":34},{"not_picked":["Perfected Strike","Flex"],"picked":"Armaments","floor":35},{"not_picked":["Master of Strategy","Madness"],"picked":"Panache","floor":44}],"player_experience":169733,"potions_floor_usage":[14,16,16,28,36,46,48,50],"damage_taken":[{"damage":6,"enemies":"Jaw Worm","floor":1,"turns":3},{"damage":2,"enemies":"Small Slimes","floor":2,"turns":3},{"damage":5,"enemies":"2 Louse","floor":3,"turns":4},{"damage":36,"enemies":"Lagavulin","floor":6,"turns":6},{"damage":12,"enemies":"Looter","floor":8,"turns":5},{"damage":8,"enemies":"Red Slaver","floor":10,"turns":4},{"damage":2,"enemies":"Blue Slaver","floor":14,"turns":4},{"damage":38,"enemies":"The Guardian","floor":16,"turns":9},{"damage":50,"enemies":"3 Byrds","floor":18,"turns":11},{"damage":24,"enemies":"2 Thieves","floor":22,"turns":5},{"damage":51,"enemies":"Snake Plant","floor":24,"turns":7},{"damage":0,"enemies":"Chosen and Byrds","floor":27,"turns":5},{"damage":53,"enemies":"Cultist and Chosen","floor":28,"turns":9},{"damage":71,"enemies":"Automaton","floor":33,"turns":12},{"damage":15,"enemies":"Orb Walker","floor":35,"turns":4},{"damage":26,"enemies":"3 Darklings","floor":36,"turns":5},{"damage":27,"enemies":"4 Shapes","floor":39,"turns":6},{"damage":27,"enemies":"Maw","floor":40,"turns":8},{"damage":24,"enemies":"Sphere and 2 Shapes","floor":41,"turns":6},{"damage":57,"enemies":"3 Darklings","floor":46,"turns":5},{"damage":9,"enemies":"Maw","floor":47,"turns":6},{"damage":21,"enemies":"Sphere and 2 Shapes","floor":48,"turns":5},{"damage":160,"enemies":"Time Eater","floor":50,"turns":10}],"event_choices":[{"event_name":"Golden Idol","player_choice":"Take Damage","floor":4,"damage_taken":0},{"event_name":"Living Wall","player_choice":"Grow","floor":11,"damage_taken":0},{"event_name":"Beggar","player_choice":"Gave Gold","floor":20,"damage_taken":0},{"event_name":"The Library","player_choice":"Read","floor":30,"damage_taken":0},{"event_name":"Back to Basics","player_choice":"Simplicity","floor":31,"damage_taken":0},{"event_name":"Mysterious Sphere","player_choice":"Ignore","floor":37,"damage_taken":0},{"event_name":"Tomb of Lord Red Mask","player_choice":"Ignored","floor":38,"damage_taken":0},{"event_name":"SensoryStone","player_choice":"Memory 3","floor":44,"damage_taken":0}],"boss_relics":[{"not_picked":["Runic Pyramid","Runic Dome"],"picked":"Lizard Tail"},{"not_picked":["White Beast Statue","Runic Cube"],"picked":"Tiny House"}],"potions_floor_spawned":[6,10,14,27,36,41,47],"seed_played":"4593314068548279283","killed_by":"Time Eater","ascension_level":0,"is_trial":false}