{"path_per_floor":["M","$","M","?","?","R","?","R","T","R","T","?","M","E","R","B",null,"M","$","?","M","?"],"character_chosen":"IRONCLAD","items_purchased":["Happy Flower"],"gold_per_floor":[116,41,61,61,61,61,61,61,85,85,85,85,102,133,133,233,233,250,0,0,17,17,17],"floor_reached":23,"campfire_rested":1,"playtime":1145,"current_hp_per_floor":[79,79,79,79,79,79,71,71,71,71,71,59,62,38,62,17,88,88,88,88,90,90,0],"items_purged":["Strike_R","Strike_R"],"gold":17,"score":185,"play_id":"86c934c1-e7ec-415a-b03c-9eb52f224929","local_time":"20180408210917","is_prod":false,"is_daily":false,"is_ascension_mode":false,"campfire_upgraded":3,"timestamp":1523236157,"path_taken":["M","$","M","?","?","R","?","R","T","R","?","?","M","E","R","BOSS","M","?","?","?","?","E"],"build_version":"2018-04-05v2","purchased_purges":3,"victory":false,"master_deck":["Strike_R","Strike_R","Defend_R+1","Defend_R","Defend_R","Defend_R","Bash","Infernal Blade+1","Infernal Blade+1","Flex","Clash+1","Offering+1","Sword Boomerang+1","Heavy Blade+1"],"max_hp_per_floor":[80,80,80,80,80,80,80,80,80,80,80,80,80,80,80,80,88,88,88,88,90,90,90],"relics":["Burning Blood","Bag of Marbles","Singing Bowl","Gremlin Horn","Omamori","Molten Egg 2","Orrery","Happy Flower"],"card_choices":[{"not_picked":["Twin Strike","Clash"],"picked":"Infernal Blade","floor":1},{"not_picked":["Corruption","Hemokinesis"],"picked":"Infernal Blade","floor":3},{"not_picked":["Wild Strike","Juggernaut"],"picked":"Flex","floor":13},{"not_picked":["Ghostly Armor","Entrench"],"picked":"Clash","floor":14},{"not_picked":["Barricade","Double Tap"],"picked":"Offering","floor":16},{"not_picked":["Headbutt","Twin Strike"],"picked":"Sword Boomerang","floor":17},{"not_picked":["Clothesline","Feel No Pain"],"picked":"Heavy Blade","floor":18}],"player_experience":162654,"potions_floor_usage":[16,16],"damage_taken":[{"damage":7,"enemies":"2 Louse","floor":1,"turns":2},{"damage":6,"enemies":"Cultist","floor":3,"turns":3},{"damage":3,"enemies":"Jaw Worm","floor":13,"turns":1},{"damage":30,"enemies":"Gremlin Nob","floor":14,"turns":4},{"damage":66,"enemies":"Slime Boss","floor":16,"turns":16},{"damage":4,"enemies":"2 Thieves","floor":18,"turns":2},{"damage":4,"enemies":"Spheric Guardian","floor":21,"turns":3},{"damage":94,"enemies":"Slavers","floor":23,"turns":7}],"event_choices":[{"event_name":"Match and Keep!","player_choice":"0 cards matched","floor":4,"damage_taken":0},{"event_name":"Golden Idol","player_choice":"Ignored","floor":5,"damage_taken":0},{"event_name":"Wheel of Change","player_choice":"Damage","floor":7,"damage_taken":0},{"event_name":"Scrap Ooze","player_choice":"success","floor":12,"damage_taken":12},{"event_name":"Back to Basics","player_choice":"Elegance","floor":20,"damage_taken":0},{"event_name":"Accursed Blacksmith","player_choice":"Forge","floor":22,"damage_taken":0}],"boss_relics":[{"not_picked":["Mark of Pain","White Beast Statue"],"picked":"Orrery"}],"potions_floor_spawned":[1,3,16],"seed_played":"-4067011534278826098","killed_by":"Slavers","ascension_level":0,"is_trial":false}