{"path_per_floor":["M","M","?","$","?","R","M","?","T","?","E","R","$","M","R","B",null,"M","?","M","?","M","R","$","R","T","M","E","?","R","T","R","B",null,"M","$","?","M","?","R","M","M","T","R","E","R","?","T","R","B"],"character_chosen":"IRONCLAD","items_purchased":["Dual Wield","Infernal Blade","Jack Of All Trades"],"gold_per_floor":[110,122,72,1,1,1,16,16,16,72,97,97,22,40,40,144,144,156,156,168,93,113,113,45,45,93,103,137,137,137,137,137,240,240,255,51,51,68,68,68,88,106,132,132,160,160,160,190,190,190],"floor_reached":51,"campfire_rested":2,"playtime":1556,"current_hp_per_floor":[79,79,79,79,79,79,67,67,67,55,51,51,51,51,51,16,80,72,72,72,72,72,72,72,72,72,64,60,60,60,60,60,51,80,72,72,72,64,54,54,38,30,30,54,50,74,74,74,74,44],"items_purged":["Strike_R","Juggernaut"],"gold":190,"score":839,"play_id":"d70ab284-7023-4faa-bd58-7bddcf23d93e","local_time":"20180406133043","is_prod":false,"is_daily":false,"is_ascension_mode":false,"campfire_upgraded":9,"timestamp":1523035843,"path_taken":["M","M","?","$","?","R","?","?","T","?","E","R","?","?","R","BOSS","M","?","?","?","?","R","?","R","T","M","E","?","R","?","R","BOSS","M","$","?","M","?","R","?","M","T","R","E","R","?","?","R","BOSS"],"build_version":"2018-04-05v2","purchased_purges":3,"victory":true,"master_deck":["Strike_R","Bash","Offering+1","Dual Wield+1","Clash+1","Flex","Flex+1","Flex+1","Offering+1","Double Tap+1","Clash+1","Seeing Red","Infernal Blade+1","Exhume","Inflame+1","Inflame+1","Jack Of All Trades","Madness+1","Madness","Anger","Heavy Blade+1"],"max_hp_per_floor":[80,80,80,80,80,80,80,80,80,80,80,80,80,80,80,80,80,80,80,80,80,80,80,80,80,80,80,80,80,80,80,80,80,80,80,80,80,80,80,80,80,80,80,80,80,80,80,80,80,80],"relics":["Runic Dome","Torii","Unceasing Top","Vajra","Philosopher\u0027s Stone","Bag of Preparation","Ancient Tea Set","Red Skull","Astrolabe","Orichalcum","Prayer Wheel","Tiny Chest"],"card_choices":[{"not_picked":["Flex","Armaments"],"picked":"Offering","floor":2},{"not_picked":["Body Slam","Power Through"],"picked":"Clash","floor":7},{"not_picked":["True Grit","Entrench"],"picked":"Flex","floor":10},{"not_picked":["Entrench","Berserk"],"picked":"Flex","floor":11},{"not_picked":["Body Slam","Heavy Blade"],"picked":"Flex","floor":14},{"not_picked":["Exhume","Barricade"],"picked":"Offering","floor":16},{"not_picked":["Armaments","Warcry"],"picked":"Clash","floor":20},{"not_picked":["Combust","Sword Boomerang"],"picked":"Seeing Red","floor":22},{"not_picked":["Bludgeon","Barricade"],"picked":"Exhume","floor":33},{"not_picked":["Evolve","Disarm"],"picked":"Anger","floor":45},{"not_picked":["Shrug It Off","Cleave"],"picked":"Heavy Blade","floor":48}],"player_experience":143093,"potions_floor_usage":[50,50,50],"damage_taken":[{"damage":1,"enemies":"Jaw Worm","floor":1,"turns":3},{"damage":0,"enemies":"2 Louse","floor":2,"turns":2},{"damage":12,"enemies":"Small Slimes","floor":7,"turns":2},{"damage":12,"enemies":"3 Sentries","floor":10,"turns":2},{"damage":4,"enemies":"Lagavulin","floor":11,"turns":2},{"damage":0,"enemies":"Exordium Wildlife","floor":14,"turns":2},{"damage":35,"enemies":"The Guardian","floor":16,"turns":4},{"damage":8,"enemies":"Spheric Guardian","floor":18,"turns":2},{"damage":0,"enemies":"Shell Parasite","floor":20,"turns":1},{"damage":0,"enemies":"Snake Plant","floor":22,"turns":1},{"damage":8,"enemies":"Chosen and Byrds","floor":27,"turns":1},{"damage":4,"enemies":"Slavers","floor":28,"turns":2},{"damage":9,"enemies":"Champ","floor":33,"turns":2},{"damage":8,"enemies":"3 Shapes","floor":35,"turns":1},{"damage":8,"enemies":"Orb Walker","floor":38,"turns":1},{"damage":16,"enemies":"4 Shapes","floor":41,"turns":1},{"damage":8,"enemies":"3 Darklings","floor":42,"turns":1},{"damage":4,"enemies":"Nemesis","floor":45,"turns":1},{"damage":30,"enemies":"Donu and Deca","floor":50,"turns":2}],"event_choices":[{"event_name":"The Cleric","player_choice":"Card Removal","floor":3,"damage_taken":0},{"event_name":"Upgrade Shrine","player_choice":"Upgraded","floor":5,"damage_taken":0},{"event_name":"Transmorgrifier","player_choice":"Transform","floor":8,"damage_taken":0},{"event_name":"Dead Adventurer","player_choice":"Searched \u00271\u0027 times","floor":10,"damage_taken":0},{"event_name":"Transmorgrifier","player_choice":"Transform","floor":19,"damage_taken":0},{"event_name":"Beggar","player_choice":"Gave Gold","floor":21,"damage_taken":0},{"event_name":"Vampires","player_choice":"Ignored","floor":29,"damage_taken":0},{"event_name":"Winding Halls","player_choice":"Embrace Madness","floor":39,"damage_taken":0},{"event_name":"SecretPortal","player_choice":"Rejected Portal.","floor":47,"damage_taken":0}],"boss_relics":[{"not_picked":["Runic Pyramid","Cursed Key"],"picked":"Philosopher\u0027s Stone"},{"not_picked":["White Beast Statue","Mark of Pain"],"picked":"Astrolabe"}],"potions_floor_spawned":[1,7,11,16,22,27,33,35,41],"seed_played":"2052511313903503246","ascension_level":0,"is_trial":false}