{"path_per_floor":["M","?","?","?","$","R","E","R","T","E","?","M","$","T","R","B",null,"M","$","M","$","?","R","E","R","T","$","R","M","M","M","R","B",null,"M","?","?","M","M","R","M","R","T","M","R"],"character_chosen":"THE_SILENT","items_purchased":["Dagger Spray","Caltrops","Lantern"],"gold_per_floor":[114,114,114,114,13,13,44,44,90,124,124,143,65,65,65,193,193,193,46,46,46,46,46,46,46,46,46,46,46,46,46,46,46,46,46,46,46,46,46,46,46,46,46,46,46],"floor_reached":46,"campfire_rested":4,"playtime":2949,"current_hp_per_floor":[70,63,63,60,60,60,60,60,60,62,62,61,61,61,61,35,67,67,67,69,69,69,69,71,71,71,71,71,73,59,51,72,63,73,60,60,60,27,21,43,8,31,31,27,50],"items_purged":["Strike_G"],"gold":46,"score":492,"play_id":"0fdc4734-73d3-4eeb-bc98-6104be1fab25","local_time":"20180307121038","is_prod":false,"is_daily":false,"is_ascension_mode":true,"campfire_upgraded":6,"timestamp":1520446238,"path_taken":["M","?","?","?","$","R","E","R","T","E","?","M","$","?","R","BOSS","M","$","?","$","?","R","E","R","T","?","R","M","M","M","R","BOSS","M","?","?","M","?","R","M","R","T","M","R","E"],"build_version":"2018-03-01-PROD1","purchased_purges":2,"victory":false,"master_deck":["Defend_G","Defend_G","Defend_G","Defend_G","Strike_G","Strike_G","Strike_G","Survivor","Neutralize+1","Dagger Spray+1","Tools of the Trade+1","Noxious Fumes+1","Caltrops+1","Envenom+1","Prepared+1","Catalyst+1","Blade Dance+1","Night Terror+1","Noxious Fumes+1","Injury","Skewer"],"max_hp_per_floor":[70,70,65,65,65,65,65,65,65,67,67,67,67,67,67,67,67,67,67,69,69,69,69,71,71,71,71,71,73,73,73,73,73,73,73,73,73,73,75,75,77,77,77,79,79],"relics":["Ring of the Snake","NeowsBlessing","Golden Idol","Tough Bandages","Gremlin Horn","Singing Bowl","Happy Flower","Ice Cream","Ectoplasm","Lantern","Bronze Scales","Gambling Chip","Sozu","Dodecahedron"],"card_choices":[{"not_picked":["Escape Plan","Well Laid Plans"],"picked":"Tools of the Trade"},{"not_picked":["Acrobatics","Riddle With Holes"],"picked":"Noxious Fumes"},{"not_picked":["Venomology","Storm of Steel"],"picked":"Envenom"},{"not_picked":["Cloak And Dagger","Poisoned Stab"],"picked":"Prepared"},{"not_picked":["Noxious Fumes","Underhanded Strike"],"picked":"Catalyst"},{"not_picked":["PiercingWail","Leg Sweep"],"picked":"Blade Dance"},{"not_picked":["Unload","Tools of the Trade"],"picked":"Night Terror"},{"not_picked":["Catalyst","Heel Hook"],"picked":"Noxious Fumes"},{"not_picked":["Acrobatics","Sucker Punch"],"picked":"Skewer"}],"player_experience":147413,"potions_floor_usage":[30,31,33,33,44],"damage_taken":[{"damage":0,"enemies":"Small Slimes","floor":1,"turns":1},{"damage":0,"enemies":"Gremlin Nob","floor":7,"turns":1},{"damage":0,"enemies":"3 Sentries","floor":10,"turns":1},{"damage":1,"enemies":"Jaw Worm","floor":12,"turns":4},{"damage":26,"enemies":"Hexaghost","floor":16,"turns":10},{"damage":0,"enemies":"Shell Parasite","floor":18,"turns":6},{"damage":0,"enemies":"3 Byrds","floor":20,"turns":3},{"damage":0,"enemies":"Book of Stabbing","floor":24,"turns":7},{"damage":0,"enemies":"Snake Plant","floor":29,"turns":4},{"damage":14,"enemies":"Cultist and Chosen","floor":30,"turns":3},{"damage":8,"enemies":"3 Cultists","floor":31,"turns":3},{"damage":9,"enemies":"Collector","floor":33,"turns":7},{"damage":13,"enemies":"3 Darklings","floor":35,"turns":3},{"damage":33,"enemies":"3 Shapes","floor":38,"turns":5},{"damage":8,"enemies":"3 Darklings","floor":39,"turns":4},{"damage":37,"enemies":"4 Shapes","floor":41,"turns":3},{"damage":6,"enemies":"Maw","floor":44,"turns":4},{"damage":19,"enemies":"2 Orb Walkers","floor":46,"turns":3}],"event_choices":[{"event_name":"Golden Wing","player_choice":"Card Removal","floor":2,"damage_taken":0},{"event_name":"Golden Idol","player_choice":"Lose Max HP","floor":3,"damage_taken":0},{"event_name":"Scrap Ooze","player_choice":"success","floor":4,"damage_taken":3},{"event_name":"Upgrade Shrine","player_choice":"Upgraded","floor":11,"damage_taken":0},{"event_name":"Vampires","player_choice":"Ignored","floor":22,"damage_taken":0},{"event_name":"Accursed Blacksmith","player_choice":"Forge","floor":36,"damage_taken":0}],"boss_relics":[{"not_picked":["Orrery","Cursed Key"],"picked":"Ectoplasm"},{"not_picked":["Runic Dome","Snecko Eye"],"picked":"Sozu"}],"potions_floor_spawned":[7,12,16,18,24,30,31,38,39,44],"seed_played":"-8284296493378319820","killed_by":"2 Orb Walkers","ascension_level":1,"is_trial":false}