{"path_per_floor":["M","?","?","?","M","E","R","M","T","M","R","M","M","E","R","B",null,"M","M","$","M","?","R","M","R","T","?","M","?","M","$","R"],"character_chosen":"THE_SILENT","items_purchased":["Shuriken","Regal Pillow"],"gold_per_floor":[115,115,115,65,81,109,109,124,150,170,170,181,199,228,228,326,356,371,383,145,159,159,159,172,172,195,195,205,205,225,74,74],"floor_reached":33,"campfire_rested":2,"playtime":1180,"current_hp_per_floor":[70,70,56,56,56,56,56,56,56,56,56,51,51,47,68,64,75,75,75,75,71,71,71,56,56,63,63,59,43,31,31,72],"items_purged":[],"gold":74,"score":309,"play_id":"167d27bd-4397-4571-8866-20a10c2f45bd","local_time":"20180311000520","is_prod":false,"is_daily":false,"is_ascension_mode":false,"campfire_upgraded":4,"timestamp":1520748320,"path_taken":["M","?","?","?","M","E","R","M","T","M","R","M","?","E","R","BOSS","M","M","?","M","?","R","M","R","T","?","M","?","M","$","R","BOSS"],"build_version":"2018-03-09","purchased_purges":0,"victory":false,"master_deck":["Defend_G","Defend_G","Defend_G","Defend_G","Strike_G+1","Strike_G+1","Strike_G+1","Strike_G","Strike_G","Survivor+1","Neutralize+1","Acrobatics+1","Backstab","Footwork","Tools of the Trade+1","Poisoned Stab","Malaise+1","Poisoned Stab","Deadly Poison","Doppelganger","Poisoned Stab","Bouncing Flask+1","Backstab+1","Footwork"],"max_hp_per_floor":[70,70,70,70,70,70,70,70,70,70,70,70,70,70,70,70,75,75,75,75,75,75,75,75,75,82,82,82,87,87,87,87],"relics":["Ring of the Snake","NeowsBlessing","Dream Catcher","Whetstone","Anchor","Tiny House","Shuriken","Strawberry","Regal Pillow"],"card_choices":[{"not_picked":["Escape Plan","Backflip"],"picked":"Acrobatics"},{"not_picked":["Reflex","Sucker Punch"],"picked":"Backstab"},{"not_picked":["Predator","Slice"],"picked":"Footwork"},{"not_picked":["Quick Slash","Prepared"],"picked":"Tools of the Trade"},{"not_picked":["Slice","Deadly Poison"],"picked":"Poisoned Stab"},{"not_picked":["Riddle With Holes","Catalyst"],"picked":"Malaise"},{"not_picked":["Leg Sweep","Sucker Punch"],"picked":"Poisoned Stab"},{"not_picked":["Dodge and Roll","Quick Slash"],"picked":"Deadly Poison"},{"not_picked":["Tactician","Corpse Explosion"],"picked":"Doppelganger"},{"not_picked":["Catalyst","Prepared"],"picked":"Poisoned Stab"},{"not_picked":["Outmaneuver","Flying Knee"],"picked":"Bouncing Flask"},{"not_picked":["Cloak And Dagger","Flying Knee"],"picked":"Backstab"},{"not_picked":["Dodge and Roll","Flying Knee"],"picked":"Footwork"}],"player_experience":162219,"potions_floor_usage":[12,14,16,16,21,24,33],"damage_taken":[{"damage":0,"enemies":"Small Slimes","floor":1,"turns":1},{"damage":0,"enemies":"2 Louse","floor":5,"turns":1},{"damage":0,"enemies":"Gremlin Nob","floor":6,"turns":1},{"damage":0,"enemies":"Cultist","floor":8,"turns":3},{"damage":0,"enemies":"2 Fungi Beasts","floor":10,"turns":4},{"damage":5,"enemies":"Exordium Thugs","floor":12,"turns":6},{"damage":0,"enemies":"Exordium Wildlife","floor":13,"turns":4},{"damage":4,"enemies":"3 Sentries","floor":14,"turns":8},{"damage":19,"enemies":"Hexaghost","floor":16,"turns":11},{"damage":0,"enemies":"Shell Parasite","floor":18,"turns":5},{"damage":0,"enemies":"Chosen","floor":19,"turns":4},{"damage":4,"enemies":"Snake Plant","floor":21,"turns":4},{"damage":15,"enemies":"Sentry and Sphere","floor":24,"turns":5},{"damage":4,"enemies":"Centurion and Healer","floor":28,"turns":7},{"damage":12,"enemies":"Snake Plant","floor":30,"turns":6},{"damage":73,"enemies":"Automaton","floor":33,"turns":6}],"event_choices":[{"event_name":"Liars Game","player_choice":"disagreed","floor":2,"damage_taken":0},{"event_name":"Shining Light","player_choice":"Entered Light","floor":3,"damage_taken":0},{"event_name":"The Cleric","player_choice":"Card Removal","floor":4,"damage_taken":0},{"event_name":"The Lab","player_choice":"Got Potions","floor":22,"damage_taken":0},{"event_name":"The Mausoleum","player_choice":"No","floor":27,"damage_taken":0},{"event_name":"Forgotten Altar","player_choice":"Shed Blood","floor":29,"damage_taken":0}],"boss_relics":[{"not_picked":["Orrery","Lizard Tail"],"picked":"Tiny House"}],"potions_floor_spawned":[1,5,8,12,14,18,28],"seed_played":"-6156311766871025793","killed_by":"Automaton","ascension_level":0,"is_trial":false}