{"path_per_floor":["M","M","?","T","M","E","R","M","T","M","M","E","$","M","R","B",null,"M","M","?","M","?","R","E","R","T","$","M","?","M","M","R","B",null,"M","$","M","?","T","R","M","M","T","$","?"],"character_chosen":"THE_SILENT","items_purchased":["Shuriken","Caltrops","Bouncing Flask","Footwork","Snake Skull"],"gold_per_floor":[119,139,139,210,222,250,250,264,288,308,324,350,14,34,34,131,131,150,160,160,178,178,178,212,212,265,19,33,33,47,58,58,161,161,178,110,124,124,124,124,140,154,154,10,10],"floor_reached":46,"campfire_rested":3,"playtime":2003,"current_hp_per_floor":[68,68,68,68,68,60,60,56,56,54,54,48,48,45,66,62,70,52,48,48,41,64,64,30,51,51,51,46,46,31,31,52,46,70,66,66,55,55,55,55,30,30,30,30,21],"items_purged":["Strike_G","Infinite Blades"],"gold":10,"score":527,"play_id":"478c806d-439a-4453-9584-7d841223ec8d","local_time":"20180314224607","is_prod":false,"is_daily":false,"is_ascension_mode":true,"campfire_upgraded":3,"timestamp":1521085567,"path_taken":["M","M","?","?","?","E","R","M","T","M","M","E","$","M","R","BOSS","M","M","?","M","?","R","E","R","T","$","M","?","M","M","R","BOSS","M","$","M","?","?","R","M","M","T","$","?","M"],"build_version":"2018-03-09","purchased_purges":2,"victory":false,"master_deck":["Survivor","Neutralize+1","Quick Slash","Bouncing Flask","Blur","Bane","Noxious Fumes","Backflip","Deflect","Adrenaline+1","Phantasmal Killer+1","Footwork+1","Expertise+1","Deadly Poison","Escape Plan+1","Bane","Distraction+1","Caltrops","Bouncing Flask","Footwork","Leg Sweep+1","Adrenaline+1","Escape Plan","Crippling Poison","Caltrops","Quick Slash","Backflip","Noxious Fumes","Footwork","Deadly Poison+1","Catalyst","Cloak And Dagger+1","Madness","Madness"],"max_hp_per_floor":[70,70,70,70,70,70,70,70,70,70,70,70,70,70,70,70,70,70,70,70,70,70,70,70,70,70,70,70,70,70,70,70,70,70,70,70,70,70,70,70,70,70,70,70,70],"relics":["Ring of the Snake","Orichalcum","Bottled Flame","Bronze Scales","Art of War","Paper Crane","Shuriken","Astrolabe","Pen Nib","Bag of Preparation","Pandora\u0027s Box","Molten Egg 2","Calipers","Snake Skull"],"card_choices":[{"not_picked":["Bane","Outmaneuver"],"picked":"Quick Slash"},{"not_picked":["Dodge and Roll","Poisoned Stab"],"picked":"Bouncing Flask"},{"not_picked":["Backflip","Outmaneuver"],"picked":"Blur"},{"not_picked":["Blade Dance","Backstab"],"picked":"Infinite Blades"},{"not_picked":["Sucker Punch","Phantasmal Killer"],"picked":"Bane"},{"not_picked":["Quick Slash","Reflex"],"picked":"Noxious Fumes"},{"not_picked":["Eviscerate","Dash"],"picked":"Backflip"},{"not_picked":["Poisoned Stab","Tools of the Trade"],"picked":"Deflect"},{"not_picked":["Storm of Steel","Glass Knife"],"picked":"Adrenaline"},{"not_picked":["Underhanded Strike","Deflect"],"picked":"Deadly Poison"},{"not_picked":["Quick Slash","Flying Knee"],"picked":"Escape Plan"},{"not_picked":["Backflip","Cloak And Dagger"],"picked":"Bane"},{"not_picked":["Leg Sweep","Wraith Form"],"picked":"Distraction"},{"not_picked":["Heel Hook","Escape Plan"],"picked":"Footwork"},{"not_picked":["Bane","Well Laid Plans"],"picked":"Leg Sweep"},{"not_picked":["Unload","Glass Knife"],"picked":"Adrenaline"},{"not_picked":["Sucker Punch","Bane"],"picked":"Noxious Fumes"},{"not_picked":["Skewer","Slice"],"picked":"Deadly Poison"},{"not_picked":["Well Laid Plans","Dagger Throw"],"picked":"Catalyst"},{"not_picked":["Expertise","Underhanded Strike"],"picked":"Cloak And Dagger"}],"player_experience":180900,"potions_floor_usage":[6,6,12,14,21,28,33,35],"damage_taken":[{"damage":2,"enemies":"Jaw Worm","floor":1,"turns":5},{"damage":0,"enemies":"Cultist","floor":2,"turns":3},{"damage":0,"enemies":"2 Louse","floor":5,"turns":3},{"damage":8,"enemies":"3 Sentries","floor":6,"turns":9},{"damage":4,"enemies":"Red Slaver","floor":8,"turns":3},{"damage":2,"enemies":"Looter","floor":10,"turns":3},{"damage":0,"enemies":"2 Fungi Beasts","floor":11,"turns":4},{"damage":6,"enemies":"Lagavulin","floor":12,"turns":6},{"damage":3,"enemies":"Exordium Thugs","floor":14,"turns":4},{"damage":4,"enemies":"Hexaghost","floor":16,"turns":8},{"damage":18,"enemies":"2 Thieves","floor":18,"turns":5},{"damage":4,"enemies":"3 Byrds","floor":19,"turns":4},{"damage":7,"enemies":"Centurion and Healer","floor":21,"turns":7},{"damage":34,"enemies":"Slavers","floor":24,"turns":7},{"damage":5,"enemies":"Chosen and Byrds","floor":28,"turns":5},{"damage":15,"enemies":"Cultist and Chosen","floor":30,"turns":6},{"damage":0,"enemies":"Snake Plant","floor":31,"turns":4},{"damage":6,"enemies":"Champ","floor":33,"turns":12},{"damage":4,"enemies":"3 Shapes","floor":35,"turns":5},{"damage":11,"enemies":"Orb Walker","floor":37,"turns":4},{"damage":25,"enemies":"Sphere and 2 Shapes","floor":41,"turns":7},{"damage":0,"enemies":"Maw","floor":42,"turns":7},{"damage":23,"enemies":"4 Shapes","floor":46,"turns":4}],"event_choices":[{"event_name":"Liars Game","player_choice":"disagreed","floor":3,"damage_taken":0},{"event_name":"Purifier","player_choice":"One Purge","floor":20,"damage_taken":0},{"event_name":"The Library","player_choice":"Heal","floor":22,"damage_taken":0},{"event_name":"Addict","player_choice":"Ignored","floor":29,"damage_taken":0},{"event_name":"Mysterious Sphere","player_choice":"Ignore","floor":38,"damage_taken":0},{"event_name":"Winding Halls","player_choice":"Embrace Madness","floor":45,"damage_taken":0}],"boss_relics":[{"not_picked":["Runic Pyramid","Tiny House"],"picked":"Astrolabe"},{"not_picked":["Orrery","Calling Bell"],"picked":"Pandora\u0027s Box"}],"potions_floor_spawned":[2,5,6,12,16,24,30,31,35],"seed_played":"-934203942211740682","killed_by":"4 Shapes","ascension_level":2,"is_trial":false}