{"path_per_floor":["M","$","?","M","M","R","E","R","T","E","M","M","$","E","R","B",null,"M","?","T","?","M","E","R","M","T","E","M","R","M","M","R","B",null,"M","M","?","$","M","R","$","R","T","?","E","M","$","M","R"],"character_chosen":"THE_SILENT","items_purchased":["Sucker Punch","Caltrops","Flash of Steel","Shuriken","War Paint","Noxious Fumes","Blood Vial","Whetstone","Accuracy","Riddle With Holes"],"gold_per_floor":[109,7,7,28,52,52,88,88,135,175,200,215,73,116,116,235,235,256,256,556,556,575,608,608,629,708,743,758,758,779,803,803,923,923,943,958,958,613,626,626,101,101,101,101,137,151,5,20,20],"floor_reached":50,"campfire_rested":4,"playtime":2858,"current_hp_per_floor":[70,70,65,65,65,65,69,69,69,38,38,35,35,35,35,24,72,72,50,50,50,45,45,45,43,43,15,20,35,40,33,48,27,50,50,15,44,44,29,42,42,42,42,42,44,33,33,28,41],"items_purged":["Regret","Quick Slash"],"gold":20,"score":687,"play_id":"e1eda638-03f1-43d2-b8d3-51f988b7c60e","local_time":"20180313230212","is_prod":false,"is_daily":false,"is_ascension_mode":true,"campfire_upgraded":5,"timestamp":1521000132,"path_taken":["M","$","?","M","M","R","E","R","T","E","M","M","$","E","R","BOSS","M","?","?","?","M","E","R","?","T","E","M","R","M","M","R","BOSS","M","M","?","$","M","R","?","R","T","?","E","M","$","M","R","BOSS"],"build_version":"2018-03-09","purchased_purges":2,"victory":false,"master_deck":["Survivor","Neutralize+1","Die Die Die+1","Prepared+1","Cloak And Dagger","Sucker Punch","Flying Knee","PiercingWail","Cloak And Dagger","Caltrops","Caltrops","Flash of Steel","Heel Hook","Adrenaline+1","Reflex+1","Dagger Throw+1","Well Laid Plans+1","Bite","Bite+1","Bite","Bite","Bite","Terror+1","PiercingWail","Footwork","Calculated Gamble+1","After Image+1","Eviscerate+1","Deadly Poison","Escape Plan+1","Blur","Bane","Prepared","Deflect+1","Noxious Fumes","Backflip","Leg Sweep+1","Deadly Poison","Accuracy","Riddle With Holes"],"max_hp_per_floor":[70,70,65,65,65,65,72,72,72,72,72,72,72,72,72,72,72,72,50,50,50,50,50,50,50,50,50,50,50,50,50,50,50,50,50,50,44,44,44,44,44,44,44,44,44,44,44,44,44],"relics":["Ring of the Snake","Golden Idol","Strawberry","Lantern","Sundial","Dodecahedron","Astrolabe","Old Coin","Tingsha","Paper Crane","Prayer Wheel","Pandora\u0027s Box","Shuriken","War Paint","Blood Vial","Whetstone","Toolbox","Pen Nib"],"card_choices":[{"not_picked":["Bane","Deflect"],"picked":"Cloak And Dagger"},{"not_picked":["Poisoned Stab","Bane"],"picked":"Flying Knee"},{"not_picked":["Outmaneuver","Bane"],"picked":"Quick Slash"},{"not_picked":["Riddle With Holes","Backstab"],"picked":"PiercingWail"},{"not_picked":["Quick Slash","Predator"],"picked":"Cloak And Dagger"},{"not_picked":["All Out Attack","Skewer"],"picked":"Caltrops"},{"not_picked":["Masterful Stab","Skewer"],"picked":"Heel Hook"},{"not_picked":["Tactician","Burst"],"picked":"Adrenaline"},{"not_picked":["Deflect","Well Laid Plans"],"picked":"Terror"},{"not_picked":["Night Terror","Setup"],"picked":"PiercingWail"},{"not_picked":["Dagger Throw","Bane"],"picked":"Footwork"},{"not_picked":["Crippling Poison","Masterful Stab"],"picked":"Calculated Gamble"},{"not_picked":["Bullet Time","Tactician"],"picked":"After Image"},{"not_picked":["Deadly Poison","Slice"],"picked":"Prepared"},{"not_picked":["Outmaneuver","Underhanded Strike"],"picked":"Deflect"},{"not_picked":["Underhanded Strike","Infinite Blades"],"picked":"Backflip"},{"not_picked":["After Image","Backflip"],"picked":"Leg Sweep"},{"not_picked":["Cloak And Dagger","Poisoned Stab"],"picked":"Deadly Poison"}],"player_experience":172690,"potions_floor_usage":[14,14,16,16,23,27,27,30,48,50],"damage_taken":[{"damage":0,"enemies":"Jaw Worm","floor":1,"turns":4},{"damage":0,"enemies":"Small Slimes","floor":4,"turns":2},{"damage":0,"enemies":"2 Louse","floor":5,"turns":2},{"damage":3,"enemies":"3 Sentries","floor":7,"turns":6},{"damage":31,"enemies":"Lagavulin","floor":10,"turns":7},{"damage":0,"enemies":"Blue Slaver","floor":11,"turns":2},{"damage":3,"enemies":"2 Fungi Beasts","floor":12,"turns":3},{"damage":0,"enemies":"3 Sentries","floor":14,"turns":3},{"damage":11,"enemies":"The Guardian","floor":16,"turns":12},{"damage":0,"enemies":"Spheric Guardian","floor":18,"turns":3},{"damage":9,"enemies":"Shell Parasite","floor":22,"turns":5},{"damage":4,"enemies":"Book of Stabbing","floor":23,"turns":4},{"damage":4,"enemies":"Snake Plant","floor":25,"turns":4},{"damage":47,"enemies":"Slavers","floor":27,"turns":5},{"damage":3,"enemies":"Cultist and Chosen","floor":28,"turns":4},{"damage":5,"enemies":"Snecko","floor":30,"turns":5},{"damage":15,"enemies":"3 Cultists","floor":31,"turns":4},{"damage":27,"enemies":"Champ","floor":33,"turns":14},{"damage":0,"enemies":"Orb Walker","floor":35,"turns":3},{"damage":41,"enemies":"3 Darklings","floor":36,"turns":6},{"damage":21,"enemies":"4 Shapes","floor":39,"turns":5},{"damage":0,"enemies":"Giant Head","floor":45,"turns":5},{"damage":14,"enemies":"Sphere and 2 Shapes","floor":46,"turns":4},{"damage":12,"enemies":"3 Darklings","floor":48,"turns":4},{"damage":51,"enemies":"Donu and Deca","floor":50,"turns":9}],"event_choices":[{"event_name":"Golden Idol","player_choice":"Lose Max HP","floor":3,"damage_taken":0},{"event_name":"Vampires","player_choice":"Became a vampire","floor":19,"damage_taken":0},{"event_name":"The Mausoleum","player_choice":"No","floor":21,"damage_taken":0},{"event_name":"The Moai Head","player_choice":"Heal","floor":37,"damage_taken":0},{"event_name":"Mysterious Sphere","player_choice":"Ignore","floor":44,"damage_taken":0}],"boss_relics":[{"not_picked":["Velvet Choker","Black Star"],"picked":"Astrolabe"},{"not_picked":["Tiny House","Cursed Key"],"picked":"Pandora\u0027s Box"}],"potions_floor_spawned":[5,11,12,14,16,22,23,27,46,48],"seed_played":"-610522018600584617","killed_by":"Donu and Deca","ascension_level":1,"is_trial":false}