{"path_per_floor":["M","M","$","?","M","R","E","M","T","M","M","M","?","E","R","B",null,"M","M","$","?","M","E"],"character_chosen":"THE_SILENT","items_purchased":["Paper Crane","Sucker Punch","Noxious Fumes","Snake Skull","Blood Vial"],"gold_per_floor":[369,381,35,35,56,56,91,109,136,154,178,198,198,232,232,361,361,341,361,59,159,178,211],"floor_reached":24,"campfire_rested":1,"playtime":848,"current_hp_per_floor":[63,62,62,58,58,58,43,43,43,43,40,40,40,29,46,22,58,32,23,23,23,4,6],"items_purged":[],"gold":211,"score":281,"play_id":"2c757f9d-a944-4522-a0d4-d381303b8761","local_time":"20180315234651","is_prod":false,"is_daily":false,"is_ascension_mode":true,"campfire_upgraded":1,"timestamp":1521175611,"path_taken":["M","M","$","?","M","R","E","M","T","M","M","M","?","E","R","BOSS","M","M","$","?","M","E","M"],"build_version":"2018-03-15","purchased_purges":0,"victory":false,"master_deck":["Defend_G","Defend_G","Defend_G","Defend_G","Defend_G","Strike_G","Strike_G","Strike_G","Strike_G","Strike_G","Survivor","Neutralize","Dagger Throw","Dagger Throw","Sucker Punch+1","Noxious Fumes","Underhanded Strike","Bouncing Flask","PiercingWail","Underhanded Strike","Noxious Fumes","Acrobatics","Noxious Fumes+1"],"max_hp_per_floor":[63,63,63,58,58,58,58,58,58,58,58,58,58,58,58,58,58,58,58,58,58,58,58],"relics":["Ring of the Snake","Paper Crane","Golden Idol","Tough Bandages","Prayer Wheel","Kunai","Cursed Key","Snake Skull","Blood Vial","Omamori"],"card_choices":[{"not_picked":["All Out Attack","Backstab"],"picked":"Dagger Throw"},{"not_picked":["Tools of the Trade","Footwork"],"picked":"Dagger Throw"},{"not_picked":["Deflect","Dagger Throw"],"picked":"Underhanded Strike"},{"not_picked":["Poisoned Stab","Phantasmal Killer"],"picked":"Bouncing Flask"},{"not_picked":["Well Laid Plans","Poisoned Stab"],"picked":"PiercingWail"},{"not_picked":["Quick Slash","Skewer"],"picked":"Underhanded Strike"},{"not_picked":["Well Laid Plans","Bane"],"picked":"Noxious Fumes"},{"not_picked":["Slice","Crippling Poison"],"picked":"Acrobatics"},{"not_picked":["Sucker Punch","Calculated Gamble"],"picked":"Noxious Fumes"}],"player_experience":191595,"potions_floor_usage":[8,12,14,16,18,23],"damage_taken":[{"damage":0,"enemies":"2 Louse","floor":1,"turns":6},{"damage":1,"enemies":"Jaw Worm","floor":2,"turns":4},{"damage":0,"enemies":"Small Slimes","floor":5,"turns":2},{"damage":15,"enemies":"Lagavulin","floor":7,"turns":7},{"damage":0,"enemies":"Gremlin Gang","floor":8,"turns":1},{"damage":0,"enemies":"Red Slaver","floor":10,"turns":3},{"damage":3,"enemies":"2 Fungi Beasts","floor":11,"turns":3},{"damage":0,"enemies":"3 Louse","floor":12,"turns":4},{"damage":11,"enemies":"Gremlin Nob","floor":14,"turns":5},{"damage":24,"enemies":"Hexaghost","floor":16,"turns":9},{"damage":26,"enemies":"2 Thieves","floor":18,"turns":5},{"damage":9,"enemies":"Spheric Guardian","floor":19,"turns":4},{"damage":21,"enemies":"Cultist and Chosen","floor":22,"turns":5},{"damage":0,"enemies":"Book of Stabbing","floor":23,"turns":5},{"damage":14,"enemies":"Centurion and Healer","floor":24,"turns":2}],"event_choices":[{"event_name":"Golden Idol","player_choice":"Lose Max HP","floor":4,"damage_taken":0},{"event_name":"The Lab","player_choice":"Got Potions","floor":13,"damage_taken":0},{"event_name":"Golden Shrine","player_choice":"Pray","floor":21,"damage_taken":0}],"boss_relics":[{"not_picked":["Lizard Tail","Eternal Feather"],"picked":"Cursed Key"}],"potions_floor_spawned":[1,7,8,10,16,18,23],"seed_played":"651938268668739921","killed_by":"Centurion and Healer","ascension_level":2,"is_trial":false}