{"path_per_floor":["M","M","$","?","M","R","E","$","T","R","$","M","R","E","R","B",null,"M","$","?","M","?","R","M","R","T","M","R","M","M","M","R","B",null,"M","M","?"],"character_chosen":"THE_SILENT","items_purchased":["Backflip","Noxious Fumes","Acrobatics","Noxious Fumes"],"gold_per_floor":[113,133,82,82,99,99,125,125,125,125,3,15,15,44,44,141,141,160,47,47,62,62,62,78,78,78,92,92,104,115,127,127,222,222,240,255,255,255],"floor_reached":38,"campfire_rested":5,"playtime":1846,"current_hp_per_floor":[69,68,68,68,67,67,56,56,56,56,56,53,53,41,62,49,70,52,52,52,19,19,40,23,44,44,35,56,46,29,24,45,35,70,29,8,8,0],"items_purged":["Strike_G"],"gold":255,"score":425,"play_id":"0b90d6b7-4b81-48a9-a679-b1e166985050","local_time":"20180327202757","is_prod":false,"is_daily":false,"is_ascension_mode":true,"campfire_upgraded":3,"timestamp":1522200477,"path_taken":["M","M","$","?","M","R","E","$","T","R","$","M","R","E","R","BOSS","M","$","?","M","?","R","M","R","T","M","R","M","M","?","R","BOSS","M","?","?","M"],"build_version":"2018-03-22v2","purchased_purges":2,"victory":false,"master_deck":["Defend_G","Defend_G","Defend_G","Defend_G","Defend_G","Strike_G","Strike_G","Strike_G","Strike_G","Survivor","Neutralize+1","Escape Plan","Backflip+1","Tools of the Trade+1","Noxious Fumes+1","Acrobatics","A Thousand Cuts","Die Die Die","Slice","Reflex+1","Noxious Fumes","Backflip","Sucker Punch","Noxious Fumes","Escape Plan","Blade Dance+1","Footwork","Sucker Punch+1","Envenom","Backflip+1","Concentrate+1"],"max_hp_per_floor":[70,70,70,70,70,70,70,70,70,70,70,70,70,70,70,70,70,70,70,70,70,70,70,70,70,70,70,70,70,70,70,70,70,70,70,70,70,70],"relics":["Ring of the Snake","Blood Vial","Bag of Preparation","Paper Crane","Orrery","Bird Faced Urn","Eternal Feather"],"card_choices":[{"not_picked":["Dagger Spray","Bane"],"picked":"Escape Plan","floor":1.0},{"not_picked":["Expertise","Slice"],"picked":"Tools of the Trade","floor":5.0},{"not_picked":["Doppelganger","Acrobatics"],"picked":"A Thousand Cuts","floor":14},{"not_picked":["Glass Knife","Tools of the Trade"],"picked":"Die Die Die","floor":16},{"not_picked":["Backflip","Deadly Poison"],"picked":"Slice","floor":17},{"not_picked":["Outmaneuver","Eviscerate"],"picked":"Reflex","floor":17},{"not_picked":["Bane","Blade Dance"],"picked":"Noxious Fumes","floor":17},{"not_picked":["Dash","Masterful Stab"],"picked":"Backflip","floor":17},{"not_picked":["Deflect","Terror"],"picked":"Sucker Punch","floor":18},{"not_picked":["Infinite Blades","Finisher"],"picked":"Escape Plan","floor":21},{"not_picked":["Outmaneuver","Backflip"],"picked":"Blade Dance","floor":24},{"not_picked":["Quick Slash","Dagger Throw"],"picked":"Footwork","floor":27},{"not_picked":["Choke","Outmaneuver"],"picked":"Sucker Punch","floor":31},{"not_picked":["Doppelganger","Bullet Time"],"picked":"Envenom","floor":33},{"not_picked":["Dagger Spray","Choke"],"picked":"Backflip","floor":35},{"not_picked":["Outmaneuver","PiercingWail"],"picked":"Concentrate","floor":36}],"player_experience":212890,"potions_floor_usage":[16,16,24,30,31,33],"damage_taken":[{"damage":1.0,"enemies":"Small Slimes","floor":1.0,"turns":5.0},{"damage":1.0,"enemies":"2 Louse","floor":2.0,"turns":4.0},{"damage":1.0,"enemies":"Cultist","floor":5.0,"turns":6.0},{"damage":11.0,"enemies":"Lagavulin","floor":7.0,"turns":8.0},{"damage":5.0,"enemies":"Looter","floor":12.0,"turns":4.0},{"damage":14,"enemies":"3 Sentries","floor":14,"turns":7},{"damage":15,"enemies":"Slime Boss","floor":16,"turns":9},{"damage":18,"enemies":"Chosen","floor":18,"turns":6},{"damage":35,"enemies":"3 Byrds","floor":21,"turns":4},{"damage":19,"enemies":"Centurion and Healer","floor":24,"turns":7},{"damage":21,"enemies":"Snake Plant","floor":27,"turns":6},{"damage":24,"enemies":"Chosen and Byrds","floor":29,"turns":8},{"damage":31,"enemies":"Centurion and Healer","floor":30,"turns":7},{"damage":17,"enemies":"Cultist and Chosen","floor":31,"turns":7},{"damage":24,"enemies":"Collector","floor":33,"turns":11},{"damage":47,"enemies":"3 Shapes","floor":35,"turns":5},{"damage":37,"enemies":"Orb Walker","floor":36,"turns":6},{"damage":22,"enemies":"3 Darklings","floor":38,"turns":2}],"event_choices":[{"event_name":"Living Wall","player_choice":"Grow","floor":4.0,"damage_taken":0.0},{"event_name":"The Lab","player_choice":"Got Potions","floor":20,"damage_taken":0},{"event_name":"Addict","player_choice":"Ignored","floor":22,"damage_taken":0},{"event_name":"Accursed Blacksmith","player_choice":"Forge","floor":37,"damage_taken":0}],"boss_relics":[{"not_picked":["Snecko Eye","White Beast Statue"],"picked":"Orrery"},{"not_picked":["Black Star","Tiny House"],"picked":"Eternal Feather"}],"potions_floor_spawned":[1,7,12,14,21,27,31],"seed_played":"8872749190156807751","killed_by":"3 Darklings","ascension_level":2,"is_trial":false}