{"path_per_floor":["M","$","?","M","M","R","?","M","T","R","M","M","M","M","R","B",null,"M","M","?","M","M","R","$","E","T","R","?","M","M","M","R","B",null,"M","M","$","M","M","R","?","M","T"],"character_chosen":"THE_SILENT","items_purchased":["Cloak And Dagger","Noxious Fumes","Happy Flower","Blur","Pear","Calculated Gamble","Footwork"],"gold_per_floor":[116,69,19,30,41,41,41,64,117,117,136,152,172,187,187,311,311,332,352,352,375,399,399,59,102,184,184,184,197,217,231,231,361,361,375,398,39,60,80,80,80,96,96,96],"floor_reached":44,"campfire_rested":5,"playtime":1952,"current_hp_per_floor":[57,57,57,57,57,57,57,53,53,53,46,39,39,32,49,42,58,25,24,24,24,16,33,33,28,28,45,40,23,29,24,36,16,40,26,33,43,16,22,37,37,44,44,0],"items_purged":["Strike_G"],"gold":96,"score":524,"play_id":"e5561ceb-6b22-45a5-be18-156008334c35","local_time":"20180408022123","is_prod":false,"is_daily":false,"is_ascension_mode":true,"campfire_upgraded":0,"timestamp":1523172083,"path_taken":["M","$","?","M","M","R","?","M","T","R","M","M","?","M","R","BOSS","M","M","?","M","M","R","$","E","T","R","?","?","M","M","R","BOSS","M","M","$","?","M","R","?","?","T","E"],"build_version":"2018-04-05v2","purchased_purges":1,"victory":false,"master_deck":["Defend_G","Defend_G","Defend_G","Defend_G","Defend_G","Survivor","Neutralize","Dagger Spray","Cloak And Dagger","Blur","Malaise","Envenom","Sucker Punch","Dagger Throw","Dagger Spray","Footwork","After Image","Backflip+1","Slice+1","Slice","Leg Sweep","Noxious Fumes","Blur","Dagger Spray","Bite","Bite","Bite","Bite","Bite","PiercingWail+1","Terror","Expertise+1","Deadly Poison+1","Escape Plan","Calculated Gamble","Prepared"],"max_hp_per_floor":[63,63,63,63,63,63,58,58,58,58,58,58,58,58,58,58,58,58,58,58,58,58,58,58,58,58,58,40,40,40,40,40,40,40,40,40,50,50,50,50,50,50,50,50],"relics":["Ring of the Snake","Shovel","Gremlin Horn","Golden Idol","Vajra","Bronze Scales","Sozu","Happy Flower","Smiling Mask","Mercury Hourglass","Black Star","Pear","Prayer Wheel"],"card_choices":[{"not_picked":["Slice","Infinite Blades"],"picked":"Dagger Spray","floor":1},{"not_picked":["Dagger Spray","Poisoned Stab"],"picked":"Blur","floor":4},{"not_picked":["Dodge and Roll","Acrobatics"],"picked":"Malaise","floor":5},{"not_picked":["Flying Knee","Deadly Poison"],"picked":"Envenom","floor":8},{"not_picked":["Malaise","Underhanded Strike"],"picked":"Sucker Punch","floor":11},{"not_picked":["Acrobatics","Underhanded Strike"],"picked":"Dagger Throw","floor":12},{"not_picked":["Blur","Sucker Punch"],"picked":"Dagger Spray","floor":13},{"not_picked":["Acrobatics","Accuracy"],"picked":"Footwork","floor":14},{"not_picked":["Storm of Steel","Wraith Form"],"picked":"After Image","floor":16},{"not_picked":["Poisoned Stab","Caltrops"],"picked":"Backflip","floor":18},{"not_picked":["Crippling Poison","Backflip"],"picked":"Slice","floor":19},{"not_picked":["Acrobatics","PiercingWail"],"picked":"Slice","floor":21},{"not_picked":["Catalyst","Slice"],"picked":"Leg Sweep","floor":22},{"not_picked":["Concentrate","Dagger Throw"],"picked":"Dagger Spray","floor":25},{"not_picked":["Dagger Throw","Prepared"],"picked":"PiercingWail","floor":29},{"not_picked":["Dash","Leg Sweep"],"picked":"Terror","floor":30},{"not_picked":["Sucker Punch","Slice"],"picked":"Expertise","floor":31},{"not_picked":["Underhanded Strike","PiercingWail"],"picked":"Deadly Poison","floor":35},{"not_picked":["Poisoned Stab","Heel Hook"],"picked":"Escape Plan","floor":36},{"not_picked":["Underhanded Strike","Dagger Throw"],"picked":"Prepared","floor":38}],"player_experience":236417,"potions_floor_usage":[8,13,16,33],"damage_taken":[{"damage":6,"enemies":"Jaw Worm","floor":1,"turns":5},{"damage":0,"enemies":"2 Louse","floor":4,"turns":3},{"damage":0,"enemies":"Cultist","floor":5,"turns":5},{"damage":4,"enemies":"3 Louse","floor":8,"turns":3},{"damage":7,"enemies":"Blue Slaver","floor":11,"turns":4},{"damage":7,"enemies":"2 Fungi Beasts","floor":12,"turns":3},{"damage":0,"enemies":"Gremlin Gang","floor":13,"turns":3},{"damage":7,"enemies":"3 Louse","floor":14,"turns":2},{"damage":7,"enemies":"The Guardian","floor":16,"turns":14},{"damage":33,"enemies":"2 Thieves","floor":18,"turns":4},{"damage":1,"enemies":"Shell Parasite","floor":19,"turns":7},{"damage":0,"enemies":"Centurion and Healer","floor":21,"turns":9},{"damage":8,"enemies":"Snake Plant","floor":22,"turns":6},{"damage":5,"enemies":"Gremlin Leader","floor":25,"turns":9},{"damage":19,"enemies":"Sentry and Sphere","floor":29,"turns":5},{"damage":0,"enemies":"3 Cultists","floor":30,"turns":3},{"damage":15,"enemies":"Snecko","floor":31,"turns":4},{"damage":42,"enemies":"Collector","floor":33,"turns":11},{"damage":18,"enemies":"3 Darklings","floor":35,"turns":5},{"damage":1,"enemies":"Orb Walker","floor":36,"turns":4},{"damage":29,"enemies":"4 Shapes","floor":38,"turns":3},{"damage":0,"enemies":"3 Darklings","floor":39,"turns":4},{"damage":1,"enemies":"Maw","floor":42,"turns":8},{"damage":65,"enemies":"Giant Head","floor":44,"turns":9}],"event_choices":[{"event_name":"The Cleric","player_choice":"Card Removal","floor":3,"damage_taken":0},{"event_name":"Golden Idol","player_choice":"Lose Max HP","floor":7,"damage_taken":0},{"event_name":"Cursed Tome","player_choice":"Ignored","floor":20,"damage_taken":0},{"event_name":"Vampires","player_choice":"Became a vampire","floor":28,"damage_taken":0}],"boss_relics":[{"not_picked":["Philosopher\u0027s Stone","Orrery"],"picked":"Sozu"},{"not_picked":["Runic Pyramid","Velvet Choker"],"picked":"Black Star"}],"potions_floor_spawned":[4,5,13,16,19,25,29,30,35,38],"seed_played":"1492089927916570028","killed_by":"Giant Head","ascension_level":2,"is_trial":false}