{"path_per_floor":["M","M","M","?","M","R","T","R","T","?","E","R","$","M","R","B",null,"M","M","M","M","?","R","E","M","T","R","M","M","?","E","R","B",null,"M","?","?","M","?","E","R","?","T","?","E","M","$","M","R"],"character_chosen":"THE_SILENT","items_purchased":["Footwork","Apotheosis","Secret Technique","Footwork","Mango"],"gold_per_floor":[110,123,143,143,159,159,242,242,242,242,275,275,23,38,38,138,138,153,135,152,166,166,166,194,211,211,211,221,240,440,468,468,572,572,588,588,588,600,600,631,631,631,682,682,711,725,79,90,90,90],"floor_reached":50,"campfire_rested":2,"playtime":2769,"current_hp_per_floor":[66,66,66,66,52,58,58,64,64,64,51,57,57,57,63,48,70,67,66,56,33,33,43,49,49,49,49,10,31,31,20,44,36,49,49,49,49,49,49,41,49,43,43,33,4,15,29,24,58,0],"items_purged":["Regret"],"gold":90,"score":700,"play_id":"2fdbf53c-74e8-4591-8c56-62b5623ea0b9","local_time":"20180407195945","is_prod":false,"is_daily":false,"is_ascension_mode":true,"campfire_upgraded":7,"timestamp":1523149185,"path_taken":["M","M","M","?","M","R","?","R","T","?","E","R","$","M","R","BOSS","M","M","M","M","?","R","E","M","T","R","M","M","?","E","R","BOSS","M","?","?","?","?","E","R","?","T","?","E","M","$","M","R","BOSS"],"build_version":"2018-04-05v2","purchased_purges":1,"victory":false,"master_deck":["Defend_G","Defend_G","Defend_G","Defend_G","Defend_G+1","Survivor","Neutralize+1","Flying Knee","PiercingWail","Dagger Throw","Backflip+1","Deadly Poison+1","Footwork+1","Apotheosis+1","Escape Plan","A Thousand Cuts","Deadly Poison+1","Cloak And Dagger","Dagger Spray","Deflect","Bite+1","Bite","Bite","Bite","Bite","Cloak And Dagger","Footwork+1","Backflip","Bouncing Flask+1","Storm of Steel","Neutralize","Deadly Poison+1","Storm of Steel","Doppelganger+1","Madness","Madness","Bandage Up","Secret Weapon","Finesse","Escape Plan","Well Laid Plans+1","Secret Technique","Footwork+1","Noxious Fumes+1"],"max_hp_per_floor":[70,70,70,70,70,70,70,70,70,70,70,70,70,70,70,70,70,70,70,70,70,49,49,49,49,49,49,49,49,49,49,49,49,49,49,49,49,49,49,49,49,49,49,49,49,49,63,63,63,63],"relics":["Eternal Feather","Tiny Chest","Gambling Chip","Question Card","Sozu","Frozen Egg 2","Dead Branch","Oddly Smooth Stone","Cursed Key","Ice Cream","Bag of Preparation","Anchor","Mango"],"card_choices":[{"not_picked":["Prepared","PiercingWail"],"picked":"Flying Knee","floor":1},{"not_picked":["Cloak And Dagger","Sucker Punch"],"picked":"PiercingWail","floor":2},{"not_picked":["Catalyst","Dodge and Roll"],"picked":"Dagger Throw","floor":3},{"not_picked":["PiercingWail","Deflect"],"picked":"Backflip","floor":5},{"not_picked":["Die Die Die","Terror"],"picked":"Deadly Poison","floor":11},{"not_picked":["Bouncing Flask","Sucker Punch","Slice"],"picked":"Escape Plan","floor":14},{"not_picked":["Unload","Night Terror","Burst"],"picked":"A Thousand Cuts","floor":16},{"not_picked":["Bane","Dagger Spray","Quick Slash"],"picked":"Deadly Poison","floor":18},{"not_picked":["Flechettes","Dash","PiercingWail"],"picked":"Cloak And Dagger","floor":19},{"not_picked":["Outmaneuver","Slice","Underhanded Strike"],"picked":"Dagger Spray","floor":20},{"not_picked":["Tactician","Masterful Stab","Bane"],"picked":"Deflect","floor":21},{"not_picked":["Prepared","All Out Attack","Dagger Spray"],"picked":"Cloak And Dagger","floor":24},{"not_picked":["Dagger Throw","Slice","Prepared"],"picked":"Footwork","floor":25},{"not_picked":["Deflect","Dagger Throw","Well Laid Plans"],"picked":"Backflip","floor":28},{"not_picked":["Outmaneuver","Bane","Dodge and Roll"],"picked":"Bouncing Flask","floor":29},{"not_picked":["Bullet Time","Envenom","Tactician"],"picked":"Storm of Steel","floor":33},{"not_picked":["Flying Knee","Bouncing Flask","Quick Slash"],"picked":"Deadly Poison","floor":38},{"not_picked":["Dagger Spray","Deflect","Slice"],"picked":"Doppelganger","floor":40},{"not_picked":["Blind","Jack Of All Trades","Dramatic Entrance"],"picked":"Bandage Up","floor":44},{"not_picked":["Trip","Flash of Steel","Dark Shackles"],"picked":"Secret Weapon","floor":44},{"not_picked":["Swift Strike","Madness","Mind Blast"],"picked":"Finesse","floor":44},{"not_picked":["Heel Hook","Outmaneuver","All Out Attack"],"picked":"Escape Plan","floor":45},{"not_picked":["Deadly Poison","Outmaneuver","Concentrate"],"picked":"Well Laid Plans","floor":46},{"not_picked":["Cloak And Dagger","Dodge and Roll","Deflect"],"picked":"Noxious Fumes","floor":48}],"player_experience":231091,"potions_floor_usage":[5,16,20],"damage_taken":[{"damage":4,"enemies":"Small Slimes","floor":1,"turns":5},{"damage":0,"enemies":"Cultist","floor":2,"turns":4},{"damage":0,"enemies":"Jaw Worm","floor":3,"turns":5},{"damage":28,"enemies":"Exordium Wildlife","floor":5,"turns":8},{"damage":13,"enemies":"Lagavulin","floor":11,"turns":8},{"damage":0,"enemies":"Looter","floor":14,"turns":4},{"damage":15,"enemies":"Slime Boss","floor":16,"turns":11},{"damage":3,"enemies":"Shell Parasite","floor":18,"turns":5},{"damage":1,"enemies":"2 Thieves","floor":19,"turns":4},{"damage":10,"enemies":"Slaver and Parasite","floor":20,"turns":6},{"damage":23,"enemies":"Centurion and Healer","floor":21,"turns":6},{"damage":0,"enemies":"Book of Stabbing","floor":24,"turns":6},{"damage":0,"enemies":"Chosen and Byrds","floor":25,"turns":5},{"damage":42,"enemies":"Cultist and Chosen","floor":28,"turns":8},{"damage":0,"enemies":"Centurion and Healer","floor":29,"turns":7},{"damage":16,"enemies":"Gremlin Leader","floor":31,"turns":6},{"damage":16,"enemies":"Collector","floor":33,"turns":9},{"damage":0,"enemies":"3 Shapes","floor":35,"turns":2},{"damage":0,"enemies":"Orb Walker","floor":38,"turns":3},{"damage":11,"enemies":"Nemesis","floor":40,"turns":7},{"damage":41,"enemies":"2 Orb Walkers","floor":45,"turns":6},{"damage":0,"enemies":"Sphere and 2 Shapes","floor":46,"turns":4},{"damage":20,"enemies":"3 Darklings","floor":48,"turns":6},{"damage":74,"enemies":"Awakened One","floor":50,"turns":6}],"event_choices":[{"event_name":"Upgrade Shrine","player_choice":"Upgraded","floor":4,"damage_taken":0},{"event_name":"Wheel of Change","player_choice":"Card Removal","floor":10,"damage_taken":0},{"event_name":"Vampires","player_choice":"Became a vampire","floor":22,"damage_taken":0},{"event_name":"The Joust","player_choice":"Bet on Owner","floor":30,"damage_taken":0},{"event_name":"Match and Keep!","player_choice":"1 cards matched","floor":36,"damage_taken":0},{"event_name":"The Lab","player_choice":"Got Potions","floor":37,"damage_taken":0},{"event_name":"Duplicator","player_choice":"One dupe","floor":39,"damage_taken":0},{"event_name":"Winding Halls","player_choice":"Embrace Madness","floor":42,"damage_taken":0},{"event_name":"SensoryStone","player_choice":"Memory 3","floor":44,"damage_taken":0}],"boss_relics":[{"not_picked":["Runic Pyramid","Philosopher\u0027s Stone"],"picked":"Sozu"},{"not_picked":["Calling Bell","Runic Dome"],"picked":"Cursed Key"}],"potions_floor_spawned":[2,14,16,20,21,25,40,48],"seed_played":"8041637056955398938","killed_by":"Awakened One","ascension_level":2,"is_trial":false}