{"path_per_floor":["M","M","?","$","M","R","E","M","T","M","M","M","M","T","R","B",null,"M","$","T","?","M","E"],"character_chosen":"THE_SILENT","items_purchased":["Caltrops","Apotheosis","Omamori"],"gold_per_floor":[119,134,84,15,33,33,62,73,153,164,178,194,210,237,237,340,340,355,25,25,25,39,64,64],"floor_reached":24,"campfire_rested":1,"playtime":836,"current_hp_per_floor":[64,64,64,64,64,64,44,44,44,34,34,23,23,23,44,29,70,70,70,70,70,52,5,0],"items_purged":[],"gold":64,"score":242,"play_id":"7b19916f-4a31-46ee-9eec-f8362ae30d7d","local_time":"20180408014841","is_prod":false,"is_daily":false,"is_ascension_mode":true,"campfire_upgraded":1,"timestamp":1523170121,"path_taken":["M","M","?","$","M","R","E","M","T","M","M","M","M","?","R","BOSS","M","$","?","?","?","E","M"],"build_version":"2018-04-05v2","purchased_purges":0,"victory":false,"master_deck":["Defend_G","Defend_G","Defend_G","Defend_G","Defend_G","Strike_G","Strike_G","Strike_G","Strike_G","Survivor","Neutralize+1","Dagger Throw","Dagger Spray","Caltrops","Slice","Distraction","Flying Knee","Dagger Throw","Dagger Spray","All Out Attack","Quick Slash","Tactician","Quick Slash+1","Apotheosis","Prepared","Acrobatics+1","Sucker Punch"],"max_hp_per_floor":[70,70,70,70,70,70,70,70,70,70,70,70,70,70,70,70,70,70,70,70,70,70,70,70],"relics":["Black Star","Pantograph","Bottled Lightning","Tough Bandages","Bag of Preparation","Eternal Feather","Omamori","Gambling Chip","Happy Flower","Oddly Smooth Stone"],"card_choices":[{"not_picked":["Quick Slash","Catalyst"],"picked":"Dagger Throw","floor":1},{"not_picked":["Underhanded Strike","Corpse Explosion"],"picked":"Dagger Spray","floor":2},{"not_picked":["Quick Slash","Deadly Poison"],"picked":"Slice","floor":5},{"not_picked":["PiercingWail","Deadly Poison"],"picked":"Distraction","floor":7},{"not_picked":["All Out Attack","Deflect"],"picked":"Flying Knee","floor":8},{"not_picked":["Poisoned Stab","Acrobatics"],"picked":"Dagger Throw","floor":10},{"not_picked":["Sucker Punch","Dodge and Roll"],"picked":"Dagger Spray","floor":11},{"not_picked":["Cloak And Dagger","Poisoned Stab"],"picked":"All Out Attack","floor":12},{"not_picked":["Bouncing Flask","Deflect"],"picked":"Quick Slash","floor":13},{"not_picked":["Bullet Time","Burst"],"picked":"Tactician","floor":16},{"not_picked":["Dagger Throw","Flying Knee"],"picked":"Quick Slash","floor":18},{"not_picked":["Deadly Poison","Setup"],"picked":"Acrobatics","floor":22},{"not_picked":["Backstab","Catalyst"],"picked":"Sucker Punch","floor":23}],"player_experience":235581,"potions_floor_usage":[7,7,13,13,22,23],"damage_taken":[{"damage":6,"enemies":"Small Slimes","floor":1,"turns":5},{"damage":0,"enemies":"Jaw Worm","floor":2,"turns":3},{"damage":0,"enemies":"Cultist","floor":5,"turns":4},{"damage":20,"enemies":"Gremlin Nob","floor":7,"turns":4},{"damage":0,"enemies":"Exordium Wildlife","floor":8,"turns":3},{"damage":10,"enemies":"Lots of Slimes","floor":10,"turns":3},{"damage":0,"enemies":"2 Fungi Beasts","floor":11,"turns":2},{"damage":11,"enemies":"Large Slime","floor":12,"turns":5},{"damage":0,"enemies":"Gremlin Gang","floor":13,"turns":2},{"damage":40,"enemies":"Slime Boss","floor":16,"turns":11},{"damage":0,"enemies":"3 Byrds","floor":18,"turns":3},{"damage":18,"enemies":"Chosen","floor":22,"turns":5},{"damage":47,"enemies":"Book of Stabbing","floor":23,"turns":7},{"damage":5,"enemies":"Snake Plant","floor":24,"turns":2}],"event_choices":[{"event_name":"The Cleric","player_choice":"Card Removal","floor":3,"damage_taken":0},{"event_name":"The Library","player_choice":"Read","floor":21,"damage_taken":0}],"boss_relics":[{"not_picked":["Snecko Eye","Velvet Choker"],"picked":"Eternal Feather"}],"potions_floor_spawned":[2,5,10,11,18],"seed_played":"-6729525575297239543","killed_by":"Snake Plant","ascension_level":2,"is_trial":false}