{"path_per_floor":["M","?","?","M","M","R","M","R","T","R","E","R","M","M","R"],"character_chosen":"THE_SILENT","items_purchased":[],"gold_per_floor":[118,193,193,205,215,215,231,231,231,231,265,265,277,288,288,288],"floor_reached":16,"campfire_rested":3,"playtime":576,"current_hp_per_floor":[60,49,42,42,41,41,40,61,61,61,38,59,33,30,51,25],"items_purged":[],"gold":288,"score":117,"play_id":"9a343c65-9483-45c6-9185-aa29826c1186","local_time":"20180414233942","is_prod":false,"is_daily":false,"chose_seed":false,"is_ascension_mode":true,"campfire_upgraded":2,"timestamp":1523767182,"path_taken":["M","?","?","M","M","R","M","R","T","R","E","R","M","M","R","BOSS"],"build_version":"2018-04-12","seed_source_timestamp":2944783916450036,"purchased_purges":0,"victory":false,"master_deck":["Defend_G","Defend_G","Defend_G","Defend_G","Defend_G","Strike_G","Strike_G","Strike_G","Strike_G","Survivor","Neutralize+1","Slice","Backflip","Cloak And Dagger+1","Backstab","Blade Dance","Blade Dance","Endless Agony"],"max_hp_per_floor":[70,70,70,70,70,70,70,70,70,70,70,70,70,70,70,70],"relics":["Lizard Tail","The Courier","Ginger"],"card_choices":[{"not_picked":["PiercingWail","Deflect"],"picked":"Slice","floor":1},{"not_picked":["Deflect","Dagger Throw"],"picked":"Backflip","floor":4},{"not_picked":["Acrobatics","Well Laid Plans"],"picked":"Cloak And Dagger","floor":5},{"not_picked":["Deflect","Quick Slash"],"picked":"Backstab","floor":7},{"not_picked":["Burst","A Thousand Cuts"],"picked":"Blade Dance","floor":11},{"not_picked":["Dagger Throw","Distraction"],"picked":"Blade Dance","floor":13},{"not_picked":["Outmaneuver","Dagger Throw"],"picked":"Endless Agony","floor":14}],"player_experience":253189,"potions_floor_usage":[7,16,16],"damage_taken":[{"damage":10,"enemies":"Jaw Worm","floor":1,"turns":4},{"damage":0,"enemies":"2 Louse","floor":4,"turns":5},{"damage":1,"enemies":"Cultist","floor":5,"turns":4},{"damage":16,"enemies":"Gremlin Gang","floor":7,"turns":8},{"damage":23,"enemies":"Gremlin Nob","floor":11,"turns":5},{"damage":26,"enemies":"Exordium Wildlife","floor":13,"turns":5},{"damage":3,"enemies":"Looter","floor":14,"turns":3},{"damage":64,"enemies":"Hexaghost","floor":16,"turns":17}],"event_choices":[{"event_name":"World of Goop","player_choice":"Gather Gold","floor":2,"damage_taken":0},{"event_name":"Golden Wing","player_choice":"Card Removal","floor":3,"damage_taken":0}],"boss_relics":[],"potions_floor_spawned":[5,13,14],"seed_played":"7115737541271990338","killed_by":"Hexaghost","ascension_level":3,"is_trial":false}