{"path_per_floor":["M","M","?","M","M","$","R","$","T","T","?","M","R","M","R","B",null],"character_chosen":"THE_SILENT","items_purchased":["Noxious Fumes","Terror","Whetstone"],"gold_per_floor":[109,124,224,243,255,219,219,33,59,137,137,150,150,164,164,260,260,260],"floor_reached":18,"campfire_rested":0,"playtime":477,"current_hp_per_floor":[70,67,67,60,55,55,61,61,68,68,68,65,71,66,72,54,77,58],"items_purged":[],"gold":260,"score":167,"play_id":"e9765b5d-bf94-49b2-969f-87c74c1ad1b2","local_time":"20180410223842","is_prod":false,"is_daily":false,"is_ascension_mode":true,"campfire_upgraded":3,"timestamp":1523417922,"path_taken":["M","M","?","M","M","$","R","?","T","?","?","?","R","?","R","BOSS","M"],"build_version":"2018-04-05v2","purchased_purges":0,"victory":false,"master_deck":["Defend_G","Defend_G","Defend_G","Defend_G","Defend_G","Strike_G+1","Strike_G+1","Strike_G","Strike_G","Survivor","Neutralize","Cloak And Dagger+1","Blade Dance+1","Accuracy+1","Backflip","Noxious Fumes","Terror","Sucker Punch","Footwork","Tactician"],"max_hp_per_floor":[70,70,70,70,70,70,70,70,77,77,77,77,77,77,77,77,77,77],"relics":["Eternal Feather","Whetstone","Strawberry","Bottled Flame","Philosopher\u0027s Stone"],"card_choices":[{"not_picked":["Bane","Deflect"],"picked":"Cloak And Dagger","floor":1.0},{"not_picked":["Escape Plan","Heel Hook"],"picked":"Blade Dance","floor":2.0},{"not_picked":["Caltrops","Dodge and Roll"],"picked":"Accuracy","floor":4.0},{"not_picked":["Bullet Time","Sucker Punch"],"picked":"Backflip","floor":5.0},{"not_picked":["Concentrate","Acrobatics"],"picked":"Sucker Punch","floor":12.0},{"not_picked":["Slice","Underhanded Strike"],"picked":"Footwork","floor":14.0},{"not_picked":["Doppelganger","Night Terror"],"picked":"Tactician","floor":16.0}],"player_experience":238369,"potions_floor_usage":[],"damage_taken":[{"damage":0.0,"enemies":"2 Louse","floor":1.0,"turns":2.0},{"damage":3.0,"enemies":"Cultist","floor":2.0,"turns":5.0},{"damage":7.0,"enemies":"Jaw Worm","floor":4.0,"turns":4.0},{"damage":5.0,"enemies":"Blue Slaver","floor":5.0,"turns":5.0},{"damage":3.0,"enemies":"3 Louse","floor":12.0,"turns":3.0},{"damage":5.0,"enemies":"Red Slaver","floor":14.0,"turns":3.0},{"damage":18.0,"enemies":"Slime Boss","floor":16.0,"turns":11.0},{"damage":19,"enemies":"3 Byrds","floor":18,"turns":2}],"event_choices":[{"event_name":"Golden Shrine","player_choice":"Pray","floor":3.0,"damage_taken":0.0},{"event_name":"Wheel of Change","player_choice":"Card Removal","floor":11.0,"damage_taken":0.0}],"boss_relics":[{"not_picked":["Tiny House","Velvet Choker"],"picked":"Philosopher\u0027s Stone"}],"potions_floor_spawned":[2,4,5,12],"seed_played":"-5132703820514817597","killed_by":"3 Byrds","ascension_level":2,"is_trial":false}