{"path_per_floor":["M","M","?","$","M","R","E","M","T","?","E","R","M","M","R","B",null,"M","M","$","M","M","R","M","R","T","R","?","?","M","$","R"],"character_chosen":"THE_SILENT","items_purchased":["Thread and Needle","Backflip"],"gold_per_floor":[112,129,129,129,141,141,171,189,189,189,219,219,236,250,250,353,353,370,386,16,33,43,43,56,56,56,56,56,56,66,12,12,12],"floor_reached":33,"campfire_rested":4,"playtime":1174,"current_hp_per_floor":[70,70,70,70,66,66,38,36,36,59,59,59,54,39,60,45,70,56,32,32,16,16,24,10,39,39,68,68,68,38,38,67,0],"items_purged":["Strike_G"],"gold":12,"score":327,"play_id":"544fa36c-317d-4a97-ba0d-abe944b3e0e2","local_time":"20180419172458","is_prod":false,"is_daily":false,"chose_seed":false,"is_ascension_mode":true,"campfire_upgraded":3,"timestamp":1524176698,"path_taken":["M","M","?","$","?","R","E","M","T","?","E","R","M","M","R","BOSS","M","M","$","M","M","R","M","R","T","R","?","?","M","$","R","BOSS"],"build_version":"2018-04-12","seed_source_timestamp":10867977689630,"purchased_purges":1,"victory":false,"master_deck":["Defend_G","Defend_G","Defend_G","Defend_G","Defend_G","Strike_G","Strike_G","Strike_G","Strike_G","Survivor","Neutralize+1","Deadly Poison","Expertise","Deadly Poison","Neutralize","Footwork","Noxious Fumes+1","Footwork+1","Deadly Poison","Die Die Die","Escape Plan","Acrobatics+1","Bane+1","Backflip"],"max_hp_per_floor":[70,70,70,70,70,70,70,70,70,70,70,70,70,70,70,70,70,70,70,70,70,70,70,70,70,70,70,70,70,70,70,70,70],"relics":["Ring of the Snake","Vajra","Matryoshka","Prayer Wheel","Eternal Feather","Thread and Needle","Anchor","Meat on the Bone"],"card_choices":[{"not_picked":["Outmaneuver","Slice"],"picked":"Deadly Poison","floor":1},{"not_picked":["Slice","Riddle With Holes"],"picked":"Expertise","floor":2},{"not_picked":["Deadly Poison","Malaise"],"picked":"Footwork","floor":5},{"not_picked":["Cloak And Dagger","Deadly Poison"],"picked":"Noxious Fumes","floor":7},{"not_picked":["Cloak And Dagger","Sucker Punch"],"picked":"Footwork","floor":8},{"not_picked":["Acrobatics","Envenom"],"picked":"Deadly Poison","floor":11},{"not_picked":["Burst","Bullet Time"],"picked":"Die Die Die","floor":16},{"not_picked":["PiercingWail","Blade Dance"],"picked":"Escape Plan","floor":18},{"not_picked":["Dodge and Roll","Skewer"],"picked":"Acrobatics","floor":19},{"not_picked":["Tactician","Masterful Stab"],"picked":"Bane","floor":22}],"player_experience":267964,"potions_floor_usage":[18,18,19,21,30,33,33],"damage_taken":[{"damage":0,"enemies":"2 Louse","floor":1,"turns":4},{"damage":0,"enemies":"Cultist","floor":2,"turns":3},{"damage":4,"enemies":"Jaw Worm","floor":5,"turns":4},{"damage":28,"enemies":"3 Sentries","floor":7,"turns":10},{"damage":2,"enemies":"Red Slaver","floor":8,"turns":4},{"damage":0,"enemies":"Lagavulin","floor":11,"turns":6},{"damage":5,"enemies":"Looter","floor":13,"turns":4},{"damage":15,"enemies":"2 Fungi Beasts","floor":14,"turns":4},{"damage":15,"enemies":"Hexaghost","floor":16,"turns":9},{"damage":14,"enemies":"2 Thieves","floor":18,"turns":4},{"damage":36,"enemies":"3 Byrds","floor":19,"turns":5},{"damage":16,"enemies":"Centurion and Healer","floor":21,"turns":7},{"damage":0,"enemies":"3 Cultists","floor":22,"turns":5},{"damage":14,"enemies":"Snecko","floor":24,"turns":6},{"damage":30,"enemies":"Slaver and Parasite","floor":30,"turns":7},{"damage":68,"enemies":"Collector","floor":33,"turns":7}],"event_choices":[{"event_name":"Match and Keep!","player_choice":"2 cards matched","floor":3,"damage_taken":0},{"event_name":"Big Fish","player_choice":"Banana","floor":10,"damage_taken":0},{"event_name":"Addict","player_choice":"Ignored","floor":28,"damage_taken":0},{"event_name":"Cursed Tome","player_choice":"Ignored","floor":29,"damage_taken":0}],"boss_relics":[{"not_picked":["Orrery","Lizard Tail"],"picked":"Eternal Feather"}],"potions_floor_spawned":[5,13,14,16,18,19,24,30],"seed_played":"-7606336291776816312","killed_by":"Collector","ascension_level":3,"is_trial":false}