{"path_per_floor":["M","?","?","M","M","R","E","M","T","M","E","M","E","M","R","B",null,"M","M","?","M","$","E","?","R","T","E","?","R","M","M","R","B",null,"M","?","M","M","M","E","R","M","T","M","M","E","M","E","R"],"character_chosen":"IRONCLAD","items_purchased":["Bottled Flame","Wild Strike"],"gold_per_floor":[110,110,110,130,151,151,194,213,261,286,326,339,382,396,396,515,515,540,558,558,583,187,226,226,226,226,267,192,192,211,229,229,358,358,381,381,394,412,435,474,474,492,492,510,531,572,585,620,620,620],"floor_reached":50,"campfire_rested":0,"playtime":3272,"current_hp_per_floor":[80,68,68,74,74,74,59,51,51,57,60,63,68,68,68,74,74,78,82,82,67,67,51,51,51,51,21,21,21,29,35,35,35,98,98,98,106,89,88,60,60,62,62,64,53,54,55,57,57,0],"items_purged":["Strike_R"],"gold":620,"score":775,"play_id":"b4173954-dc68-4efc-a008-181e08ed3bda","local_time":"20180414115123","is_prod":false,"is_daily":false,"chose_seed":false,"is_ascension_mode":false,"campfire_upgraded":7,"timestamp":1523731883,"path_taken":["M","?","?","M","?","R","E","M","T","M","E","M","E","M","R","BOSS","M","M","?","M","$","E","?","R","T","E","?","R","M","?","R","BOSS","M","?","M","M","M","E","R","M","T","M","?","E","M","E","R","BOSS"],"build_version":"2018-04-12","seed_source_timestamp":229890027498491,"purchased_purges":3,"victory":false,"master_deck":["Strike_R","Strike_R","Defend_R","Defend_R","Defend_R","Bash+1","Ghostly Armor","Headbutt+1","True Grit+1","Flex","Infernal Blade+1","Wild Strike+1","Thunderclap+1","True Grit+1","Thunderclap+1","Ghostly Armor","Rampage+1","Feed+1","Dropkick+1","Rampage+1","Pommel Strike+1","Wild Strike+1","Headbutt+1","Bludgeon+1","Warcry+1","Headbutt+1","Offering+1","Headbutt+1","Dual Wield+1","Dropkick+1","Dropkick+1","Dual Wield+1","Shrug It Off+1","Warcry+1","Warcry+1"],"max_hp_per_floor":[80,80,74,74,74,74,74,74,74,74,74,74,74,74,74,74,74,78,82,82,86,86,90,90,90,90,90,90,90,94,94,94,98,98,102,102,106,106,110,114,114,118,118,118,118,122,122,122,122,122],"relics":["Burning Blood","Molten Egg 2","Golden Idol","Centennial Puzzle","Pen Nib","Anchor","Vajra","Sozu","Bottled Flame","Ice Cream","Pantograph","Orichalcum","Black Star","Gremlin Horn","Shuriken","Paper Frog","Smiling Mask","Toxic Egg 2","Juzu Bracelet","Dream Catcher"],"card_choices":[{"not_picked":["Cleave","Iron Wave"],"picked":"Headbutt","floor":1},{"not_picked":["Reckless Charge","Iron Wave"],"picked":"True Grit","floor":4},{"not_picked":["Body Slam","Armaments"],"picked":"Flex","floor":5},{"not_picked":["Sword Boomerang","Clash"],"picked":"Infernal Blade","floor":7},{"not_picked":["Warcry","Twin Strike"],"picked":"Wild Strike","floor":8},{"not_picked":["Impervious","Heavy Blade"],"picked":"Thunderclap","floor":10},{"not_picked":["Demon Form","Body Slam"],"picked":"True Grit","floor":11},{"not_picked":["Reckless Charge","Uppercut"],"picked":"Thunderclap","floor":12},{"not_picked":["Armaments","Bludgeon"],"picked":"Ghostly Armor","floor":13},{"not_picked":["Anger","Clash"],"picked":"Rampage","floor":14},{"not_picked":["Impervious","Reaper"],"picked":"Feed","floor":16},{"not_picked":["Clash","Pummel"],"picked":"Dropkick","floor":18},{"not_picked":["Flex","Reckless Charge"],"picked":"Rampage","floor":19},{"not_picked":["Warcry","Twin Strike"],"picked":"Pommel Strike","floor":21},{"not_picked":["Perfected Strike","Cleave"],"picked":"Headbutt","floor":23},{"not_picked":["Intimidate","Heavy Blade"],"picked":"Bludgeon","floor":27},{"not_picked":["Perfected Strike","Thunderclap"],"picked":"Warcry","floor":30},{"not_picked":["Shockwave","Fire Breathing"],"picked":"Headbutt","floor":31},{"not_picked":["Demon Form","Reaper"],"picked":"Offering","floor":33},{"not_picked":["Feel No Pain","Flex"],"picked":"Headbutt","floor":35},{"not_picked":["Wild Strike","Feel No Pain"],"picked":"Dual Wield","floor":37},{"not_picked":["Seeing Red","Clash"],"picked":"Dropkick","floor":38},{"not_picked":["Perfected Strike","Clothesline"],"picked":"Dropkick","floor":39},{"not_picked":["Pummel","Thunderclap"],"picked":"Dual Wield","floor":40},{"not_picked":["Flex","Heavy Blade"],"picked":"Shrug It Off","floor":42},{"not_picked":["Blood for Blood","Clash"],"picked":"Warcry","floor":47},{"not_picked":["Disarm","Flex"],"picked":"Warcry","floor":48}],"player_experience":34731,"potions_floor_usage":[13,13,13,23,50],"damage_taken":[{"damage":0,"enemies":"Small Slimes","floor":1,"turns":4},{"damage":0,"enemies":"2 Louse","floor":4,"turns":2},{"damage":0,"enemies":"Jaw Worm","floor":5,"turns":5},{"damage":21,"enemies":"Gremlin Nob","floor":7,"turns":4},{"damage":26,"enemies":"Exordium Wildlife","floor":8,"turns":7},{"damage":0,"enemies":"Blue Slaver","floor":10,"turns":3},{"damage":3,"enemies":"3 Sentries","floor":11,"turns":4},{"damage":3,"enemies":"Exordium Thugs","floor":12,"turns":5},{"damage":1,"enemies":"Lagavulin","floor":13,"turns":3},{"damage":6,"enemies":"Red Slaver","floor":14,"turns":4},{"damage":0,"enemies":"Slime Boss","floor":16,"turns":5},{"damage":0,"enemies":"Shell Parasite","floor":18,"turns":3},{"damage":0,"enemies":"3 Byrds","floor":19,"turns":4},{"damage":25,"enemies":"Cultist and Chosen","floor":21,"turns":5},{"damage":26,"enemies":"Slavers","floor":23,"turns":5},{"damage":36,"enemies":"Gremlin Leader","floor":27,"turns":7},{"damage":2,"enemies":"3 Cultists","floor":30,"turns":5},{"damage":0,"enemies":"Snake Plant","floor":31,"turns":3},{"damage":35,"enemies":"Champ","floor":33,"turns":7},{"damage":10,"enemies":"Orb Walker","floor":35,"turns":4},{"damage":0,"enemies":"3 Shapes","floor":37,"turns":3},{"damage":23,"enemies":"Maw","floor":38,"turns":5},{"damage":11,"enemies":"Sphere and 2 Shapes","floor":39,"turns":4},{"damage":38,"enemies":"Giant Head","floor":40,"turns":6},{"damage":8,"enemies":"4 Shapes","floor":42,"turns":2},{"damage":4,"enemies":"Maw","floor":44,"turns":2},{"damage":17,"enemies":"3 Darklings","floor":45,"turns":4},{"damage":9,"enemies":"2 Orb Walkers","floor":46,"turns":2},{"damage":5,"enemies":"Sphere and 2 Shapes","floor":47,"turns":3},{"damage":4,"enemies":"Giant Head","floor":48,"turns":4},{"damage":89,"enemies":"Donu and Deca","floor":50,"turns":6}],"event_choices":[{"event_name":"Scrap Ooze","player_choice":"success","floor":2,"damage_taken":12},{"event_name":"Golden Idol","player_choice":"Lose Max HP","floor":3,"damage_taken":0},{"event_name":"Bonfire Elementals","player_choice":"BASIC","floor":20,"damage_taken":0},{"event_name":"The Woman in Blue","player_choice":"Bought 0 Potions","floor":24,"damage_taken":0},{"event_name":"Beggar","player_choice":"Gave Gold","floor":28,"damage_taken":0},{"event_name":"The Lab","player_choice":"Got Potions","floor":36,"damage_taken":0}],"boss_relics":[{"not_picked":["Eternal Feather","Runic Pyramid"],"picked":"Sozu"},{"not_picked":["Black Blood","White Beast Statue"],"picked":"Black Star"}],"potions_floor_spawned":[4,10,11,12,14,16,21,23,30,38,40,42,44,45,47,48],"seed_played":"7037141877206692531","killed_by":"Donu and Deca","ascension_level":0,"is_trial":false}