{"path_per_floor":["M","?","M","M","?","$","R","M","T","?","M","?","M","M","R","B",null,"M","$"],"character_chosen":"IRONCLAD","items_purchased":["Flame Barrier","Swift Strike"],"gold_per_floor":[116,191,206,226,176,2,2,19,19,19,35,35,49,63,63,164,164,177,102,102],"floor_reached":20,"campfire_rested":2,"playtime":2074,"current_hp_per_floor":[79,68,62,62,62,62,80,74,74,67,71,71,63,67,80,38,80,52,52,0],"items_purged":["Strike_R"],"gold":102,"score":166,"play_id":"87ed14a4-518d-4d63-8531-2c2f0386c4fb","local_time":"20180413002036","is_prod":false,"is_daily":false,"chose_seed":false,"is_ascension_mode":false,"campfire_upgraded":0,"timestamp":1523604036,"path_taken":["M","?","M","M","?","$","R","M","T","?","M","?","M","?","R","BOSS","M","$","M"],"build_version":"2018-04-12","seed_source_timestamp":103249157906651,"purchased_purges":1,"victory":false,"master_deck":["Strike_R","Strike_R","Strike_R","Defend_R","Defend_R","Defend_R","Bash","Warcry","Ghostly Armor","Cleave","Flame Barrier","Swift Strike","Anger","Barricade+1","True Grit","Reaper","Double Tap","Sword Boomerang"],"max_hp_per_floor":[80,80,80,80,80,80,80,80,80,80,80,80,80,80,80,80,80,80,80,80],"relics":["Burning Blood","Frozen Egg 2","Runic Pyramid"],"card_choices":[{"not_picked":["Searing Blow","Burning Pact"],"picked":"Warcry","floor":1},{"not_picked":["Pummel","Hemokinesis"],"picked":"Ghostly Armor","floor":3},{"not_picked":["Armaments","Pommel Strike"],"picked":"Cleave","floor":4},{"not_picked":["Shockwave","Warcry"],"picked":"Anger","floor":8},{"not_picked":["Warcry","Hemokinesis"],"picked":"Barricade","floor":11},{"not_picked":["Cleave","Warcry"],"picked":"True Grit","floor":13},{"not_picked":["Body Slam","Infernal Blade"],"picked":"Reaper","floor":14},{"not_picked":["Feed","Fiend Fire"],"picked":"Double Tap","floor":16},{"not_picked":["Armaments","Second Wind"],"picked":"Sword Boomerang","floor":18}],"player_experience":0,"potions_floor_usage":[],"damage_taken":[{"damage":7,"enemies":"2 Louse","floor":1,"turns":2},{"damage":12,"enemies":"Small Slimes","floor":3,"turns":4},{"damage":6,"enemies":"Jaw Worm","floor":4,"turns":5},{"damage":12,"enemies":"Looter","floor":8,"turns":4},{"damage":2,"enemies":"Large Slime","floor":11,"turns":7},{"damage":14,"enemies":"3 Louse","floor":13,"turns":3},{"damage":2,"enemies":"2 Fungi Beasts","floor":14,"turns":4},{"damage":52,"enemies":"The Guardian","floor":16,"turns":22},{"damage":38,"enemies":"Shell Parasite","floor":18,"turns":12},{"damage":53,"enemies":"Spheric Guardian","floor":20,"turns":9}],"event_choices":[{"event_name":"World of Goop","player_choice":"Gather Gold","floor":2,"damage_taken":0},{"event_name":"The Cleric","player_choice":"Card Removal","floor":5,"damage_taken":0},{"event_name":"Golden Wing","player_choice":"Card Removal","floor":10,"damage_taken":0},{"event_name":"Golden Idol","player_choice":"Ignored","floor":12,"damage_taken":0}],"boss_relics":[{"not_picked":["Mark of Pain","Snecko Eye"],"picked":"Runic Pyramid"}],"potions_floor_spawned":[4,13,14,16,18],"seed_played":"-23351352894080835","killed_by":"Spheric Guardian","ascension_level":0,"is_trial":false}