{"path_per_floor":["M","$","?","M","M","R","M","R","T","?","M","E","M","$","R","B",null,"M","?","M","M"],"character_chosen":"IRONCLAD","items_purchased":["Thunderclap","Thread and Needle","Ornamental Fan"],"gold_per_floor":[362,241,541,553,567,567,577,577,603,603,621,649,669,3,3,107,107,124,124,139,153,153],"floor_reached":22,"campfire_rested":0,"playtime":1060,"current_hp_per_floor":[70,70,70,72,72,72,67,67,67,67,61,50,53,53,53,7,72,28,53,23,37,37],"items_purged":["Strike_R","Normality"],"gold":153,"score":207,"play_id":"f8f99cb0-8476-47bb-9887-93906de55a83","local_time":"20180417085602","is_prod":false,"is_daily":false,"chose_seed":false,"is_ascension_mode":true,"campfire_upgraded":3,"timestamp":1523980562,"path_taken":["M","$","?","?","M","R","M","R","T","?","M","E","M","$","R","BOSS","M","?","?","M","?"],"build_version":"2018-04-12","seed_source_timestamp":75743403398160,"purchased_purges":2,"victory":false,"master_deck":["Strike_R","Strike_R","Strike_R","Strike_R","Defend_R","Defend_R","Defend_R","Defend_R","Bash","Warcry+1","Thunderclap","Thunderclap","Wild Strike+1","True Grit+1","Headbutt","Burning Pact","Feed","Cleave","Infernal Blade","Armaments"],"max_hp_per_floor":[72,72,72,72,72,72,72,72,72,72,72,72,72,72,72,72,72,75,75,78,78,78],"relics":["Burning Blood","Old Coin","Art of War","Regal Pillow","Thread and Needle","Ornamental Fan","Lizard Tail"],"card_choices":[{"not_picked":["Twin Strike","Clothesline"],"picked":"Warcry","floor":1},{"not_picked":["Flex","Metallicize"],"picked":"Thunderclap","floor":4},{"not_picked":["Iron Wave","Heavy Blade"],"picked":"Wild Strike","floor":5},{"not_picked":["Impervious","Whirlwind"],"picked":"True Grit","floor":7},{"not_picked":["Disarm","Clash"],"picked":"Headbutt","floor":12},{"not_picked":["Blood for Blood","Twin Strike"],"picked":"Burning Pact","floor":13},{"not_picked":["Berserk","Bludgeon"],"picked":"Feed","floor":16},{"not_picked":["Rupture","Perfected Strike"],"picked":"Cleave","floor":18},{"not_picked":["Havoc","Combust"],"picked":"Infernal Blade","floor":20},{"not_picked":["Cleave","Entrench"],"picked":"Armaments","floor":21}],"player_experience":78368,"potions_floor_usage":[12,12,20],"damage_taken":[{"damage":8,"enemies":"Cultist","floor":1,"turns":6},{"damage":4,"enemies":"Small Slimes","floor":4,"turns":5},{"damage":2,"enemies":"Jaw Worm","floor":5,"turns":3},{"damage":11,"enemies":"Blue Slaver","floor":7,"turns":5},{"damage":12,"enemies":"2 Fungi Beasts","floor":11,"turns":4},{"damage":32,"enemies":"Lagavulin","floor":12,"turns":7},{"damage":3,"enemies":"Looter","floor":13,"turns":4},{"damage":52,"enemies":"The Guardian","floor":16,"turns":18},{"damage":53,"enemies":"Chosen","floor":18,"turns":8},{"damage":39,"enemies":"3 Byrds","floor":20,"turns":7},{"damage":33,"enemies":"Snake Plant","floor":21,"turns":5},{"damage":0,"enemies":"Centurion and Healer","floor":22,"turns":2}],"event_choices":[{"event_name":"Accursed Blacksmith","player_choice":"Rummage","floor":3,"damage_taken":0},{"event_name":"Liars Game","player_choice":"disagreed","floor":10,"damage_taken":0},{"event_name":"The Library","player_choice":"Heal","floor":19,"damage_taken":0}],"boss_relics":[{"not_picked":["Philosopher\u0027s Stone","Runic Dome"],"picked":"Lizard Tail"}],"potions_floor_spawned":[1,5,12,16],"seed_played":"6515617750835107602","killed_by":"Centurion and Healer","ascension_level":2,"is_trial":false}