{"path_per_floor":["M","?","$","?","M","R","M","M","T","M","R","M","M","?","R","B"],"character_chosen":"IRONCLAD","items_purchased":["Battle Trance"],"gold_per_floor":[110,110,35,110,123,123,135,153,153,173,173,186,197,197,197,302,302],"floor_reached":17,"campfire_rested":0,"playtime":560,"current_hp_per_floor":[80,80,80,69,75,75,74,78,78,49,49,45,43,43,43,33,80],"items_purged":[],"gold":302,"score":164,"play_id":"1d9dcf8b-bfa3-4103-b66c-d1e3218d3242","local_time":"20180416235712","is_prod":false,"is_daily":false,"chose_seed":false,"is_ascension_mode":true,"campfire_upgraded":3,"timestamp":1523948232,"path_taken":["M","?","$","?","M","R","M","M","T","M","R","M","M","?","R","BOSS"],"build_version":"2018-04-12","seed_source_timestamp":43908089524585,"purchased_purges":0,"victory":false,"master_deck":["Bash","Uppercut","Battle Trance+1","Headbutt+1","Thunderclap","Bloodletting+1","Demon Form","Rampage","Shockwave","Perfected Strike","Carnage","Clash","Flex","Pommel Strike","Flame Barrier"],"max_hp_per_floor":[80,80,80,80,80,80,80,80,80,80,80,80,80,80,80,80,80],"relics":["Burning Blood","Blood Vial","Pandora\u0027s Box"],"card_choices":[{"not_picked":["Entrench","Iron Wave"],"picked":"Uppercut","floor":1},{"not_picked":["Hemokinesis","Entrench"],"picked":"Headbutt","floor":7},{"not_picked":["Anger","Cleave"],"picked":"Clash","floor":8},{"not_picked":["Feed","Clash"],"picked":"Thunderclap","floor":12},{"not_picked":["Fiend Fire","Impervious"],"picked":"Demon Form","floor":16}],"player_experience":77808,"potions_floor_usage":[16,16,16],"damage_taken":[{"damage":1,"enemies":"Cultist","floor":1,"turns":5},{"damage":0,"enemies":"2 Louse","floor":5,"turns":3},{"damage":7,"enemies":"Jaw Worm","floor":7,"turns":3},{"damage":2,"enemies":"3 Louse","floor":8,"turns":4},{"damage":37,"enemies":"Gremlin Gang","floor":10,"turns":5},{"damage":12,"enemies":"Large Slime","floor":12,"turns":4},{"damage":10,"enemies":"Lots of Slimes","floor":13,"turns":3},{"damage":18,"enemies":"Slime Boss","floor":16,"turns":10}],"event_choices":[{"event_name":"Purifier","player_choice":"One Purge","floor":2,"damage_taken":0},{"event_name":"World of Goop","player_choice":"Gather Gold","floor":4,"damage_taken":0},{"event_name":"Transmorgrifier","player_choice":"Transform","floor":14,"damage_taken":0}],"boss_relics":[{"not_picked":["Lizard Tail","Runic Dome"],"picked":"Pandora\u0027s Box"}],"potions_floor_spawned":[1,8,10,16],"seed_played":"-7085496124691588060","ascension_level":2,"is_trial":false}