{"path_per_floor":["M","?","$","M","M","R","E","M","T","M","M","R","M","M","R","B",null,"M","M","$","M","M","M"],"character_chosen":"IRONCLAD","items_purchased":["Ghostly Armor","Body Slam","Evolve","Shrug It Off"],"gold_per_floor":[117,117,42,55,72,72,101,118,143,153,164,164,178,191,191,292,292,308,328,5,22,35,50,50],"floor_reached":24,"campfire_rested":0,"playtime":1573,"current_hp_per_floor":[80,80,80,80,80,80,64,70,70,76,79,79,80,80,80,56,80,61,49,49,12,18,8,0],"items_purged":["Regret","Strike_R"],"gold":50,"score":206,"play_id":"65a16922-7409-46bc-b6f7-0c252769a010","local_time":"20180414100804","is_prod":false,"is_daily":false,"chose_seed":false,"is_ascension_mode":false,"campfire_upgraded":3,"timestamp":1523725684,"path_taken":["M","?","$","?","M","R","E","M","T","M","M","R","M","M","R","BOSS","M","M","$","M","M","M","M"],"build_version":"2018-04-12","seed_source_timestamp":225408471862813,"purchased_purges":4,"victory":false,"master_deck":["Strike_R","Strike_R","Strike_R","Defend_R","Defend_R","Defend_R","Bash","Clumsy","Seeing Red+1","Wild Strike","Rampage+1","Cleave","Shrug It Off","Armaments","Seeing Red+1","Armaments","Spot Weakness","Inflame+1","Thunderclap","Barricade+1","Body Slam+1","Reckless Charge+1","Ghostly Armor","Body Slam","Evolve+1","Shrug It Off","Flame Barrier+1","Warcry","Warcry"],"max_hp_per_floor":[80,80,80,80,80,80,80,80,80,80,80,80,80,80,80,80,80,80,80,80,80,80,80,80],"relics":["Burning Blood","Bag of Marbles","Frozen Egg 2","Ancient Tea Set","Cursed Key"],"card_choices":[{"not_picked":["Flex","Dual Wield"],"picked":"Rampage","floor":1},{"not_picked":["Armaments","Intimidate"],"picked":"Cleave","floor":4},{"not_picked":["Perfected Strike","Armaments"],"picked":"Shrug It Off","floor":5},{"not_picked":["Immolate","Clothesline"],"picked":"Armaments","floor":7},{"not_picked":["Dropkick","Pommel Strike"],"picked":"Seeing Red","floor":8},{"not_picked":["Entrench","Twin Strike"],"picked":"Armaments","floor":10},{"not_picked":["Headbutt","Entrench"],"picked":"Spot Weakness","floor":11},{"not_picked":["Searing Blow","Heavy Blade"],"picked":"Inflame","floor":13},{"not_picked":["Heavy Blade","Power Through"],"picked":"Thunderclap","floor":14},{"not_picked":["Immolate","Offering"],"picked":"Barricade","floor":16},{"not_picked":["Warcry","Pummel"],"picked":"Body Slam","floor":18},{"not_picked":["Armaments","Carnage"],"picked":"Reckless Charge","floor":19},{"not_picked":["Fire Breathing","Combust"],"picked":"Flame Barrier","floor":21},{"not_picked":["Pommel Strike","Second Wind"],"picked":"Warcry","floor":22},{"not_picked":["Headbutt","Combust"],"picked":"Warcry","floor":23}],"player_experience":31009,"potions_floor_usage":[16,23],"damage_taken":[{"damage":6,"enemies":"Small Slimes","floor":1,"turns":3},{"damage":0,"enemies":"2 Louse","floor":4,"turns":3},{"damage":1,"enemies":"Cultist","floor":5,"turns":3},{"damage":22,"enemies":"Gremlin Nob","floor":7,"turns":4},{"damage":0,"enemies":"2 Fungi Beasts","floor":8,"turns":2},{"damage":0,"enemies":"Large Slime","floor":10,"turns":4},{"damage":3,"enemies":"Lots of Slimes","floor":11,"turns":4},{"damage":0,"enemies":"Gremlin Gang","floor":13,"turns":4},{"damage":6,"enemies":"Exordium Wildlife","floor":14,"turns":3},{"damage":30,"enemies":"Slime Boss","floor":16,"turns":8},{"damage":25,"enemies":"3 Byrds","floor":18,"turns":6},{"damage":18,"enemies":"Shell Parasite","floor":19,"turns":6},{"damage":43,"enemies":"Chosen and Byrds","floor":21,"turns":8},{"damage":0,"enemies":"Snake Plant","floor":22,"turns":3},{"damage":16,"enemies":"Cultist and Chosen","floor":23,"turns":6},{"damage":10,"enemies":"Chosen and Byrds","floor":24,"turns":2}],"event_choices":[{"event_name":"Big Fish","player_choice":"Box","floor":2,"damage_taken":0}],"boss_relics":[{"not_picked":["Eternal Feather","Calling Bell"],"picked":"Cursed Key"}],"potions_floor_spawned":[4,8,10,14,16,18,19,23],"seed_played":"-7542298693880091054","killed_by":"Chosen and Byrds","ascension_level":0,"is_trial":false}