{"path_per_floor":["M","?","M","?","M","E","$","M","T","?","M","E","M","?","R","B",null,"M","$","M","?","?"],"character_chosen":"IRONCLAD","items_purchased":["Flash of Steel"],"gold_per_floor":[109,109,129,129,146,173,3,20,70,70,80,109,122,122,122,219,219,236,136,155,155,155,155],"floor_reached":23,"campfire_rested":0,"playtime":2070,"current_hp_per_floor":[79,79,80,80,80,56,56,60,67,60,66,62,65,65,65,13,87,85,85,67,51,51,0],"items_purged":["Strike_R","Strike_R"],"gold":155,"score":201,"play_id":"81b11fce-feb2-48d9-a5b3-5d1314e55f52","local_time":"20180413011725","is_prod":false,"is_daily":false,"chose_seed":false,"is_ascension_mode":false,"campfire_upgraded":1,"timestamp":1523607445,"path_taken":["M","?","M","?","M","E","$","M","T","?","M","E","M","?","R","BOSS","M","$","M","?","?","E"],"build_version":"2018-04-12","seed_source_timestamp":106663380203619,"purchased_purges":5,"victory":false,"master_deck":["Strike_R","Defend_R","Defend_R","Bash","Battle Trance","Pommel Strike","Anger","Sword Boomerang","Shrug It Off","Flash of Steel","Iron Wave","Pommel Strike","Fiend Fire+1","Carnage","Flex","Offering","Clash","Battle Trance"],"max_hp_per_floor":[80,80,80,80,80,80,80,80,87,87,87,87,87,87,87,87,87,87,87,87,87,87,87],"relics":["Burning Blood","Juzu Bracelet","Strawberry","Oddly Smooth Stone","Eternal Feather","Enchiridion"],"card_choices":[{"not_picked":["Flex","Clash"],"picked":"Pommel Strike","floor":1},{"not_picked":["Bloodletting","Second Wind"],"picked":"Anger","floor":3},{"not_picked":["Reaper","Disarm"],"picked":"Sword Boomerang","floor":5},{"not_picked":["Clothesline","Flex"],"picked":"Shrug It Off","floor":6},{"not_picked":["Cleave","Whirlwind"],"picked":"Iron Wave","floor":8},{"not_picked":["Juggernaut","Hemokinesis"],"picked":"Pommel Strike","floor":11},{"not_picked":["Armaments","Cleave"],"picked":"Fiend Fire","floor":12},{"not_picked":["Body Slam","Sever Soul"],"picked":"Carnage","floor":13},{"not_picked":["Brutality","Dark Embrace"],"picked":"Offering","floor":16},{"not_picked":["True Grit","Twin Strike"],"picked":"Clash","floor":18},{"not_picked":["Body Slam","Searing Blow"],"picked":"Battle Trance","floor":20}],"player_experience":3365,"potions_floor_usage":[12,12,12,16],"damage_taken":[{"damage":7,"enemies":"2 Louse","floor":1,"turns":3},{"damage":1,"enemies":"Cultist","floor":3,"turns":3},{"damage":6,"enemies":"Jaw Worm","floor":5,"turns":2},{"damage":30,"enemies":"Gremlin Nob","floor":6,"turns":5},{"damage":2,"enemies":"Blue Slaver","floor":8,"turns":4},{"damage":0,"enemies":"Looter","floor":11,"turns":3},{"damage":10,"enemies":"Lagavulin","floor":12,"turns":5},{"damage":3,"enemies":"Large Slime","floor":13,"turns":5},{"damage":58,"enemies":"Slime Boss","floor":16,"turns":11},{"damage":8,"enemies":"Spheric Guardian","floor":18,"turns":3},{"damage":24,"enemies":"2 Thieves","floor":20,"turns":3},{"damage":52,"enemies":"Book of Stabbing","floor":23,"turns":5}],"event_choices":[{"event_name":"Purifier","player_choice":"One Purge","floor":2,"damage_taken":0},{"event_name":"Liars Game","player_choice":"disagreed","floor":4,"damage_taken":0},{"event_name":"Golden Wing","player_choice":"Card Removal","floor":10,"damage_taken":0},{"event_name":"Transmorgrifier","player_choice":"Transform","floor":14,"damage_taken":0},{"event_name":"Cursed Tome","player_choice":"Obtained Book","floor":21,"damage_taken":0},{"event_name":"Drug Dealer","player_choice":"Ignored","floor":22,"damage_taken":0}],"boss_relics":[{"not_picked":["Cursed Key","Ectoplasm"],"picked":"Eternal Feather"}],"potions_floor_spawned":[3,6,11,13,16,20],"seed_played":"-4747876843669429092","killed_by":"Book of Stabbing","ascension_level":0,"is_trial":false}