{"path_per_floor":["M","M","M","?","$","R","M","R","T","?","M","M","M","M","R"],"character_chosen":"IRONCLAD","items_purchased":["Shuriken"],"gold_per_floor":[366,377,387,387,63,63,82,82,82,257,270,281,301,314,314,314],"floor_reached":16,"campfire_rested":0,"playtime":825,"current_hp_per_floor":[44,46,51,51,51,51,49,49,49,49,47,53,55,49,49,0],"items_purged":["Regret"],"gold":314,"score":96,"play_id":"0ec51574-bb27-45f1-934b-6a3220a93884","local_time":"20180414150203","is_prod":false,"is_daily":false,"chose_seed":false,"is_ascension_mode":false,"campfire_upgraded":3,"timestamp":1523743323,"path_taken":["M","M","M","?","$","R","M","R","T","?","M","M","M","M","R","BOSS"],"build_version":"2018-04-12","seed_source_timestamp":243794325681406,"purchased_purges":1,"victory":false,"master_deck":["Strike_R+1","Strike_R+1","Strike_R","Strike_R","Strike_R","Defend_R","Defend_R","Defend_R","Defend_R","Bash","Rage+1","Warcry+1","Warcry+1","Impervious","Doubt","Anger","Havoc","Clash","Havoc"],"max_hp_per_floor":[80,80,80,80,80,80,80,80,80,80,80,80,80,80,80,80],"relics":["Burning Blood","Dodecahedron","Shuriken","Whetstone"],"card_choices":[{"not_picked":["Corruption","Clothesline"],"picked":"Rage","floor":1},{"not_picked":["Heavy Blade","Reckless Charge"],"picked":"Warcry","floor":2},{"not_picked":["Hemokinesis","Body Slam"],"picked":"Warcry","floor":3},{"not_picked":["Corruption","Body Slam"],"picked":"Impervious","floor":7},{"not_picked":["Twin Strike","Reckless Charge"],"picked":"Anger","floor":11},{"not_picked":["Iron Wave","Headbutt"],"picked":"Havoc","floor":12},{"not_picked":["True Grit","Immolate"],"picked":"Clash","floor":13},{"not_picked":["Bloodletting","Twin Strike"],"picked":"Havoc","floor":14}],"player_experience":43524,"potions_floor_usage":[7,14,16],"damage_taken":[{"damage":2,"enemies":"Small Slimes","floor":1,"turns":4},{"damage":4,"enemies":"Cultist","floor":2,"turns":4},{"damage":1,"enemies":"Jaw Worm","floor":3,"turns":5},{"damage":8,"enemies":"Exordium Wildlife","floor":7,"turns":9},{"damage":8,"enemies":"Large Slime","floor":11,"turns":9},{"damage":0,"enemies":"Looter","floor":12,"turns":4},{"damage":4,"enemies":"Blue Slaver","floor":13,"turns":4},{"damage":12,"enemies":"Red Slaver","floor":14,"turns":5},{"damage":54,"enemies":"The Guardian","floor":16,"turns":8}],"event_choices":[{"event_name":"Big Fish","player_choice":"Box","floor":4,"damage_taken":0},{"event_name":"Liars Game","player_choice":"agreed","floor":10,"damage_taken":0}],"boss_relics":[],"potions_floor_spawned":[1,11,12,13],"seed_played":"5338869640949794672","killed_by":"The Guardian","ascension_level":0,"is_trial":false}