{"path_per_floor":["M","M","?","T","M","R","M","R","T","R","M","E","M","M","R","B",null,"M","$","M","M","M","R","E","R","T","?","R","M","R","?","R","B",null,"M","?","$","M","M","E","R","M","T","M","?","?","R","M","R","B"],"character_chosen":"IRONCLAD","items_purchased":["Flex","Orichalcum"],"gold_per_floor":[12,24,199,277,293,293,277,277,277,277,293,325,338,348,348,453,453,468,368,381,391,408,408,435,435,481,481,481,496,496,496,496,594,594,606,606,353,370,380,415,415,430,430,442,442,442,442,458,458,458],"floor_reached":51,"campfire_rested":3,"playtime":3549,"current_hp_per_floor":[80,80,80,80,80,80,78,78,78,78,71,67,62,66,66,18,80,64,64,64,61,58,58,42,42,42,27,27,27,27,27,52,14,85,85,85,85,83,85,70,70,49,49,49,39,39,64,66,85,15],"items_purged":["Doubt","Defend_R"],"gold":458,"score":701,"play_id":"043ee793-95e7-4b48-a8b8-11e902a892f4","local_time":"20180413185747","is_prod":false,"is_daily":false,"chose_seed":false,"is_ascension_mode":false,"campfire_upgraded":6,"timestamp":1523671067,"path_taken":["M","M","?","?","M","R","?","R","T","R","M","E","M","M","R","BOSS","M","$","M","?","M","R","E","R","T","?","R","M","R","?","R","BOSS","M","?","$","M","M","E","R","M","T","M","?","?","R","M","R","BOSS"],"build_version":"2018-04-12","seed_source_timestamp":168763806863362,"purchased_purges":2,"victory":true,"master_deck":["Strike_R","Strike_R","Defend_R","Defend_R","Bash","Warcry+1","Pommel Strike","Brutality+1","Pommel Strike","Headbutt","Iron Wave+1","Seeing Red+1","Fire Breathing","Offering","Battle Trance+1","Thunderclap+1","Disarm+1","Iron Wave","Flex","Ghostly Armor+1","Headbutt","True Grit+1","Power Through","Iron Wave+1","Reckless Charge+1","Demon Form","Pommel Strike+1","Ghostly Armor","Reckless Charge","Seeing Red+1","Cleave+1","Thunderclap+1","Body Slam","Thinking Ahead","Panache","Apotheosis","Dropkick"],"max_hp_per_floor":[80,80,80,80,80,80,80,80,80,80,80,80,80,80,80,80,80,80,80,80,80,80,80,80,80,80,85,85,85,85,85,85,85,85,85,85,85,85,85,85,85,85,85,85,85,85,85,85,85,85],"relics":["Burning Blood","Thread and Needle","Self Forming Clay","Girya","Prayer Wheel","Astrolabe","Dodecahedron","Juzu Bracelet","Mark of Pain","Orichalcum","Letter Opener","Shuriken"],"card_choices":[{"not_picked":["Body Slam","True Grit"],"picked":"Warcry","floor":1},{"not_picked":["Searing Blow","Heavy Blade"],"picked":"Pommel Strike","floor":2},{"not_picked":["Uppercut","Pommel Strike"],"picked":"Brutality","floor":5},{"not_picked":["Cleave","Sever Soul"],"picked":"Pommel Strike","floor":7},{"not_picked":["Warcry","Cleave"],"picked":"Headbutt","floor":11},{"not_picked":["Bloodletting","Second Wind"],"picked":"Iron Wave","floor":12},{"not_picked":["Dark Embrace","Pommel Strike"],"picked":"Seeing Red","floor":13},{"not_picked":["Shrug It Off","Twin Strike"],"picked":"Fire Breathing","floor":14},{"not_picked":["Brutality","Dark Embrace"],"picked":"Offering","floor":16},{"not_picked":["Disarm","Perfected Strike"],"picked":"Iron Wave","floor":18},{"not_picked":["Disarm","Rupture"],"picked":"Ghostly Armor","floor":20},{"not_picked":["Pommel Strike","True Grit"],"picked":"Headbutt","floor":21},{"not_picked":["Warcry","Twin Strike"],"picked":"True Grit","floor":22},{"not_picked":["Combust","Reckless Charge"],"picked":"Power Through","floor":24},{"not_picked":["Twin Strike","Heavy Blade"],"picked":"Iron Wave","floor":26},{"not_picked":["Pommel Strike","Shrug It Off"],"picked":"Reckless Charge","floor":29},{"not_picked":["Dark Embrace","Impervious"],"picked":"Demon Form","floor":33},{"not_picked":["Dual Wield","Headbutt"],"picked":"Pommel Strike","floor":35},{"not_picked":["Blood for Blood","Perfected Strike"],"picked":"Ghostly Armor","floor":38},{"not_picked":["Battle Trance","Corruption"],"picked":"Reckless Charge","floor":39},{"not_picked":["Thunderclap","Feel No Pain"],"picked":"Seeing Red","floor":40},{"not_picked":["Rupture","Shrug It Off"],"picked":"Cleave","floor":42},{"not_picked":["Warcry","Iron Wave"],"picked":"Thunderclap","floor":43},{"not_picked":["Metallicize","Twin Strike"],"picked":"Body Slam","floor":44},{"not_picked":["Finesse","Bandage Up"],"picked":"Thinking Ahead","floor":45},{"not_picked":["Sadistic Nature","Swift Strike"],"picked":"Panache","floor":45},{"not_picked":["Panacea","Blind"],"picked":"Apotheosis","floor":45},{"not_picked":["Flex","True Grit"],"picked":"Dropkick","floor":48}],"player_experience":25563,"potions_floor_usage":[12,16,33,33,33,50,50,50],"damage_taken":[{"damage":0,"enemies":"2 Louse","floor":1,"turns":2},{"damage":0,"enemies":"Small Slimes","floor":2,"turns":4},{"damage":0,"enemies":"Jaw Worm","floor":5,"turns":5},{"damage":8,"enemies":"Exordium Thugs","floor":7,"turns":4},{"damage":13,"enemies":"Gremlin Gang","floor":11,"turns":6},{"damage":22,"enemies":"3 Sentries","floor":12,"turns":7},{"damage":11,"enemies":"Lots of Slimes","floor":13,"turns":4},{"damage":2,"enemies":"Looter","floor":14,"turns":3},{"damage":54,"enemies":"Hexaghost","floor":16,"turns":10},{"damage":22,"enemies":"Spheric Guardian","floor":18,"turns":8},{"damage":6,"enemies":"Chosen","floor":20,"turns":5},{"damage":9,"enemies":"Snake Plant","floor":21,"turns":6},{"damage":9,"enemies":"Centurion and Healer","floor":22,"turns":6},{"damage":22,"enemies":"Slavers","floor":24,"turns":5},{"damage":6,"enemies":"Slaver and Parasite","floor":29,"turns":10},{"damage":44,"enemies":"Automaton","floor":33,"turns":9},{"damage":0,"enemies":"Orb Walker","floor":35,"turns":3},{"damage":8,"enemies":"3 Shapes","floor":38,"turns":4},{"damage":0,"enemies":"3 Darklings","floor":39,"turns":7},{"damage":21,"enemies":"Giant Head","floor":40,"turns":8},{"damage":27,"enemies":"Sphere and 2 Shapes","floor":42,"turns":6},{"damage":6,"enemies":"4 Shapes","floor":44,"turns":1},{"damage":4,"enemies":"Maw","floor":48,"turns":6},{"damage":84,"enemies":"Time Eater","floor":50,"turns":10}],"event_choices":[{"event_name":"Liars Game","player_choice":"agreed","floor":3,"damage_taken":0},{"event_name":"Forgotten Altar","player_choice":"Shed Blood","floor":27,"damage_taken":0},{"event_name":"Drug Dealer","player_choice":"Ignored","floor":31,"damage_taken":0},{"event_name":"Tomb of Lord Red Mask","player_choice":"Ignored","floor":36,"damage_taken":0},{"event_name":"SensoryStone","player_choice":"Memory 3","floor":45,"damage_taken":0},{"event_name":"Purifier","player_choice":"One Purge","floor":46,"damage_taken":0}],"boss_relics":[{"not_picked":["Black Blood","Calling Bell"],"picked":"Astrolabe"},{"not_picked":["Runic Cube","Orrery"],"picked":"Mark of Pain"}],"potions_floor_spawned":[2,11,13,14,21,29,39,42,48],"seed_played":"6839147175709641751","ascension_level":0,"is_trial":false}