{"path_per_floor":["M","M","?","$","?","R","E","R","T","?","M","$","E","M","R"],"character_chosen":"IRONCLAD","items_purchased":["Evolve","Burning Pact"],"gold_per_floor":[363,378,378,268,268,268,296,296,296,296,308,226,257,276,276,276],"floor_reached":16,"campfire_rested":0,"playtime":746,"current_hp_per_floor":[72,71,71,71,71,71,34,34,34,27,33,33,39,28,28,0],"items_purged":["Regret"],"gold":276,"score":133,"play_id":"6aa29e81-afdc-4e2e-b7e3-be55f0952597","local_time":"20180414102041","is_prod":false,"is_daily":false,"chose_seed":false,"is_ascension_mode":false,"campfire_upgraded":3,"timestamp":1523726441,"path_taken":["M","M","?","$","?","R","E","R","T","?","?","$","E","M","R","BOSS"],"build_version":"2018-04-12","seed_source_timestamp":226989649141163,"purchased_purges":2,"victory":false,"master_deck":["Strike_R","Strike_R","Strike_R","Strike_R","Strike_R","Defend_R","Defend_R","Defend_R","Defend_R","Bash","Clash","Cleave","Evolve+1","Anger+1","Cleave","Burning Pact","Warcry+1","Warcry"],"max_hp_per_floor":[80,80,80,80,80,80,80,80,80,80,80,80,80,80,80,80],"relics":["Burning Blood","Champion Belt","Gremlin Horn","Question Card","Self Forming Clay","Peace Pipe"],"card_choices":[{"not_picked":["Uppercut","Whirlwind"],"picked":"Clash","floor":1},{"not_picked":["Armaments","Body Slam"],"picked":"Cleave","floor":2},{"not_picked":["Offering","Intimidate"],"picked":"Anger","floor":7},{"not_picked":["Clothesline","Metallicize","Armaments"],"picked":"Cleave","floor":11},{"not_picked":["Searing Blow","Perfected Strike","Heavy Blade"],"picked":"Warcry","floor":13},{"not_picked":["Intimidate","Searing Blow","Rupture"],"picked":"Warcry","floor":14}],"player_experience":32582,"potions_floor_usage":[13,16],"damage_taken":[{"damage":14,"enemies":"Cultist","floor":1,"turns":5},{"damage":7,"enemies":"Jaw Worm","floor":2,"turns":4},{"damage":43,"enemies":"3 Sentries","floor":7,"turns":9},{"damage":0,"enemies":"Small Slimes","floor":11,"turns":3},{"damage":0,"enemies":"Gremlin Nob","floor":13,"turns":3},{"damage":17,"enemies":"Exordium Thugs","floor":14,"turns":5},{"damage":29,"enemies":"The Guardian","floor":16,"turns":8}],"event_choices":[{"event_name":"Big Fish","player_choice":"Box","floor":3,"damage_taken":0},{"event_name":"Accursed Blacksmith","player_choice":"Rummage","floor":5,"damage_taken":0},{"event_name":"Golden Wing","player_choice":"Card Removal","floor":10,"damage_taken":0}],"boss_relics":[],"potions_floor_spawned":[1,14],"seed_played":"-441570334154435207","killed_by":"The Guardian","ascension_level":0,"is_trial":false}