{"path_per_floor":["M","?","$","M","?","R","M","R","T","M","M","M","$","?","R","B",null,"M","M","?","?","M","R","?","R","T","M","?","$","M","M","R","B",null,"M","?","?","?","$","R"],"character_chosen":"IRONCLAD","items_purchased":["Ornamental Fan"],"gold_per_floor":[118,118,43,53,53,53,76,76,76,100,124,145,45,45,45,165,165,190,215,215,215,239,239,239,239,239,260,260,135,148,164,164,295,295,308,308,308,308,65,65,65],"floor_reached":41,"campfire_rested":1,"playtime":1158,"current_hp_per_floor":[80,73,73,74,54,54,57,57,57,53,53,59,59,59,59,27,80,62,50,50,50,37,37,37,37,37,36,36,36,26,28,52,22,80,72,72,72,72,72,72,0],"items_purged":["Defend_R","Strike_R","Defend_R"],"gold":65,"score":419,"play_id":"cba864c9-b07d-4fc3-98a7-c03be44b417f","local_time":"20180418165749","is_prod":false,"is_daily":false,"chose_seed":false,"is_ascension_mode":true,"campfire_upgraded":6,"timestamp":1524095869,"path_taken":["M","?","$","?","?","R","M","R","T","M","M","M","$","?","R","BOSS","M","M","?","?","M","R","?","R","T","M","?","$","M","?","R","BOSS","M","?","?","?","$","R","E"],"build_version":"2018-04-12","seed_source_timestamp":190953229629510,"purchased_purges":3,"victory":false,"master_deck":["Defend_R+1","Defend_R","Rampage+1","Double Tap+1","Armaments+1","Battle Trance+1","Offering+1"],"max_hp_per_floor":[80,80,80,80,80,80,80,80,80,80,80,80,80,80,80,80,80,80,80,80,80,80,80,80,80,80,80,80,80,80,80,80,80,80,80,80,80,80,80,80,80],"relics":["Black Blood","Golden Idol","Ginger","Runic Pyramid","Dream Catcher","Ornamental Fan"],"card_choices":[{"not_picked":["Hemokinesis","Dual Wield"],"picked":"Searing Blow","floor":7},{"not_picked":["Uppercut","Twin Strike"],"picked":"Rampage","floor":11},{"not_picked":["Offering","Bludgeon"],"picked":"Double Tap","floor":16},{"not_picked":["Clash","Shrug It Off"],"picked":"Armaments","floor":18},{"not_picked":["Limit Break","Exhume"],"picked":"Offering","floor":33}],"player_experience":97135,"potions_floor_usage":[16,18,31,31],"damage_taken":[{"damage":3,"enemies":"Jaw Worm","floor":1,"turns":5},{"damage":5,"enemies":"Small Slimes","floor":4,"turns":7},{"damage":3,"enemies":"Cultist","floor":7,"turns":4},{"damage":10,"enemies":"Large Slime","floor":10,"turns":5},{"damage":6,"enemies":"Looter","floor":11,"turns":3},{"damage":0,"enemies":"Blue Slaver","floor":12,"turns":3},{"damage":38,"enemies":"Slime Boss","floor":16,"turns":10},{"damage":24,"enemies":"3 Byrds","floor":18,"turns":6},{"damage":18,"enemies":"Shell Parasite","floor":19,"turns":8},{"damage":19,"enemies":"Centurion and Healer","floor":22,"turns":5},{"damage":7,"enemies":"3 Cultists","floor":27,"turns":3},{"damage":16,"enemies":"Snake Plant","floor":30,"turns":2},{"damage":10,"enemies":"Centurion and Healer","floor":31,"turns":3},{"damage":36,"enemies":"Collector","floor":33,"turns":4},{"damage":18,"enemies":"3 Shapes","floor":35,"turns":3},{"damage":96,"enemies":"Nemesis","floor":41,"turns":6}],"event_choices":[{"event_name":"Golden Wing","player_choice":"Card Removal","floor":2,"damage_taken":0},{"event_name":"Golden Idol","player_choice":"Take Damage","floor":5,"damage_taken":0},{"event_name":"Living Wall","player_choice":"Forget","floor":14,"damage_taken":0},{"event_name":"The Library","player_choice":"Read","floor":20,"damage_taken":0},{"event_name":"Back to Basics","player_choice":"Elegance","floor":21,"damage_taken":0},{"event_name":"Purifier","player_choice":"One Purge","floor":24,"damage_taken":0},{"event_name":"Ghosts","player_choice":"Ignored","floor":28,"damage_taken":0},{"event_name":"Tomb of Lord Red Mask","player_choice":"Ignored","floor":37,"damage_taken":0},{"event_name":"Upgrade Shrine","player_choice":"Upgraded","floor":38,"damage_taken":0}],"boss_relics":[{"not_picked":["Philosopher\u0027s Stone","White Beast Statue"],"picked":"Runic Pyramid"},{"not_picked":["Velvet Choker","Runic Cube"],"picked":"Black Blood"}],"potions_floor_spawned":[4,12,16,18,27,30],"seed_played":"-3101490436113725823","killed_by":"Nemesis","ascension_level":2,"is_trial":false}