{"path_per_floor":["M","M","M","M","$","R","$","?","T","$","R","M","?","M","R","B",null,"M","?","?","M","$","R","?","M","T","$","R","M","R","M","R"],"character_chosen":"IRONCLAD","items_purchased":["Girya","Heavy Blade","Flash of Steel"],"gold_per_floor":[359,375,391,409,41,41,41,104,104,29,29,48,48,62,62,167,167,185,185,100,118,29,29,29,47,73,73,73,93,93,112,112,112],"floor_reached":33,"campfire_rested":0,"playtime":855,"current_hp_per_floor":[45,40,44,47,47,47,47,35,35,35,35,40,33,36,36,23,80,58,58,58,64,64,64,64,54,54,54,54,55,55,61,61,0],"items_purged":["Strike_R"],"gold":112,"score":261,"play_id":"d1969ef8-fd7f-4185-9e04-15ffd826f761","local_time":"20180418171830","is_prod":false,"is_daily":false,"chose_seed":false,"is_ascension_mode":true,"campfire_upgraded":4,"timestamp":1524097110,"path_taken":["M","M","M","M","$","R","?","?","T","?","R","?","?","M","R","BOSS","M","?","?","M","$","R","?","?","T","?","R","M","R","M","R","BOSS"],"build_version":"2018-04-12","seed_source_timestamp":192497832600408,"purchased_purges":2,"victory":false,"master_deck":["Strike_R","Strike_R","Strike_R","Defend_R","Defend_R","Defend_R","Defend_R","Bash","Clash","Warcry","Spot Weakness+1","Heavy Blade+1","Flex+1","Heavy Blade+1","Heavy Blade+1","Flash of Steel","Regret"],"max_hp_per_floor":[80,80,80,80,80,80,80,80,80,80,80,80,80,80,80,80,80,80,80,80,80,80,80,80,80,80,80,80,80,80,80,80,80],"relics":["Burning Blood","Girya","Shuriken","Matryoshka","Cursed Key","Vajra","Bag of Marbles","Ancient Tea Set"],"card_choices":[{"not_picked":["Carnage","Hemokinesis"],"picked":"Clash","floor":2},{"not_picked":["Flame Barrier","Sword Boomerang"],"picked":"Warcry","floor":3},{"not_picked":["Bloodletting","Searing Blow"],"picked":"Spot Weakness","floor":4},{"not_picked":["Metallicize","Thunderclap"],"picked":"Flex","floor":8},{"not_picked":["Juggernaut","Warcry"],"picked":"Heavy Blade","floor":12},{"not_picked":["Rampage","Havoc"],"picked":"Heavy Blade","floor":18}],"player_experience":98659,"potions_floor_usage":[25,33,33,33],"damage_taken":[{"damage":1,"enemies":"Cultist","floor":1,"turns":3},{"damage":11,"enemies":"Small Slimes","floor":2,"turns":5},{"damage":2,"enemies":"Jaw Worm","floor":3,"turns":3},{"damage":3,"enemies":"Exordium Wildlife","floor":4,"turns":4},{"damage":18,"enemies":"Gremlin Nob","floor":8,"turns":3},{"damage":1,"enemies":"Looter","floor":12,"turns":2},{"damage":3,"enemies":"Large Slime","floor":14,"turns":5},{"damage":19,"enemies":"Slime Boss","floor":16,"turns":8},{"damage":28,"enemies":"3 Byrds","floor":18,"turns":5},{"damage":0,"enemies":"Spheric Guardian","floor":21,"turns":2},{"damage":16,"enemies":"Cultist and Chosen","floor":25,"turns":4},{"damage":5,"enemies":"Centurion and Healer","floor":29,"turns":3},{"damage":0,"enemies":"Snake Plant","floor":31,"turns":2},{"damage":90,"enemies":"Automaton","floor":33,"turns":6}],"event_choices":[{"event_name":"Dead Adventurer","player_choice":"Searched \u00271\u0027 times","floor":8,"damage_taken":0},{"event_name":"Golden Wing","player_choice":"Card Removal","floor":13,"damage_taken":0},{"event_name":"Ghosts","player_choice":"Ignored","floor":19,"damage_taken":0},{"event_name":"Addict","player_choice":"Obtained Relic","floor":20,"damage_taken":0},{"event_name":"N\u0027loth","player_choice":"Ignored","floor":24,"damage_taken":0}],"boss_relics":[{"not_picked":["Ectoplasm","Lizard Tail"],"picked":"Cursed Key"}],"potions_floor_spawned":[3,4,8,8,16,21,25],"seed_played":"-4327959235813298768","killed_by":"Automaton","ascension_level":2,"is_trial":false}