{"path_per_floor":["M","?","?","M","$","E","R","M","T","R","$","E","M","M","R","B",null,"M","M","?","M"],"character_chosen":"IRONCLAD","items_purchased":[],"gold_per_floor":[109,109,109,121,46,79,79,89,113,113,113,141,156,170,170,271,271,286,297,220,239,239],"floor_reached":22,"campfire_rested":0,"playtime":828,"current_hp_per_floor":[76,76,76,80,80,58,58,62,62,62,62,50,41,47,47,37,80,33,22,22,17,0],"items_purged":["Regret"],"gold":239,"score":216,"play_id":"6767eff0-e2bf-40bd-9c9f-0d7d47ea9e6a","local_time":"20180420121032","is_prod":false,"is_daily":false,"chose_seed":false,"is_ascension_mode":true,"campfire_upgraded":3,"timestamp":1524251432,"path_taken":["M","?","?","M","$","E","R","M","T","R","?","E","?","M","R","BOSS","M","M","?","?","M"],"build_version":"2018-04-19","seed_source_timestamp":346848361711455,"purchased_purges":1,"victory":false,"master_deck":["Strike_R","Strike_R","Strike_R","Strike_R","Defend_R","Defend_R","Defend_R","Defend_R+1","Bash","Warcry","Anger+1","Cleave","Burning Pact+1","Battle Trance+1","Spot Weakness","Offering","Pain","Pain","Regret","J.A.X.","Shrug It Off"],"max_hp_per_floor":[80,80,80,80,80,80,80,80,80,80,80,80,80,80,80,80,80,80,80,80,80,80],"relics":["Burning Blood","Bag of Marbles","Vajra","Orichalcum","Ancient Tea Set","Calling Bell","Anchor","Smiling Mask","Ice Cream"],"card_choices":[{"not_picked":["Fire Breathing","Wild Strike"],"picked":"Warcry","floor":1},{"not_picked":["Clash","Perfected Strike"],"picked":"Cleave","floor":6},{"not_picked":["Iron Wave","Uppercut"],"picked":"Burning Pact","floor":8},{"not_picked":["Flex","Pommel Strike"],"picked":"Battle Trance","floor":12},{"not_picked":["Offering","Sword Boomerang"],"picked":"Spot Weakness","floor":13},{"not_picked":["Feed","Double Tap"],"picked":"Offering","floor":16},{"not_picked":["Perfected Strike","Carnage"],"picked":"Shrug It Off","floor":21}],"player_experience":126423,"potions_floor_usage":[16,18,21,21],"damage_taken":[{"damage":10,"enemies":"2 Louse","floor":1,"turns":3},{"damage":0,"enemies":"Cultist","floor":4,"turns":2},{"damage":28,"enemies":"3 Sentries","floor":6,"turns":10},{"damage":2,"enemies":"Jaw Worm","floor":8,"turns":3},{"damage":18,"enemies":"Gremlin Nob","floor":12,"turns":4},{"damage":15,"enemies":"Gremlin Gang","floor":13,"turns":4},{"damage":0,"enemies":"Exordium Wildlife","floor":14,"turns":2},{"damage":16,"enemies":"The Guardian","floor":16,"turns":8},{"damage":53,"enemies":"Shell Parasite","floor":18,"turns":6},{"damage":17,"enemies":"3 Byrds","floor":19,"turns":5},{"damage":11,"enemies":"Snake Plant","floor":21,"turns":2},{"damage":18,"enemies":"Centurion and Healer","floor":22,"turns":2}],"event_choices":[{"event_name":"Big Fish","player_choice":"Box","floor":2,"damage_taken":0},{"event_name":"Transmorgrifier","player_choice":"Transform","floor":3,"damage_taken":0},{"event_name":"Drug Dealer","player_choice":"Got JAXXED","floor":20,"damage_taken":0}],"boss_relics":[{"not_picked":["Ectoplasm","Philosopher\u0027s Stone"],"picked":"Calling Bell"}],"potions_floor_spawned":[4,6,14,19],"seed_played":"-6993279116537648418","killed_by":"Centurion and Healer","ascension_level":2,"is_trial":false}