{"path_per_floor":["M","?","?","M","?","E","R","M","T","M","E","M","M","?","R"],"character_chosen":"IRONCLAD","items_purchased":[],"gold_per_floor":[119,119,119,138,138,173,173,183,209,190,215,230,247,273,273,273],"floor_reached":16,"campfire_rested":0,"playtime":646,"current_hp_per_floor":[79,72,72,77,74,45,45,51,51,31,28,26,30,29,29,0],"items_purged":[],"gold":273,"score":123,"play_id":"cbf984a4-270c-4563-a3f0-63e20f772b4f","local_time":"20180417144107","is_prod":false,"is_daily":false,"chose_seed":false,"is_ascension_mode":true,"campfire_upgraded":2,"timestamp":1524001267,"path_taken":["M","?","?","M","?","E","R","?","T","M","E","M","?","?","R","BOSS"],"build_version":"2018-04-12","seed_source_timestamp":96863723162506,"purchased_purges":0,"victory":false,"master_deck":["Strike_R","Strike_R","Strike_R","Defend_R","Defend_R","Defend_R","Bash","Rage","Sword Boomerang+1","Shrug It Off","Infernal Blade+1","Clash","Clash"],"max_hp_per_floor":[80,80,80,80,80,80,80,80,80,80,80,80,80,80,80,80],"relics":["Burning Blood","Self Forming Clay","Mummified Hand","Dream Catcher","Centennial Puzzle","Odd Mushroom"],"card_choices":[{"not_picked":["Twin Strike","Cleave"],"picked":"Sword Boomerang","floor":1},{"not_picked":["Iron Wave","Shockwave"],"picked":"Shrug It Off","floor":4},{"not_picked":["Rage","Cleave"],"picked":"Infernal Blade","floor":8},{"not_picked":["Flex","Blood for Blood"],"picked":"Clash","floor":12},{"not_picked":["Armaments","Shrug It Off"],"picked":"Clash","floor":14}],"player_experience":80705,"potions_floor_usage":[11,16],"damage_taken":[{"damage":7,"enemies":"Jaw Worm","floor":1,"turns":5},{"damage":1,"enemies":"Cultist","floor":4,"turns":3},{"damage":35,"enemies":"Gremlin Nob","floor":6,"turns":5},{"damage":0,"enemies":"2 Louse","floor":8,"turns":3},{"damage":26,"enemies":"Exordium Thugs","floor":10,"turns":4},{"damage":9,"enemies":"Lagavulin","floor":11,"turns":5},{"damage":8,"enemies":"3 Louse","floor":12,"turns":5},{"damage":2,"enemies":"Exordium Wildlife","floor":13,"turns":3},{"damage":7,"enemies":"The Mushroom Lair","floor":14,"turns":4},{"damage":32,"enemies":"Slime Boss","floor":16,"turns":9}],"event_choices":[{"event_name":"Golden Wing","player_choice":"Card Removal","floor":2,"damage_taken":0},{"event_name":"Purifier","player_choice":"One Purge","floor":3,"damage_taken":0},{"event_name":"Scrap Ooze","player_choice":"success","floor":5,"damage_taken":3},{"event_name":"Mushrooms","player_choice":"Fought Mushrooms","floor":14,"damage_taken":0}],"boss_relics":[],"potions_floor_spawned":[4,6,13],"seed_played":"-1869737359647156063","killed_by":"Slime Boss","ascension_level":2,"is_trial":false}