{"path_per_floor":["M","M","M","M","$","R","M","E","T","?","R","M","R","?","R","B",null,"M","?","?","T","$","R","M","R","T","$","R","M"],"character_chosen":"IRONCLAD","items_purchased":["Bag of Marbles","Flash of Steel"],"gold_per_floor":[118,129,149,169,17,17,34,65,65,65,65,85,85,85,85,187,187,205,130,130,130,33,33,53,53,53,53,53,73,73],"floor_reached":30,"campfire_rested":0,"playtime":859,"current_hp_per_floor":[80,78,78,77,77,77,80,55,55,37,37,27,27,27,27,17,80,64,64,49,49,49,49,57,57,57,57,57,35,0],"items_purged":[],"gold":73,"score":251,"play_id":"ccb006fb-266f-4b6b-a4ac-0be3a58b15b4","local_time":"20180418235738","is_prod":false,"is_daily":false,"chose_seed":false,"is_ascension_mode":true,"campfire_upgraded":7,"timestamp":1524121058,"path_taken":["M","M","M","M","$","R","M","E","T","?","R","M","R","?","R","BOSS","M","?","?","?","?","R","M","R","T","$","R","M","M"],"build_version":"2018-04-12","seed_source_timestamp":0,"purchased_purges":1,"victory":false,"master_deck":["Strike_R","Strike_R","Strike_R","Strike_R","Defend_R+1","Defend_R","Defend_R","Defend_R","Bash+1","Dropkick+1","Burning Pact","Cleave+1","Iron Wave+1","Demon Form+1","Clash+1","Clash+1","Impervious","Flash of Steel+1"],"max_hp_per_floor":[80,80,80,80,80,80,80,80,80,80,80,80,80,80,80,80,80,80,80,85,85,85,85,85,85,85,85,85,85,85],"relics":["Burning Blood","Bag of Marbles","Mummified Hand","Whetstone","Blood Vial","Sozu","Dodecahedron","Toxic Egg 2"],"card_choices":[{"not_picked":["Body Slam","Havoc"],"picked":"Dropkick","floor":1},{"not_picked":["Sword Boomerang","Sentinel"],"picked":"Burning Pact","floor":2},{"not_picked":["Shrug It Off","Blood for Blood"],"picked":"Cleave","floor":3},{"not_picked":["Clothesline","Heavy Blade"],"picked":"Iron Wave","floor":4},{"not_picked":["Flex","Havoc"],"picked":"Demon Form","floor":7},{"not_picked":["Anger","Reckless Charge"],"picked":"Clash","floor":8},{"not_picked":["Headbutt","Cleave"],"picked":"Clash","floor":12},{"not_picked":["Demon Form","Fiend Fire"],"picked":"Impervious","floor":16}],"player_experience":108518,"potions_floor_usage":[16,16],"damage_taken":[{"damage":1,"enemies":"2 Louse","floor":1,"turns":3},{"damage":8,"enemies":"Jaw Worm","floor":2,"turns":5},{"damage":6,"enemies":"Cultist","floor":3,"turns":4},{"damage":7,"enemies":"Looter","floor":4,"turns":3},{"damage":0,"enemies":"Large Slime","floor":7,"turns":5},{"damage":31,"enemies":"Lagavulin","floor":8,"turns":6},{"damage":18,"enemies":"Lots of Slimes","floor":12,"turns":3},{"damage":18,"enemies":"The Guardian","floor":16,"turns":10},{"damage":22,"enemies":"Spheric Guardian","floor":18,"turns":4},{"damage":0,"enemies":"Chosen","floor":24,"turns":4},{"damage":30,"enemies":"Slaver and Parasite","floor":29,"turns":6},{"damage":58,"enemies":"Cultist and Chosen","floor":30,"turns":5}],"event_choices":[{"event_name":"Scrap Ooze","player_choice":"success","floor":10,"damage_taken":18},{"event_name":"Upgrade Shrine","player_choice":"Upgraded","floor":14,"damage_taken":0},{"event_name":"Beggar","player_choice":"Gave Gold","floor":19,"damage_taken":0},{"event_name":"Forgotten Altar","player_choice":"Shed Blood","floor":20,"damage_taken":0}],"boss_relics":[{"not_picked":["Mark of Pain","Velvet Choker"],"picked":"Sozu"}],"potions_floor_spawned":[3,12,16,18],"seed_played":"-7694616178443557637","killed_by":"Cultist and Chosen","ascension_level":2,"is_trial":false}