{"path_per_floor":["M","M","M","?","M","E","T","M","T","?","R","M","M","M","R"],"character_chosen":"THE_SILENT","items_purchased":[],"gold_per_floor":[116,136,149,149,167,502,502,513,513,513,513,529,539,552,552],"floor_reached":16,"campfire_rested":1,"playtime":1139,"current_hp_per_floor":[70,70,63,56,49,27,27,16,16,16,16,16,11,6,27],"items_purged":[],"gold":552,"play_id":"e90a84a1-57d4-43a2-8625-e7c38b0391e1","is_prod":false,"is_daily":false,"is_ascension_mode":false,"campfire_upgraded":1,"path_taken":["M","M","M","?","?","E","?","M","T","?","R","M","M","?","R","BOSS"],"build_version":"2018-01-25-PROD3","purchased_purges":0,"victory":false,"master_deck":["Defend_G+1","Defend_G+1","Defend_G","Defend_G","Strike_G","Strike_G","Strike_G","Strike_G","Strike_G","Survivor","Neutralize","All Out Attack","Acrobatics","Infinite Blades","Heel Hook","A Thousand Cuts+1","Flying Knee","Backflip","Flying Knee","Wraith Form"],"max_hp_per_floor":[70,70,70,70,70,70,70,70,70,70,70,70,70,70,70],"relics":["Ring of the Snake","War Paint","Old Coin","Frozen Eye","Snake Skull"],"card_choices":[{"not_picked":["Die Die Die","Outmaneuver"],"picked":"All Out Attack"},{"not_picked":["Poisoned Stab","PiercingWail"],"picked":"Acrobatics"},{"not_picked":["Footwork","Finisher"],"picked":"Infinite Blades"},{"not_picked":["Backflip","Noxious Fumes"],"picked":"Heel Hook"},{"not_picked":["Dodge and Roll","Dash"],"picked":"A Thousand Cuts"},{"not_picked":["Dagger Throw","Deadly Poison"],"picked":"Flying Knee"},{"not_picked":["Malaise","Flechettes"],"picked":"Backflip"},{"not_picked":["Outmaneuver","Slice"],"picked":"Flying Knee"},{"not_picked":["Escape Plan","Masterful Stab"],"picked":"Wraith Form"}],"player_experience":11529,"potions_floor_usage":[12],"damage_taken":[{"damage":0,"enemies":"Cultist","floor":1,"turns":3},{"damage":0,"enemies":"Small Slimes","floor":2,"turns":2},{"damage":7,"enemies":"Blue Slaver","floor":3,"turns":5},{"damage":7,"enemies":"3 Louse","floor":5,"turns":4},{"damage":22,"enemies":"3 Sentries","floor":6,"turns":7},{"damage":11,"enemies":"Lots of Slimes","floor":8,"turns":2},{"damage":0,"enemies":"Exordium Wildlife","floor":12,"turns":4},{"damage":5,"enemies":"2 Fungi Beasts","floor":13,"turns":4},{"damage":5,"enemies":"3 Louse","floor":14,"turns":4},{"damage":29,"enemies":"Hexaghost","floor":16,"turns":9}],"event_choices":[{"event_name":"Scrap Ooze","player_choice":"success","floor":4,"damage_taken":7},{"event_name":"Purifier","player_choice":"One Purge","floor":10,"damage_taken":0}],"boss_relics":[],"potions_floor_spawned":[1,2,8,14],"seed_played":"1491758601870164230","killed_by":"Hexaghost","ascension_level":0,"is_trial":false}