{"path_per_floor":["M","?","M","?","T","E","M","R","T","R","?","M","M","$","R","B",null,"M","$","M","M","?","R","?","?","T","$","R","M","?"],"character_chosen":"THE_SILENT","items_purchased":["Omamori","Jack Of All Trades","Distraction","Footwork"],"gold_per_floor":[110,110,120,120,192,222,237,237,263,263,263,274,287,12,12,110,110,128,17,34,46,46,46,46,46,46,46,46,56,156],"floor_reached":31,"campfire_rested":2,"playtime":1979,"current_hp_per_floor":[70,70,68,68,68,19,17,38,38,38,31,28,12,12,33,9,77,61,61,60,36,36,36,36,36,36,36,36,6,6],"items_purged":["Regret"],"gold":156,"play_id":"4f4bc589-69e2-4bb3-b435-52456adbd50d","is_prod":false,"is_daily":false,"is_ascension_mode":false,"campfire_upgraded":3,"path_taken":["M","?","M","?","?","E","?","R","T","R","?","?","M","?","R","BOSS","M","$","M","?","?","R","?","?","T","$","R","M","?","?"],"build_version":"2018-01-25-PROD3","purchased_purges":1,"victory":false,"master_deck":["Defend_G","Defend_G","Defend_G","Defend_G","Defend_G","Strike_G","Strike_G","Strike_G","Strike_G","Survivor","Neutralize+1","Infinite Blades+1","Infinite Blades+1","Wraith Form","Noxious Fumes+1","Jack Of All Trades+1","Distraction","After Image","Injury","Footwork","Backflip","Finisher","Footwork","Deflect"],"max_hp_per_floor":[70,70,70,70,70,70,70,70,70,70,70,70,70,70,70,70,77,77,77,77,77,77,77,77,77,77,77,77,77,77],"relics":["Ring of the Snake","Ninja Scroll","Dodecahedron","Frozen Egg","Molten Egg","Omamori","Calling Bell","Strawberry","Pantograph","Happy Flower","Ice Cream"],"card_choices":[{"not_picked":["Bouncing Flask","Choke"],"picked":"Infinite Blades"},{"not_picked":["PiercingWail","Slice"],"picked":"Infinite Blades"},{"not_picked":["Acrobatics","Bane"],"picked":"Wraith Form"},{"not_picked":["Prepared","Bane"],"picked":"Noxious Fumes"},{"not_picked":["Glass Knife","Unload"],"picked":"After Image"},{"not_picked":["Slice","Sucker Punch"],"picked":"Backflip"},{"not_picked":["Die Die Die","PiercingWail"],"picked":"Finisher"},{"not_picked":["Bouncing Flask","Skewer"],"picked":"Deflect"}],"player_experience":106854,"potions_floor_usage":[16,16,18,31],"damage_taken":[{"damage":0,"enemies":"Cultist","floor":1,"turns":3},{"damage":2,"enemies":"Blue Slaver","floor":3,"turns":6},{"damage":49,"enemies":"Lagavulin","floor":6,"turns":10},{"damage":2,"enemies":"2 Louse","floor":7,"turns":3},{"damage":3,"enemies":"Looter","floor":12,"turns":3},{"damage":16,"enemies":"Exordium Thugs","floor":13,"turns":6},{"damage":24,"enemies":"The Guardian","floor":16,"turns":11},{"damage":16,"enemies":"Chosen","floor":18,"turns":6},{"damage":1,"enemies":"3 Byrds","floor":20,"turns":6},{"damage":24,"enemies":"Snake Plant","floor":21,"turns":7},{"damage":30,"enemies":"3 Cultists","floor":29,"turns":7},{"damage":0,"enemies":"Slaver and Parasite","floor":31,"turns":1}],"event_choices":[{"event_name":"Bonfire Elementals","player_choice":"BASIC","floor":2,"damage_taken":0},{"event_name":"Big Fish","player_choice":"Box","floor":4,"damage_taken":0},{"event_name":"Wheel of Change","player_choice":"Damage","floor":11,"damage_taken":0},{"event_name":"Drug Dealer","player_choice":"Ignored","floor":22,"damage_taken":0},{"event_name":"Beggar","player_choice":"Ignored","floor":24,"damage_taken":0},{"event_name":"The Library","player_choice":"Read","floor":25,"damage_taken":0},{"event_name":"Golden Shrine","player_choice":"Pray","floor":30,"damage_taken":0}],"boss_relics":[{"not_picked":["Runic Pyramid","The Specimen"],"picked":"Calling Bell"}],"potions_floor_spawned":[3,6,12,29],"seed_played":"3213848937486429830","killed_by":"Slaver and Parasite","ascension_level":0,"is_trial":false}