{"path_per_floor":["M","?","M","M","?","R","M","M","T","?","M","E","?","E","R","B",null,"M","$","M","?","?","E","?","M","T","?","M","E"],"character_chosen":"THE_SILENT","items_purchased":["Panache"],"gold_per_floor":[113,113,132,147,117,117,128,145,145,95,107,134,134,163,163,265,265,282,27,47,47,47,72,72,92,92,92,110,138],"floor_reached":30,"campfire_rested":1,"playtime":2346,"current_hp_per_floor":[70,58,58,58,58,58,48,45,45,45,41,30,30,22,58,34,70,56,56,41,41,41,33,33,19,33,24,16,9],"items_purged":["Strike_G"],"gold":138,"play_id":"957ad86a-81c4-41d7-a668-abbf582b5177","is_prod":false,"is_daily":false,"is_ascension_mode":false,"campfire_upgraded":1,"path_taken":["M","?","M","M","?","R","?","M","T","?","M","E","?","E","R","BOSS","M","$","M","?","?","E","?","M","T","?","M","E","M"],"build_version":"2018-01-25-PROD3","purchased_purges":1,"victory":false,"master_deck":["Defend_G","Defend_G","Defend_G","Defend_G","Survivor","Neutralize","Backflip","Distraction+1","Backflip","Calculated Gamble+1","Distraction","Wraith Form","Prepared","Acrobatics","Blur","Calculated Gamble","Calculated Gamble","Panache","Glass Knife","Bite_G","Bite_G","Bite_G","Bite_G","Bite_G","Acrobatics","Escape Plan","A Thousand Cuts"],"max_hp_per_floor":[70,70,70,70,70,70,70,70,70,70,70,70,70,70,70,70,70,70,70,70,70,70,70,49,49,63,68,68,68],"relics":["Ring of the Snake","Happy Flower","Tingsha","Oddly Smooth Stone","Omamori","Regal Pillow","Orrery","Kunai","Mango","Calipers"],"card_choices":[{"not_picked":["Venomology","Dodge and Roll"],"picked":"Backflip"},{"not_picked":["All Out Attack","Predator"],"picked":"Distraction"},{"not_picked":["Heel Hook","Finisher"],"picked":"Backflip"},{"not_picked":["Bane","Outmaneuver"],"picked":"Calculated Gamble"},{"not_picked":["Acrobatics","Bane"],"picked":"Distraction"},{"not_picked":["After Image","Corpse Explosion"],"picked":"Wraith Form"},{"not_picked":["Deadly Poison","Outmaneuver"],"picked":"Prepared"},{"not_picked":["Outmaneuver","Deflect"],"picked":"Acrobatics"},{"not_picked":["Dagger Throw","PiercingWail"],"picked":"Blur"},{"not_picked":["Bouncing Flask","Flying Knee"],"picked":"Calculated Gamble"},{"not_picked":["Deflect","Outmaneuver"],"picked":"Calculated Gamble"},{"not_picked":["Dagger Throw","Unload"],"picked":"Acrobatics"},{"not_picked":["Infinite Blades","Blur"],"picked":"Escape Plan"},{"not_picked":["Deflect","Calculated Gamble"],"picked":"A Thousand Cuts"}],"player_experience":48788,"potions_floor_usage":[12,12,14,14,25,25,29],"damage_taken":[{"damage":0,"enemies":"Small Slimes","floor":1,"turns":3},{"damage":0,"enemies":"Jaw Worm","floor":3,"turns":4},{"damage":0,"enemies":"2 Louse","floor":4,"turns":3},{"damage":10,"enemies":"2 Fungi Beasts","floor":7,"turns":4},{"damage":3,"enemies":"Red Slaver","floor":8,"turns":4},{"damage":4,"enemies":"Exordium Wildlife","floor":11,"turns":5},{"damage":11,"enemies":"3 Sentries","floor":12,"turns":9},{"damage":8,"enemies":"Gremlin Nob","floor":14,"turns":4},{"damage":24,"enemies":"The Guardian","floor":16,"turns":17},{"damage":14,"enemies":"2 Thieves","floor":18,"turns":4},{"damage":15,"enemies":"3 Byrds","floor":20,"turns":2},{"damage":8,"enemies":"Book of Stabbing","floor":23,"turns":4},{"damage":26,"enemies":"Slaver and Parasite","floor":25,"turns":5},{"damage":16,"enemies":"Centurion and Healer","floor":28,"turns":5},{"damage":11,"enemies":"Slavers","floor":29,"turns":5},{"damage":17,"enemies":"Snake Plant","floor":30,"turns":3}],"event_choices":[{"event_name":"Scrap Ooze","player_choice":"success","floor":2,"damage_taken":12},{"event_name":"The Woman in Blue","player_choice":"Bought 2 Potions","floor":5,"damage_taken":0},{"event_name":"The Cleric","player_choice":"Card Removal","floor":10,"damage_taken":0},{"event_name":"Upgrade Shrine","player_choice":"Upgraded","floor":13,"damage_taken":0},{"event_name":"Transmorgrifier","player_choice":"Transform","floor":21,"damage_taken":0},{"event_name":"Beggar","player_choice":"Ignored","floor":22,"damage_taken":0},{"event_name":"Vampires","player_choice":"Became a vampire","floor":24,"damage_taken":0},{"event_name":"Forgotten Altar","player_choice":"Shed Blood","floor":27,"damage_taken":0}],"boss_relics":[{"not_picked":["Tiny House","Snecko Eye"],"picked":"Orrery"}],"potions_floor_spawned":[1,7,12,20,23,25],"seed_played":"-8577395090670036591","killed_by":"Snake Plant","ascension_level":0,"is_trial":false}