{"path_per_floor":["M","?","M","M","?","E","$","M","T","R","$","?","M","M","R","B",null,"M","?","M","$","M","R","E","R","T","R","M","M","R","M","R","B",null,"M","?","?","?","M","R","E","R","T","M","M","$","M","M","R"],"character_chosen":"THE_SILENT","items_purchased":["Noxious Fumes","Poisoned Stab","Deflect","Footwork","Orichalcum","Mummified Hand","Noxious Fumes"],"gold_per_floor":[114,114,131,145,145,179,47,60,110,110,40,5,23,42,42,137,137,154,254,272,128,148,148,178,178,178,178,192,204,204,219,219,314,314,334,334,334,386,396,396,425,425,448,461,471,78,90,102,102],"floor_reached":50,"campfire_rested":6,"playtime":5436,"current_hp_per_floor":[34,27,27,27,13,1,1,1,1,22,22,39,39,30,51,45,70,58,58,51,51,49,49,26,47,47,47,41,31,31,28,49,14,70,63,63,63,41,40,40,1,22,22,13,7,7,7,21,42],"items_purged":["Injury"],"gold":102,"play_id":"95bc34ce-dcc6-43ef-953f-107a0a5e67a8","is_prod":false,"is_daily":false,"is_ascension_mode":false,"campfire_upgraded":1,"path_taken":["M","?","?","M","?","E","$","M","T","R","$","?","M","?","R","BOSS","M","?","M","?","M","R","E","R","T","R","?","M","R","M","R","BOSS","M","?","?","?","?","R","E","R","T","M","M","$","M","M","R","BOSS"],"build_version":"2018-01-25-PROD3","purchased_purges":2,"victory":false,"master_deck":["Defend_G+1","Defend_G","Defend_G","Defend_G","Strike_G+1","Strike_G+1","Survivor","Neutralize+1","Adrenaline+1","Poisoned Stab","Infinite Blades","Envenom+1","Adrenaline","Noxious Fumes+1","Poisoned Stab","Deflect","Prepared","Footwork","Deadly Poison","Tools of the Trade","Quick Slash+1","Deadly Poison+1","Dash+1","Backflip+1","Calculated Gamble+1","Distraction","Escape Plan+1","Burst+1","Escape Plan+1","Noxious Fumes","Escape Plan+1","Noxious Fumes"],"max_hp_per_floor":[70,70,70,70,70,70,70,70,70,70,70,70,70,70,70,70,70,70,70,70,70,70,70,70,70,70,70,70,70,70,70,70,70,70,70,70,70,70,70,70,70,70,70,70,70,70,70,70,70],"relics":["Ring of the Snake","Whetstone","Snake Skull","Astrolabe","Orichalcum","War Paint","Girya","White Beast Statue","Frozen Eye","Toxic Egg","Juzu Bracelet","Mummified Hand"],"card_choices":[{"not_picked":["Phantasmal Killer","Venomology"],"picked":"Adrenaline"},{"not_picked":["Deflect","Finisher"],"picked":"Poisoned Stab"},{"not_picked":["Quick Slash","PiercingWail"],"picked":"Infinite Blades"},{"not_picked":["Prepared","Outmaneuver"],"picked":"Envenom"},{"not_picked":["Prepared","Quick Slash"],"picked":"Adrenaline"},{"not_picked":["Outmaneuver","Riddle With Holes"],"picked":"Prepared"},{"not_picked":["Sucker Punch","Dagger Throw"],"picked":"Deadly Poison"},{"not_picked":["After Image","Unload"],"picked":"Tools of the Trade"},{"not_picked":["Dodge and Roll","Distraction"],"picked":"Backflip"},{"not_picked":["Backflip","Terror"],"picked":"Calculated Gamble"},{"not_picked":["Outmaneuver","Doppelganger"],"picked":"Distraction"},{"not_picked":["Flying Knee","Deflect"],"picked":"Escape Plan"},{"not_picked":["Wraith Form","Night Terror"],"picked":"Burst"},{"not_picked":["Dagger Throw","Quick Slash"],"picked":"Escape Plan"},{"not_picked":["Quick Slash","Deadly Poison"],"picked":"Noxious Fumes"},{"not_picked":["Dagger Spray","Flying Knee"],"picked":"Escape Plan"}],"player_experience":42272,"potions_floor_usage":[6,24,24,35,38,41,44,44,48,50,50,50],"damage_taken":[{"damage":1,"enemies":"Cultist","floor":1,"turns":4},{"damage":0,"enemies":"2 Louse","floor":3,"turns":3},{"damage":0,"enemies":"Blue Slaver","floor":4,"turns":4},{"damage":27,"enemies":"3 Sentries","floor":6,"turns":11},{"damage":0,"enemies":"Large Slime","floor":8,"turns":5},{"damage":0,"enemies":"2 Fungi Beasts","floor":13,"turns":3},{"damage":9,"enemies":"Exordium Wildlife","floor":14,"turns":4},{"damage":6,"enemies":"The Guardian","floor":16,"turns":7},{"damage":12,"enemies":"Shell Parasite","floor":18,"turns":4},{"damage":7,"enemies":"3 Byrds","floor":20,"turns":4},{"damage":2,"enemies":"Centurion and Healer","floor":22,"turns":6},{"damage":23,"enemies":"Slavers","floor":24,"turns":6},{"damage":6,"enemies":"Snecko","floor":28,"turns":5},{"damage":10,"enemies":"Sentry and Sphere","floor":29,"turns":4},{"damage":3,"enemies":"3 Cultists","floor":31,"turns":4},{"damage":35,"enemies":"Collector","floor":33,"turns":7},{"damage":7,"enemies":"Orb Walker","floor":35,"turns":5},{"damage":22,"enemies":"Mysterious Sphere","floor":38,"turns":6},{"damage":1,"enemies":"3 Shapes","floor":39,"turns":5},{"damage":39,"enemies":"Nemesis","floor":41,"turns":7},{"damage":9,"enemies":"Sphere and 2 Shapes","floor":44,"turns":5},{"damage":6,"enemies":"3 Darklings","floor":45,"turns":6},{"damage":0,"enemies":"Maw","floor":47,"turns":6},{"damage":1,"enemies":"4 Shapes","floor":48,"turns":5},{"damage":58,"enemies":"Awakened One","floor":50,"turns":10}],"event_choices":[{"event_name":"Golden Wing","player_choice":"Card Removal","floor":2,"damage_taken":0},{"event_name":"Shining Light","player_choice":"Entered Light","floor":5,"damage_taken":0},{"event_name":"The Cleric","player_choice":"Healed","floor":12,"damage_taken":0},{"event_name":"Golden Shrine","player_choice":"Pray","floor":19,"damage_taken":0},{"event_name":"Tomb of Lord Red Mask","player_choice":"Ignored","floor":36,"damage_taken":0},{"event_name":"Accursed Blacksmith","player_choice":"Forge","floor":37,"damage_taken":0},{"event_name":"Mysterious Sphere","player_choice":"Fight","floor":38,"damage_taken":0}],"boss_relics":[{"not_picked":["Question Card","The Specimen"],"picked":"Astrolabe"},{"not_picked":["Philosopher\u0027s Stone","Orrery"],"picked":"White Beast Statue"}],"potions_floor_spawned":[3,6,16,18,22,29,33,35,38,39,41,44,45,47,48],"seed_played":"-2554118638200355691","killed_by":"Awakened One","ascension_level":0,"is_trial":false}