{"path_per_floor":["M","?","M","?","$","R","M","M","T","M","M","?","T","M","R","B",null,"M","$","M","M","?"],"character_chosen":"THE_SILENT","items_purchased":["Matryoshka","Backflip","Noxious Fumes","Poisoned Stab","Regen Potion"],"gold_per_floor":[115,115,126,301,10,10,26,46,46,63,82,82,109,129,129,224,254,270,18,32,42,42],"floor_reached":23,"campfire_rested":1,"playtime":2109,"current_hp_per_floor":[68,54,54,54,54,54,54,44,44,33,26,26,26,33,54,42,75,37,37,25,17,17],"items_purged":["Strike_G"],"gold":42,"play_id":"093b952b-8ace-4164-9004-4d3326bb98ee","is_prod":false,"is_daily":false,"is_ascension_mode":false,"campfire_upgraded":1,"path_taken":["M","?","M","?","?","R","M","?","T","?","?","?","?","M","R","BOSS","M","$","M","M","?","E"],"build_version":"2018-01-25-PROD3","purchased_purges":1,"victory":false,"master_deck":["Defend_G","Defend_G","Defend_G+1","Defend_G+1","Defend_G","Strike_G","Strike_G","Strike_G+1","Strike_G","Survivor","Neutralize+1","Doppelganger+1","Noxious Fumes+1","Doubt","Backflip","Poisoned Stab","Poisoned Stab","Tools of the Trade","Well Laid Plans","Noxious Fumes","Poisoned Stab","PiercingWail+1"],"max_hp_per_floor":[70,70,70,70,70,70,70,70,70,70,70,70,70,70,70,70,75,75,75,75,75,75],"relics":["Ring of the Snake","Matryoshka","Omamori","Toxic Egg","Du-Vu Doll","Whetstone","Oddly Smooth Stone","Tiny House"],"card_choices":[{"not_picked":["Slice","Deflect"],"picked":"Noxious Fumes"},{"not_picked":["Deadly Poison","Prepared"],"picked":"Poisoned Stab"},{"not_picked":["Prepared","Blade Dance"],"picked":"Poisoned Stab"},{"not_picked":["Glass Knife","Phantasmal Killer"],"picked":"Tools of the Trade"},{"not_picked":["Backflip","Crippling Poison"],"picked":"Well Laid Plans"},{"not_picked":["Dagger Throw","Quick Slash"],"picked":"PiercingWail"}],"player_experience":63653,"potions_floor_usage":[14,20,21,21,23],"damage_taken":[{"damage":2,"enemies":"Blue Slaver","floor":1,"turns":5},{"damage":0,"enemies":"Small Slimes","floor":3,"turns":5},{"damage":0,"enemies":"Jaw Worm","floor":7,"turns":5},{"damage":10,"enemies":"2 Fungi Beasts","floor":8,"turns":5},{"damage":11,"enemies":"Large Slime","floor":10,"turns":8},{"damage":7,"enemies":"Exordium Wildlife","floor":11,"turns":5},{"damage":5,"enemies":"Lots of Slimes","floor":14,"turns":4},{"damage":12,"enemies":"Hexaghost","floor":16,"turns":11},{"damage":38,"enemies":"Chosen","floor":18,"turns":5},{"damage":12,"enemies":"3 Byrds","floor":20,"turns":6},{"damage":23,"enemies":"Slaver and Parasite","floor":21,"turns":9},{"damage":18,"enemies":"Slavers","floor":23,"turns":4}],"event_choices":[{"event_name":"Shining Light","player_choice":"Entered Light","floor":2,"damage_taken":0},{"event_name":"Liars Game","player_choice":"agreed","floor":4,"damage_taken":0},{"event_name":"Wheel of Change","player_choice":"Relic","floor":12,"damage_taken":0},{"event_name":"Addict","player_choice":"Ignored","floor":22,"damage_taken":0}],"boss_relics":[{"not_picked":["Philosopher\u0027s Stone","Runic Dome"],"picked":"Tiny House"}],"potions_floor_spawned":[1,7,8,11,16,20],"seed_played":"8595365661758334224","killed_by":"Slavers","ascension_level":0,"is_trial":false}