{"path_per_floor":["M","?","T","M","M","R","E","M","T","R","$","?","$","M","R","B",null,"M","?","M","?","$","R","$","M","T","M","M","R","M","M","R","B",null,"M","?","?","M"],"character_chosen":"THE_SILENT","items_purchased":["Transmutation","Terror"],"gold_per_floor":[114,114,114,134,152,152,181,192,192,192,4,4,4,14,14,112,112,123,123,136,136,63,63,63,81,81,94,106,106,126,144,144,248,248,268,268,268,282],"floor_reached":39,"campfire_rested":0,"playtime":3190,"current_hp_per_floor":[63,63,63,62,54,54,33,26,36,36,36,36,36,35,35,1,73,63,63,58,51,51,51,51,17,17,50,38,38,38,39,39,22,51,16,16,41,4],"items_purged":[],"gold":282,"play_id":"580aa7ba-e0ce-436d-b52a-679801a5050c","is_prod":false,"is_daily":false,"is_ascension_mode":false,"campfire_upgraded":3,"path_taken":["M","?","?","M","?","R","E","M","T","R","$","?","$","M","R","BOSS","M","?","?","?","$","R","$","M","T","M","?","R","?","M","R","BOSS","M","?","?","?","?"],"build_version":"2018-02-01-PROD3","purchased_purges":0,"victory":false,"master_deck":["Defend_G","Defend_G","Survivor","Neutralize+1","Outmaneuver+1","Distraction+1","Masterful Stab","Transmutation+1","Infinite Blades","Envenom","Dagger Spray+1","Bite","Bite","Bite","Bite","Bite","Terror","Escape Plan","Clumsy","A Thousand Cuts","Unload+1","Wraith Form+1","Riddle With Holes+1","Backflip+1"],"max_hp_per_floor":[63,63,63,63,63,63,63,63,73,73,73,73,73,73,73,73,73,73,73,73,51,51,51,51,51,51,51,51,51,51,51,51,51,51,51,51,41,41],"relics":["Ring of the Snake","Girya","Ice Cream","Bottled Lightning","Pear","Cursed Key","Frozen Eye","Astrolabe"],"card_choices":[{"not_picked":["Dagger Throw","Blade Dance"],"picked":"Outmaneuver"},{"not_picked":["Bouncing Flask","Dagger Throw"],"picked":"Distraction"},{"not_picked":["Bouncing Flask","Tools of the Trade"],"picked":"Masterful Stab"},{"not_picked":["Slice","Deadly Poison"],"picked":"Infinite Blades"},{"not_picked":["Burst","Doppelganger"],"picked":"Envenom"},{"not_picked":["Blur","Slice"],"picked":"Dagger Spray"},{"not_picked":["Poisoned Stab","Sucker Punch"],"picked":"Escape Plan"},{"not_picked":["Corpse Explosion","After Image"],"picked":"A Thousand Cuts"},{"not_picked":["Distraction","Leg Sweep"],"picked":"Backflip"}],"player_experience":124633,"potions_floor_usage":[18,30,31,33,35,39],"damage_taken":[{"damage":0,"enemies":"2 Louse","floor":1,"turns":3},{"damage":1,"enemies":"Cultist","floor":4,"turns":5},{"damage":8,"enemies":"Blue Slaver","floor":5,"turns":4},{"damage":21,"enemies":"Lagavulin","floor":7,"turns":10},{"damage":7,"enemies":"Looter","floor":8,"turns":4},{"damage":1,"enemies":"Exordium Wildlife","floor":14,"turns":3},{"damage":34,"enemies":"The Guardian","floor":16,"turns":13},{"damage":18,"enemies":"Spheric Guardian","floor":18,"turns":5},{"damage":5,"enemies":"3 Byrds","floor":20,"turns":4},{"damage":42,"enemies":"Sentry and Sphere","floor":25,"turns":6},{"damage":9,"enemies":"Centurion and Healer","floor":27,"turns":18},{"damage":16,"enemies":"Snake Plant","floor":28,"turns":3},{"damage":16,"enemies":"Slaver and Parasite","floor":30,"turns":5},{"damage":7,"enemies":"Snecko","floor":31,"turns":5},{"damage":39,"enemies":"Collector","floor":33,"turns":8},{"damage":49,"enemies":"3 Darklings","floor":35,"turns":4},{"damage":41,"enemies":"3 Shapes","floor":38,"turns":4},{"damage":16,"enemies":"Sphere and 2 Shapes","floor":39,"turns":1}],"event_choices":[{"event_name":"Living Wall","player_choice":"Grow","floor":2,"damage_taken":0},{"event_name":"The Cleric","player_choice":"Leave","floor":12,"damage_taken":0},{"event_name":"Beggar","player_choice":"Ignored","floor":19,"damage_taken":0},{"event_name":"Vampires","player_choice":"Became a vampire","floor":21,"damage_taken":0},{"event_name":"Mysterious Sphere","player_choice":"Ignore","floor":36,"damage_taken":0},{"event_name":"The Moai Head","player_choice":"Heal","floor":37,"damage_taken":0}],"boss_relics":[{"not_picked":["Tiny House","Sozu"],"picked":"Cursed Key"},{"not_picked":["Runic Dome","Orrery"],"picked":"Astrolabe"}],"potions_floor_spawned":[1,16,25,27,28,30,33,38],"seed_played":"5700422549835590959","killed_by":"Sphere and 2 Shapes","ascension_level":0,"is_trial":false}