{"path_per_floor":["M","?","M","?","$","R","M","R","T","M","M","$","M","M","R","B",null,"M","?","?","M"],"character_chosen":"THE_SILENT","items_purchased":["Accuracy","Oddly Smooth Stone","Bouncing Flask"],"gold_per_floor":[116,116,128,303,2,2,19,19,19,30,50,14,27,40,40,136,136,150,130,130,145],"floor_reached":22,"campfire_rested":0,"playtime":1294,"current_hp_per_floor":[70,70,69,69,69,69,69,69,69,69,68,68,68,64,64,44,70,43,43,27,27],"items_purged":["Doubt"],"gold":145,"score":178,"play_id":"f8336af8-3137-454f-a80d-8c5fa4f7f519","is_prod":false,"is_daily":false,"is_ascension_mode":false,"campfire_upgraded":3,"path_taken":["M","?","M","?","?","R","M","R","T","M","M","$","M","M","R","BOSS","M","?","?","M","M"],"build_version":"2018-02-08-PROD1","purchased_purges":1,"victory":false,"master_deck":["Defend_G","Defend_G","Defend_G","Defend_G","Defend_G","Strike_G","Strike_G","Strike_G","Strike_G","Strike_G","Survivor","Neutralize+1","Escape Plan","Flying Knee","Accuracy+1","Acrobatics+1","Storm of Steel+1","Bouncing Flask","Acrobatics","Blade Dance","Tools of the Trade","Underhanded Strike","Noxious Fumes+1"],"max_hp_per_floor":[70,70,70,70,70,70,70,70,70,70,70,70,70,70,70,70,70,70,70,70,70],"relics":["Ring of the Snake","Ancient Tea Set","Oddly Smooth Stone","Toolbox","Eternal Feather","Enchiridion"],"card_choices":[{"not_picked":["Dodge and Roll","Underhanded Strike"],"picked":"Escape Plan"},{"not_picked":["Finisher","Outmaneuver"],"picked":"Flying Knee"},{"not_picked":["PiercingWail","Deadly Poison"],"picked":"Acrobatics"},{"not_picked":["Dagger Spray","Flying Knee"],"picked":"Storm of Steel"},{"not_picked":["PiercingWail","Slice"],"picked":"Acrobatics"},{"not_picked":["Outmaneuver","Poisoned Stab"],"picked":"Blade Dance"},{"not_picked":["Bullet Time","Doppelganger"],"picked":"Tools of the Trade"},{"not_picked":["All Out Attack","Dodge and Roll"],"picked":"Underhanded Strike"},{"not_picked":["Leg Sweep","Expertise"],"picked":"Noxious Fumes"}],"player_experience":169035,"potions_floor_usage":[16,18,21,21],"damage_taken":[{"damage":0,"enemies":"Jaw Worm","floor":1,"turns":6},{"damage":1,"enemies":"2 Louse","floor":3,"turns":4},{"damage":0,"enemies":"Cultist","floor":7,"turns":3},{"damage":0,"enemies":"3 Louse","floor":10,"turns":4},{"damage":2,"enemies":"Exordium Wildlife","floor":11,"turns":4},{"damage":0,"enemies":"2 Fungi Beasts","floor":13,"turns":3},{"damage":4,"enemies":"Exordium Thugs","floor":14,"turns":5},{"damage":20,"enemies":"Slime Boss","floor":16,"turns":9},{"damage":27,"enemies":"2 Thieves","floor":18,"turns":4},{"damage":0,"enemies":"Spheric Guardian","floor":21,"turns":1},{"damage":50,"enemies":"Cultist and Chosen","floor":22,"turns":5}],"event_choices":[{"event_name":"Living Wall","player_choice":"Grow","floor":2,"damage_taken":0},{"event_name":"Liars Game","player_choice":"agreed","floor":4,"damage_taken":0},{"event_name":"The Woman in Blue","player_choice":"Bought 1 Potion","floor":19,"damage_taken":0},{"event_name":"Cursed Tome","player_choice":"Obtained Book","floor":20,"damage_taken":0}],"boss_relics":[{"not_picked":["Snecko Eye","White Beast Statue"],"picked":"Eternal Feather"}],"potions_floor_spawned":[3,7,14],"seed_played":"-8284378017443602621","killed_by":"Cultist and Chosen","ascension_level":0,"is_trial":false}