{"path_per_floor":["M","?","M","M","$","E","?","R","T","T","R","M","E","?","R","B",null,"M","?","M","M","M","E","$","R","T","$","$","M","?","M","R","B",null,"M","?","M","$","?","E","?"],"character_chosen":"THE_SILENT","items_purchased":["Bouncing Flask","Poison Potion","Regen Potion","Blur","Madness","Jack Of All Trades","Mummified Hand","Apotheosis","Ancient Potion"],"gold_per_floor":[113,113,138,154,7,43,43,43,97,97,97,111,150,223,223,348,348,364,364,389,402,418,459,133,133,133,44,44,69,169,185,185,311,311,332,665,681,53,53,85,85],"floor_reached":42,"campfire_rested":2,"playtime":2147,"current_hp_per_floor":[70,70,69,67,67,43,36,36,36,36,36,36,46,30,30,30,70,70,70,70,69,66,3,3,24,24,24,24,32,32,20,41,1,70,65,65,29,29,46,25,25],"items_purged":["Injury","Strike_G","Parasite"],"gold":85,"score":505,"play_id":"31e7d8df-7961-4646-a0d7-5d3cc08bae6f","is_prod":false,"is_daily":false,"is_ascension_mode":false,"campfire_upgraded":3,"path_taken":["M","?","M","?","$","E","?","R","T","?","R","M","E","?","R","BOSS","M","?","M","M","M","E","$","R","T","?","$","M","?","M","R","BOSS","M","?","M","$","?","E","?","M"],"build_version":"2018-02-08-PROD1","purchased_purges":3,"victory":false,"master_deck":["Defend_G","Defend_G","Defend_G","Defend_G","Defend_G","Strike_G","Strike_G","Survivor","Neutralize","Deadly Poison","Backflip","Deadly Poison","Bouncing Flask+1","Crippling Poison+1","Doppelganger+1","Malaise","Backflip","Adrenaline","Deadly Poison","Prepared+1","Outmaneuver","Noxious Fumes","Blur","Madness","Catalyst+1","Jack Of All Trades","Deadly Poison","Deadly Poison","Doppelganger","Apotheosis","Writhe"],"max_hp_per_floor":[70,70,70,70,70,70,70,70,70,70,70,70,70,70,70,70,70,70,70,70,70,70,70,70,70,70,70,70,70,70,70,70,70,70,70,70,70,67,67,67,67],"relics":["Ring of the Snake","Ancient Tea Set","Orichalcum","Prayer Wheel","Art of War","Bronze Scales","Vajra","Cursed Key","Toolbox","Blue Candle","Eternal Feather","Mummified Hand","Juzu Bracelet"],"card_choices":[{"not_picked":["Catalyst","Poisoned Stab"],"picked":"Deadly Poison"},{"not_picked":["Skewer","Calculated Gamble"],"picked":"Backflip"},{"not_picked":["Deflect","Blur"],"picked":"Deadly Poison"},{"not_picked":["Blade Dance","Blur"],"picked":"Crippling Poison"},{"not_picked":["Deflect","Infinite Blades"],"picked":"Doppelganger"},{"not_picked":["Escape Plan","Skewer"],"picked":"Malaise"},{"not_picked":["Night Terror","Infinite Blades"],"picked":"Backflip"},{"not_picked":["Wraith Form","Storm of Steel"],"picked":"Adrenaline"},{"not_picked":["Acrobatics","Cloak And Dagger"],"picked":"Prepared"},{"not_picked":["Reflex","Blade Dance"],"picked":"Outmaneuver"},{"not_picked":["Flying Knee","Dodge and Roll"],"picked":"Noxious Fumes"},{"not_picked":["Dash","Deadly Poison"],"picked":"Catalyst"},{"not_picked":["Sucker Punch","Dagger Spray"],"picked":"Deadly Poison"},{"not_picked":["Dagger Spray","Infinite Blades"],"picked":"Deadly Poison"},{"not_picked":["Night Terror","Phantasmal Killer"],"picked":"Doppelganger"}],"player_experience":185643,"potions_floor_usage":[13,13,21,29,29,33,37,40],"damage_taken":[{"damage":0,"enemies":"Jaw Worm","floor":1,"turns":3},{"damage":1,"enemies":"Cultist","floor":3,"turns":4},{"damage":2,"enemies":"Blue Slaver","floor":4,"turns":6},{"damage":24,"enemies":"Gremlin Nob","floor":6,"turns":5},{"damage":0,"enemies":"Looter","floor":12,"turns":3},{"damage":5,"enemies":"3 Sentries","floor":13,"turns":9},{"damage":16,"enemies":"Gremlin Nob","floor":14,"turns":5},{"damage":0,"enemies":"Hexaghost","floor":16,"turns":7},{"damage":0,"enemies":"Chosen","floor":18,"turns":5},{"damage":0,"enemies":"3 Byrds","floor":20,"turns":3},{"damage":1,"enemies":"Snecko","floor":21,"turns":4},{"damage":3,"enemies":"Sentry and Sphere","floor":22,"turns":5},{"damage":63,"enemies":"Gremlin Leader","floor":23,"turns":7},{"damage":1,"enemies":"Chosen and Byrds","floor":29,"turns":3},{"damage":12,"enemies":"Cultist and Chosen","floor":31,"turns":6},{"damage":40,"enemies":"Collector","floor":33,"turns":7},{"damage":5,"enemies":"Orb Walker","floor":35,"turns":2},{"damage":36,"enemies":"3 Darklings","floor":37,"turns":6},{"damage":21,"enemies":"2 Orb Walkers","floor":40,"turns":5},{"damage":29,"enemies":"Sphere and 2 Shapes","floor":42,"turns":4}],"event_choices":[{"event_name":"Golden Idol","player_choice":"Take Wound","floor":2,"damage_taken":0},{"event_name":"Golden Wing","player_choice":"Card Removal","floor":7,"damage_taken":0},{"event_name":"Dead Adventurer","player_choice":"Searched \u00273\u0027 times","floor":14,"damage_taken":0},{"event_name":"The Library","player_choice":"Read","floor":19,"damage_taken":0},{"event_name":"Golden Shrine","player_choice":"Pray","floor":30,"damage_taken":0},{"event_name":"The Moai Head","player_choice":"Gave Idol","floor":36,"damage_taken":0},{"event_name":"Winding Halls","player_choice":"Writhe","floor":39,"damage_taken":0}],"boss_relics":[{"not_picked":["Calling Bell","Orrery"],"picked":"Cursed Key"},{"not_picked":["Runic Dome","Sozu"],"picked":"Eternal Feather"}],"potions_floor_spawned":[3,6,12,16,20,23,29,33,35],"seed_played":"-8527635989067230473","killed_by":"Sphere and 2 Shapes","ascension_level":0,"is_trial":false}