{"path_per_floor":["M","?","M","M","?","R","M","M","T","M","?","$","?","$","R","B",null,"M","?","$","?","M","E","?","R","T","R","M","R","M","M","R","B",null,"M","?","?","M","?","R","M","$","T","M","R","M","M","E","R"],"character_chosen":"THE_SILENT","items_purchased":["Frozen Egg 2","Regen Potion","Lantern","Footwork","Regen Potion","Regen Potion","Secret Technique"],"gold_per_floor":[216,176,192,204,204,204,223,237,286,309,380,79,154,2,2,130,130,151,151,35,35,47,72,72,72,127,127,137,137,147,161,161,256,256,273,273,273,290,342,342,361,54,54,72,72,90,106,140,140],"floor_reached":50,"campfire_rested":3,"playtime":3271,"current_hp_per_floor":[64,64,64,64,47,47,30,26,26,24,39,39,28,28,49,31,70,61,61,61,61,58,77,77,77,77,77,77,77,76,77,77,72,77,77,67,67,60,17,40,25,25,25,30,53,71,75,51,51],"items_purged":["Strike_G"],"gold":140,"score":534,"play_id":"921dcb20-ef91-46a5-82bf-8a17d2550701","is_prod":false,"is_daily":false,"is_ascension_mode":false,"campfire_upgraded":6,"path_taken":["M","?","?","M","?","R","?","M","T","M","?","?","?","$","R","BOSS","M","?","$","?","M","E","?","R","T","R","?","R","M","M","R","BOSS","M","?","?","?","?","R","M","$","T","M","R","M","M","E","R","BOSS"],"build_version":"2018-02-12-PROD1","purchased_purges":1,"victory":false,"master_deck":["Defend_G","Defend_G","Defend_G","Defend_G","Defend_G","Strike_G","Strike_G","Strike_G","Survivor","Neutralize+1","Blur+1","Acrobatics","Bouncing Flask+1","Noxious Fumes+1","Backflip","Footwork+1","Crippling Poison+1","Tools of the Trade+1","Dodge and Roll","Footwork+1","Escape Plan+1","Leg Sweep+1","Burst","Noxious Fumes+1","Deadly Poison+1","Dodge and Roll+1","Footwork+1","Bouncing Flask","Well Laid Plans+1","Madness","Madness","Deadly Poison+1","Secret Technique","Concentrate+1","Adrenaline+1"],"max_hp_per_floor":[70,70,70,70,70,70,70,70,70,70,70,70,70,70,70,70,70,70,70,70,70,70,77,77,77,77,77,77,77,77,77,77,77,77,77,77,77,77,77,77,77,77,77,77,77,77,77,77,77],"relics":["Ring of the Snake","Bloody Idol","Bag of Preparation","Frozen Eye","Frozen Egg 2","Lantern","The Specimen","Strawberry","Prayer Wheel","Orrery","Thread and Needle","Torii","Snake Skull"],"card_choices":[{"not_picked":["Quick Slash","Dagger Spray"],"picked":"Blur"},{"not_picked":["Slice","All Out Attack"],"picked":"Acrobatics"},{"not_picked":["Acrobatics","Prepared"],"picked":"Bouncing Flask"},{"not_picked":["Blur","Prepared"],"picked":"Noxious Fumes"},{"not_picked":["PiercingWail","Outmaneuver"],"picked":"Backflip"},{"not_picked":["Infinite Blades","Dash"],"picked":"Footwork"},{"not_picked":["Predator","PiercingWail"],"picked":"Crippling Poison"},{"not_picked":["Venomology","Doppelganger"],"picked":"Tools of the Trade"},{"not_picked":["Slice","Flechettes"],"picked":"Dodge and Roll"},{"not_picked":["Deadly Poison","Cloak And Dagger"],"picked":"Escape Plan"},{"not_picked":["Underhanded Strike","Choke"],"picked":"Leg Sweep"},{"not_picked":["Dagger Throw","Deflect"],"picked":"Burst"},{"not_picked":["Outmaneuver","Deflect"],"picked":"Noxious Fumes"},{"not_picked":["Quick Slash","Calculated Gamble"],"picked":"Deadly Poison"},{"not_picked":["Deadly Poison","Dagger Spray"],"picked":"Dodge and Roll"},{"not_picked":["Underhanded Strike","Sucker Punch"],"picked":"Footwork"},{"not_picked":["Poisoned Stab","Dodge and Roll"],"picked":"Bouncing Flask"},{"not_picked":["PiercingWail","Deadly Poison"],"picked":"Well Laid Plans"},{"not_picked":["Dagger Throw","Dash"],"picked":"Deadly Poison"},{"not_picked":["Prepared","Endless Agony"],"picked":"Concentrate"},{"not_picked":["Well Laid Plans","Acrobatics"],"picked":"Adrenaline"}],"player_experience":190168,"potions_floor_usage":[7,11,11,16,23,23,30,39,46,46,48,48,50],"damage_taken":[{"damage":6,"enemies":"Jaw Worm","floor":1,"turns":5},{"damage":0,"enemies":"Blue Slaver","floor":3,"turns":7},{"damage":0,"enemies":"2 Louse","floor":4,"turns":2},{"damage":17,"enemies":"Gremlin Gang","floor":7,"turns":4},{"damage":4,"enemies":"Looter","floor":8,"turns":5},{"damage":2,"enemies":"Large Slime","floor":10,"turns":6},{"damage":0,"enemies":"Gremlin Nob","floor":11,"turns":5},{"damage":33,"enemies":"The Guardian","floor":16,"turns":8},{"damage":9,"enemies":"Shell Parasite","floor":18,"turns":6},{"damage":8,"enemies":"3 Byrds","floor":22,"turns":6},{"damage":6,"enemies":"Book of Stabbing","floor":23,"turns":9},{"damage":0,"enemies":"Centurion and Healer","floor":28,"turns":10},{"damage":6,"enemies":"Chosen and Byrds","floor":30,"turns":6},{"damage":3,"enemies":"3 Cultists","floor":31,"turns":7},{"damage":10,"enemies":"Automaton","floor":33,"turns":8},{"damage":0,"enemies":"3 Shapes","floor":35,"turns":5},{"damage":12,"enemies":"3 Darklings","floor":38,"turns":6},{"damage":48,"enemies":"Mysterious Sphere","floor":39,"turns":7},{"damage":20,"enemies":"Sphere and 2 Shapes","floor":41,"turns":5},{"damage":0,"enemies":"Maw","floor":44,"turns":8},{"damage":2,"enemies":"3 Darklings","floor":46,"turns":17},{"damage":1,"enemies":"Sphere and 2 Shapes","floor":47,"turns":6},{"damage":29,"enemies":"2 Orb Walkers","floor":48,"turns":8},{"damage":66,"enemies":"Awakened One","floor":50,"turns":4}],"event_choices":[{"event_name":"The Woman in Blue","player_choice":"Bought 3 Potions","floor":2,"damage_taken":0},{"event_name":"Golden Idol","player_choice":"Take Damage","floor":5,"damage_taken":0},{"event_name":"Dead Adventurer","player_choice":"Searched \u00271\u0027 times","floor":11,"damage_taken":0},{"event_name":"World of Goop","player_choice":"Gather Gold","floor":13,"damage_taken":0},{"event_name":"Upgrade Shrine","player_choice":"Upgraded","floor":19,"damage_taken":0},{"event_name":"Forgotten Altar","player_choice":"Gave Idol","floor":21,"damage_taken":0},{"event_name":"Drug Dealer","player_choice":"Ignored","floor":24,"damage_taken":0},{"event_name":"Winding Halls","player_choice":"Embrace Madness","floor":36,"damage_taken":0},{"event_name":"Mysterious Sphere","player_choice":"Fight","floor":39,"damage_taken":0}],"boss_relics":[{"not_picked":["Tiny House","Philosopher\u0027s Stone"],"picked":"The Specimen"},{"not_picked":["Snecko Eye","Calling Bell"],"picked":"Orrery"}],"potions_floor_spawned":[3,4,10,11,22,23,31,38,47,48],"seed_played":"-585003289748185380","killed_by":"Awakened One","ascension_level":0,"is_trial":false}