{"path_per_floor":["M","M","?","M","?","R","$","R","T","M","M","M","R","T","R","B",null,"M","$","?","?","M","M","?","M","T","M","M","R","$"],"character_chosen":"THE_SILENT","items_purchased":["Well Laid Plans","Prepared","Caltrops","Mercury Hourglass","A Thousand Cuts"],"gold_per_floor":[119,133,133,151,226,226,110,110,161,180,196,207,207,207,207,312,312,330,11,11,11,23,39,39,56,135,155,170,170,25],"floor_reached":31,"campfire_rested":1,"playtime":1893,"current_hp_per_floor":[70,70,63,63,52,52,52,52,52,43,33,23,23,23,59,51,70,68,68,68,68,63,42,42,47,47,31,11,11,11],"items_purged":[],"gold":25,"score":255,"play_id":"453c0621-1a63-4f08-b601-fff984f9fdf9","is_prod":false,"is_daily":false,"is_ascension_mode":false,"campfire_upgraded":4,"path_taken":["M","M","?","?","?","R","$","R","T","M","M","M","R","?","R","BOSS","M","$","?","?","M","M","?","M","T","?","M","R","?","M"],"build_version":"2018-02-08-PROD1","purchased_purges":1,"victory":false,"master_deck":["Defend_G","Defend_G","Defend_G","Defend_G","Defend_G","Survivor","Neutralize+1","Cloak And Dagger+1","Infinite Blades+1","Well Laid Plans","Prepared","Heel Hook","Blade Dance","Tactician","Prepared","Caltrops","Escape Plan","Blade Dance+1","Bite","Bite","Bite","Bite","Bite","Footwork+1","Infinite Blades+1","Distraction","A Thousand Cuts"],"max_hp_per_floor":[70,70,70,70,70,70,70,70,70,70,70,70,70,70,70,70,70,70,70,70,70,70,70,49,49,49,49,49,49,49],"relics":["Ring of the Snake","NeowsBlessing","Regal Pillow","Frozen Eye","Question Card","Mercury Hourglass","Ancient Tea Set","Tiny Chest"],"card_choices":[{"not_picked":["Backflip","Dodge and Roll"],"picked":"Cloak And Dagger"},{"not_picked":["Bane","Flechettes"],"picked":"Infinite Blades"},{"not_picked":["PiercingWail","Poisoned Stab"],"picked":"Heel Hook"},{"not_picked":["Distraction","Flechettes"],"picked":"Blade Dance"},{"not_picked":["Die Die Die","Glass Knife"],"picked":"Tactician"},{"not_picked":["Poisoned Stab","Deadly Poison","Deflect"],"picked":"Prepared"},{"not_picked":["PiercingWail","Cloak And Dagger","Bane"],"picked":"Escape Plan"},{"not_picked":["Blur","Noxious Fumes","Quick Slash"],"picked":"Blade Dance"},{"not_picked":["All Out Attack","Dagger Throw","Malaise"],"picked":"Footwork"},{"not_picked":["Leg Sweep","Cloak And Dagger","Sucker Punch"],"picked":"Infinite Blades"},{"not_picked":["Expertise","Dagger Throw","Calculated Gamble"],"picked":"Distraction"}],"player_experience":167142,"potions_floor_usage":[16,23,27,31,31],"damage_taken":[{"damage":0,"enemies":"Jaw Worm","floor":1,"turns":1},{"damage":0,"enemies":"Cultist","floor":2,"turns":1},{"damage":0,"enemies":"Blue Slaver","floor":4,"turns":1},{"damage":9,"enemies":"Large Slime","floor":10,"turns":7},{"damage":10,"enemies":"Exordium Thugs","floor":11,"turns":9},{"damage":10,"enemies":"Exordium Wildlife","floor":12,"turns":5},{"damage":8,"enemies":"The Guardian","floor":16,"turns":12},{"damage":2,"enemies":"Shell Parasite","floor":18,"turns":7},{"damage":5,"enemies":"3 Byrds","floor":22,"turns":3},{"damage":21,"enemies":"Snecko","floor":23,"turns":7},{"damage":11,"enemies":"Centurion and Healer","floor":25,"turns":7},{"damage":22,"enemies":"Snake Plant","floor":27,"turns":5},{"damage":24,"enemies":"3 Cultists","floor":28,"turns":5},{"damage":24,"enemies":"Cultist and Chosen","floor":31,"turns":4}],"event_choices":[{"event_name":"Golden Wing","player_choice":"Card Removal","floor":3,"damage_taken":0},{"event_name":"World of Goop","player_choice":"Gather Gold","floor":5,"damage_taken":0},{"event_name":"The Mausoleum","player_choice":"Yes","floor":20,"damage_taken":0},{"event_name":"Beggar","player_choice":"Ignored","floor":21,"damage_taken":0},{"event_name":"Vampires","player_choice":"Became a vampire","floor":24,"damage_taken":0}],"boss_relics":[{"not_picked":["White Beast Statue","Runic Dome"],"picked":"Question Card"}],"potions_floor_spawned":[2,10,11,12,16,22,23],"seed_played":"-7950109199771219813","killed_by":"Cultist and Chosen","ascension_level":0,"is_trial":false}