{"path_per_floor":["M","$","?","?","M","R","?","R","T","?","$","$","M","M","R","B",null,"M","M","M","?","$","E","M","R","T","M","R","?","$","M","R"],"character_chosen":"THE_SILENT","items_purchased":["Caltrops","Footwork","Noxious Fumes","Regen Potion","Caltrops"],"gold_per_floor":[114,33,33,108,126,126,126,126,126,126,46,46,60,78,78,179,179,191,206,218,218,20,52,71,71,71,81,81,81,1,11,11],"floor_reached":33,"campfire_rested":1,"playtime":1853,"current_hp_per_floor":[70,70,70,59,59,59,59,59,59,45,45,45,44,44,44,26,70,49,44,56,56,56,10,21,21,21,21,21,21,21,6,20],"items_purged":["Regret"],"gold":11,"play_id":"ba509f3c-8491-439b-b915-b98edc56530f","is_prod":false,"is_daily":false,"is_ascension_mode":false,"campfire_upgraded":5,"path_taken":["M","$","?","?","M","R","?","R","T","?","?","$","M","M","R","BOSS","M","M","?","?","$","E","M","R","T","M","R","?","$","M","R","BOSS"],"build_version":"2018-02-01-PROD3","purchased_purges":1,"victory":false,"master_deck":["Defend_G+1","Defend_G+1","Defend_G+1","Defend_G+1","Defend_G+1","Survivor","Neutralize+1","Slice+1","Caltrops+1","Footwork+1","Quick Slash","Acrobatics","Adrenaline+1","Terror+1","Infinite Blades","Noxious Fumes+1","Deflect+1","Heel Hook","Bite","Bite","Bite","Bite","Bite","Caltrops","Poisoned Stab+1"],"max_hp_per_floor":[70,70,70,70,70,70,70,70,70,70,70,70,70,70,70,70,70,70,70,70,70,70,70,70,70,70,70,70,49,49,49,49],"relics":["Ring of the Snake","Ninja Scroll","Bottled Lightning","Question Card","Lantern","Gambling Chip"],"card_choices":[{"not_picked":["Backflip","Underhanded Strike"],"picked":"Slice"},{"not_picked":["Dagger Throw","PiercingWail"],"picked":"Quick Slash"},{"not_picked":["Prepared","Bouncing Flask"],"picked":"Acrobatics"},{"not_picked":["Unload","Tools of the Trade"],"picked":"Adrenaline"},{"not_picked":["Dagger Spray","Underhanded Strike","Heel Hook"],"picked":"Terror"},{"not_picked":["Backflip","Blade Dance","Catalyst"],"picked":"Infinite Blades"},{"not_picked":["Dodge and Roll","Calculated Gamble","Acrobatics"],"picked":"Deflect"},{"not_picked":["Eviscerate","Sucker Punch","Acrobatics"],"picked":"Heel Hook"},{"not_picked":["Flying Knee","Deflect","Deadly Poison"],"picked":"Poisoned Stab"}],"player_experience":138401,"potions_floor_usage":[16,20,24,24,33,33,33],"damage_taken":[{"damage":0,"enemies":"Small Slimes","floor":1,"turns":3},{"damage":0,"enemies":"2 Louse","floor":5,"turns":1},{"damage":1,"enemies":"Jaw Worm","floor":13,"turns":3},{"damage":0,"enemies":"2 Fungi Beasts","floor":14,"turns":3},{"damage":33,"enemies":"The Guardian","floor":16,"turns":14},{"damage":21,"enemies":"2 Thieves","floor":18,"turns":5},{"damage":5,"enemies":"3 Byrds","floor":19,"turns":5},{"damage":3,"enemies":"Centurion and Healer","floor":20,"turns":12},{"damage":46,"enemies":"Slavers","floor":23,"turns":6},{"damage":1,"enemies":"Cultist and Chosen","floor":24,"turns":4},{"damage":0,"enemies":"Snecko","floor":27,"turns":3},{"damage":21,"enemies":"Chosen and Byrds","floor":31,"turns":4},{"damage":21,"enemies":"Automaton","floor":33,"turns":2}],"event_choices":[{"event_name":"Big Fish","player_choice":"Box","floor":3,"damage_taken":0},{"event_name":"World of Goop","player_choice":"Gather Gold","floor":4,"damage_taken":0},{"event_name":"The Lab","player_choice":"Got Potions","floor":7,"damage_taken":0},{"event_name":"Shining Light","player_choice":"Entered Light","floor":10,"damage_taken":0},{"event_name":"Back to Basics","player_choice":"Simplicity","floor":21,"damage_taken":0},{"event_name":"Vampires","player_choice":"Became a vampire","floor":29,"damage_taken":0}],"boss_relics":[{"not_picked":["Runic Pyramid","Philosopher\u0027s Stone"],"picked":"Question Card"}],"potions_floor_spawned":[13,16,19,24,27,31],"seed_played":"-4762334321975504409","killed_by":"Automaton","ascension_level":0,"is_trial":false}