{"path_per_floor":["M","?","$","M","M","R","E","$","T","R","M","?","R","$","R","B",null,"M","M","$","?","M","R","M","R","T","M","R","?","R","$","R","B",null,"M","M","?","?","M","R","?","M","T","R","M","M","R","?","R","B"],"character_chosen":"THE_SILENT","items_purchased":["Bird Faced Urn","Noxious Fumes","Blood Vial","Poisoned Stab"],"gold_per_floor":[365,315,21,31,51,51,83,44,44,44,60,122,122,47,47,148,148,164,184,39,39,58,58,75,75,75,90,90,90,90,41,41,138,138,153,163,163,163,179,179,179,192,267,267,284,295,295,347,347,347],"floor_reached":51,"campfire_rested":3,"playtime":2614,"current_hp_per_floor":[68,68,68,68,70,70,37,37,51,51,49,42,42,42,82,42,84,80,74,74,74,64,64,51,51,51,16,16,16,56,56,56,23,84,59,55,55,55,46,46,46,29,29,69,57,79,79,67,67,29],"items_purged":["Strike_G"],"gold":347,"score":521,"play_id":"9c86e72a-f19d-4a91-b87e-4cbd79bdbcb5","is_prod":false,"is_daily":false,"is_ascension_mode":false,"campfire_upgraded":9,"path_taken":["M","?","$","M","M","R","E","$","T","R","M","?","R","$","R","BOSS","M","M","$","?","M","R","?","R","T","M","R","?","R","$","R","BOSS","M","M","?","?","M","R","?","M","T","R","?","M","R","?","R","BOSS"],"build_version":"2018-02-15-PROD1","purchased_purges":1,"victory":true,"master_deck":["Defend_G","Defend_G","Defend_G","Defend_G","Survivor","Neutralize+1","Prepared","After Image+1","Noxious Fumes+1","Escape Plan","Deadly Poison+1","Caltrops+1","Tools of the Trade+1","Crippling Poison+1","Caltrops+1","Bite","Bite","Bite","Bite","Poisoned Stab+1","Venomology+1","Setup+1","Backflip+1","Backflip+1"],"max_hp_per_floor":[70,70,70,70,70,70,70,70,84,84,84,84,84,84,84,84,84,84,84,84,84,84,84,84,84,84,84,84,84,84,84,84,84,84,84,84,84,84,84,84,84,84,84,84,84,84,84,84,84,84],"relics":["Ring of the Snake","Bird Faced Urn","Regal Pillow","Mango","Happy Flower","Orrery","Peace Pipe","Lizard Tail","Pantograph","Calipers"],"card_choices":[{"not_picked":["Deadly Poison","Sucker Punch"],"picked":"Prepared"},{"not_picked":["Flying Knee","Cloak And Dagger"],"picked":"After Image"},{"not_picked":["Backflip","Acrobatics"],"picked":"Flying Knee"},{"not_picked":["Accuracy","Slice"],"picked":"Escape Plan"},{"not_picked":["Sucker Punch","Outmaneuver"],"picked":"Deadly Poison"},{"not_picked":["Deadly Poison","Escape Plan"],"picked":"Caltrops"},{"not_picked":["Poisoned Stab","Calculated Gamble"],"picked":"Tools of the Trade"},{"not_picked":["Sucker Punch","All Out Attack"],"picked":"Crippling Poison"},{"not_picked":["Skewer","Finisher"],"picked":"Caltrops"},{"not_picked":["Bullet Time","A Thousand Cuts"],"picked":"Venomology"},{"not_picked":["Prepared","Flying Knee"],"picked":"Setup"},{"not_picked":["Poisoned Stab","Flying Knee"],"picked":"Backflip"},{"not_picked":["Reflex","Underhanded Strike"],"picked":"Backflip"}],"player_experience":205459,"potions_floor_usage":[7,12,22,22,27,33,36,36,39,46,46,48,48,50,50,50,50],"damage_taken":[{"damage":2,"enemies":"Small Slimes","floor":1,"turns":4},{"damage":0,"enemies":"Jaw Worm","floor":4,"turns":5},{"damage":0,"enemies":"2 Louse","floor":5,"turns":5},{"damage":33,"enemies":"Gremlin Nob","floor":7,"turns":7},{"damage":6,"enemies":"Red Slaver","floor":11,"turns":6},{"damage":11,"enemies":"Lagavulin Event","floor":12,"turns":7},{"damage":42,"enemies":"Hexaghost","floor":16,"turns":12},{"damage":4,"enemies":"Shell Parasite","floor":18,"turns":7},{"damage":10,"enemies":"Spheric Guardian","floor":19,"turns":5},{"damage":35,"enemies":"Slaver and Parasite","floor":22,"turns":7},{"damage":23,"enemies":"Snecko","floor":24,"turns":8},{"damage":47,"enemies":"Cultist and Chosen","floor":27,"turns":7},{"damage":55,"enemies":"Collector","floor":33,"turns":10},{"damage":36,"enemies":"3 Darklings","floor":35,"turns":5},{"damage":24,"enemies":"3 Shapes","floor":36,"turns":7},{"damage":25,"enemies":"Sphere and 2 Shapes","floor":39,"turns":6},{"damage":33,"enemies":"4 Shapes","floor":42,"turns":9},{"damage":30,"enemies":"3 Darklings","floor":45,"turns":5},{"damage":10,"enemies":"Maw","floor":46,"turns":8},{"damage":27,"enemies":"Mysterious Sphere","floor":48,"turns":7},{"damage":116,"enemies":"Donu and Deca","floor":50,"turns":12}],"event_choices":[{"event_name":"The Cleric","player_choice":"Card Removal","floor":2,"damage_taken":0},{"event_name":"Dead Adventurer","player_choice":"Searched \u00271\u0027 times","floor":12,"damage_taken":0},{"event_name":"Beggar","player_choice":"Ignored","floor":21,"damage_taken":0},{"event_name":"Vampires","player_choice":"Became a vampire (Vial)","floor":29,"damage_taken":0},{"event_name":"Tomb of Lord Red Mask","player_choice":"Ignored","floor":37,"damage_taken":0},{"event_name":"Purifier","player_choice":"One Purge","floor":38,"damage_taken":0},{"event_name":"Mysterious Sphere","player_choice":"Fight","floor":48,"damage_taken":0}],"boss_relics":[{"not_picked":["Velvet Choker","White Beast Statue"],"picked":"Orrery"},{"not_picked":["Runic Pyramid","Snecko Eye"],"picked":"Lizard Tail"}],"potions_floor_spawned":[5,7,12,12,16,19,27,33,46,48],"seed_played":"6993866705648368071","ascension_level":0,"is_trial":false}