{"path_per_floor":["M","?","M","$","?","R","M","M","T","?","M","?","M","$","R","B",null,"M","?","$","$","?","R","M","M","T","R","M","T","?","E","R","B",null,"M","M","?","?","?","R","$","M","T","R","?","M","T","E","R"],"character_chosen":"THE_SILENT","items_purchased":["Caltrops","Happy Flower","Prepared","Infinite Blades","Accuracy","Block Potion"],"gold_per_floor":[214,289,307,30,30,30,48,61,61,61,76,132,150,8,8,107,107,119,119,19,19,19,19,29,40,40,40,56,56,6,41,41,142,142,152,163,163,163,163,163,31,47,47,47,47,60,60,91,91],"floor_reached":50,"campfire_rested":3,"playtime":3792,"current_hp_per_floor":[70,59,58,58,58,58,55,55,55,55,53,34,28,28,51,30,77,72,72,72,72,77,77,66,52,52,52,50,50,50,30,53,21,77,32,32,67,59,59,59,59,42,42,42,42,21,21,11,31],"items_purged":["Regret","Decay"],"gold":91,"score":428,"play_id":"54d44cd4-8447-45e7-b933-0103cd50838c","is_prod":false,"is_daily":false,"is_ascension_mode":false,"campfire_upgraded":5,"path_taken":["M","?","M","$","?","R","M","M","T","?","M","?","M","$","R","BOSS","M","?","?","$","?","R","M","M","T","R","M","?","?","E","R","BOSS","M","M","?","?","?","R","$","M","T","R","?","M","?","E","R","BOSS"],"build_version":"2018-02-08-PROD1","purchased_purges":2,"victory":false,"master_deck":["Survivor","Neutralize+1","Well Laid Plans","Dash","Caltrops+1","Prepared","Caltrops","Escape Plan","Infinite Blades+1","Adrenaline+1","Blur","Deflect","Riddle With Holes","Flying Knee","Blade Dance","Dagger Throw","Slice","Outmaneuver","Poisoned Stab","Bouncing Flask","Accuracy+1","Infinite Blades+1","Storm of Steel+1","Calculated Gamble+1","Madness","Madness","Accuracy+1","Deadly Poison+1","Leg Sweep+1","Noxious Fumes"],"max_hp_per_floor":[70,70,70,70,70,70,70,70,70,70,70,77,77,77,77,77,77,77,77,77,77,77,77,77,77,77,77,77,77,77,77,77,77,77,77,77,67,67,67,67,67,67,67,67,67,67,67,67,67],"relics":["Ring of the Snake","Happy Flower","Juzu Bracelet","Snake Skull","Strawberry","Pandora\u0027s Box","Orichalcum","Mummified Hand","Mercury Hourglass","Black Star","Anchor","Ice Cream","Dodecahedron","Ninja Scroll"],"card_choices":[{"not_picked":["All Out Attack","Poisoned Stab"],"picked":"Well Laid Plans"},{"not_picked":["Prepared","Slice"],"picked":"Dash"},{"not_picked":["Choke","Blade Dance"],"picked":"Caltrops"},{"not_picked":["Slice","Bane"],"picked":"Escape Plan"},{"not_picked":["Phantasmal Killer","Burst"],"picked":"Adrenaline"},{"not_picked":["Underhanded Strike","Finisher"],"picked":"Bouncing Flask"},{"not_picked":["Infinite Blades","Quick Slash"],"picked":"Accuracy"},{"not_picked":["PiercingWail","Deflect"],"picked":"Infinite Blades"},{"not_picked":["Die Die Die","Wraith Form"],"picked":"Storm of Steel"},{"not_picked":["Acrobatics","Outmaneuver"],"picked":"Deadly Poison"},{"not_picked":["PiercingWail","Underhanded Strike"],"picked":"Calculated Gamble"},{"not_picked":["Outmaneuver","Well Laid Plans"],"picked":"Deadly Poison"},{"not_picked":["Endless Agony","Dagger Spray"],"picked":"Leg Sweep"},{"not_picked":["Bane","Masterful Stab"],"picked":"Noxious Fumes"}],"player_experience":176065,"potions_floor_usage":[42,48,48,50,50],"damage_taken":[{"damage":0.0,"enemies":"Cultist","floor":1.0,"turns":4.0},{"damage":1.0,"enemies":"2 Louse","floor":3.0,"turns":3.0},{"damage":3.0,"enemies":"Small Slimes","floor":7.0,"turns":3.0},{"damage":0.0,"enemies":"Looter","floor":8.0,"turns":4.0},{"damage":2.0,"enemies":"3 Louse","floor":11.0,"turns":4.0},{"damage":26.0,"enemies":"Lagavulin Event","floor":12.0,"turns":9.0},{"damage":6.0,"enemies":"2 Fungi Beasts","floor":13.0,"turns":3.0},{"damage":21.0,"enemies":"The Guardian","floor":16.0,"turns":10.0},{"damage":5.0,"enemies":"Shell Parasite","floor":18.0,"turns":4.0},{"damage":11.0,"enemies":"Chosen","floor":24.0,"turns":5.0},{"damage":14.0,"enemies":"Snake Plant","floor":25.0,"turns":3.0},{"damage":2.0,"enemies":"Snecko","floor":28.0,"turns":4.0},{"damage":20.0,"enemies":"Book of Stabbing","floor":31.0,"turns":3.0},{"damage":32.0,"enemies":"Automaton","floor":33.0,"turns":7.0},{"damage":45,"enemies":"3 Darklings","floor":35,"turns":4},{"damage":0,"enemies":"Orb Walker","floor":36,"turns":3},{"damage":17,"enemies":"4 Shapes","floor":42,"turns":5},{"damage":21,"enemies":"Sphere and 2 Shapes","floor":46,"turns":4},{"damage":10,"enemies":"Nemesis","floor":48,"turns":7},{"damage":38,"enemies":"Donu and Deca","floor":50,"turns":3}],"event_choices":[{"event_name":"World of Goop","player_choice":"Gather Gold","floor":2.0,"damage_taken":0.0},{"event_name":"Living Wall","player_choice":"Grow","floor":5.0,"damage_taken":0.0},{"event_name":"Big Fish","player_choice":"Box","floor":10.0,"damage_taken":0.0},{"event_name":"Dead Adventurer","player_choice":"Searched \u00272\u0027 times","floor":12.0,"damage_taken":0.0},{"event_name":"Forgotten Altar","player_choice":"Smashed Altar","floor":19.0,"damage_taken":0.0},{"event_name":"Bonfire Elementals","player_choice":"UNCOMMON","floor":22.0,"damage_taken":0.0},{"event_name":"The Joust","player_choice":"Bet on Owner","floor":30.0,"damage_taken":0.0},{"event_name":"The Moai Head","player_choice":"Heal","floor":37,"damage_taken":0},{"event_name":"Winding Halls","player_choice":"Embrace Madness","floor":38,"damage_taken":0},{"event_name":"Mysterious Sphere","player_choice":"Ignore","floor":45,"damage_taken":0}],"boss_relics":[],"potions_floor_spawned":[1,3,13,18,28,31,42,46,48],"seed_played":"3088606215488765875","killed_by":"Donu and Deca","ascension_level":0,"is_trial":false}