{"path_per_floor":["M","M","M","M","?","R","M","R","T","?","M","M","$","M","R","B",null,"M","?","M","M","$","R","M","$","T","?","?","M","R","T","R","B",null,"M","?","?","M","M","R","T","M","T","M","R","M","?","M","R"],"character_chosen":"THE_SILENT","items_purchased":["Transmutation","Bronze Scales","Noxious Fumes","Caltrops","Backstab"],"gold_per_floor":[113,127,139,156,331,331,349,349,349,424,440,450,38,56,56,157,157,177,177,190,204,131,131,147,4,4,4,4,21,21,21,21,123,123,136,136,136,153,173,173,199,218,269,286,286,296,296,307,307],"floor_reached":50,"campfire_rested":2,"playtime":3370,"current_hp_per_floor":[70,69,69,64,64,64,64,64,64,53,53,53,53,61,61,36,70,64,64,45,42,42,50,27,27,27,27,27,11,42,42,52,26,70,69,69,69,41,14,47,47,40,40,35,47,26,61,59,61],"items_purged":["Doubt"],"gold":307,"score":415,"play_id":"8f3bba79-8987-4b57-bfd1-f1397c0bbe55","is_prod":false,"is_daily":false,"is_ascension_mode":false,"campfire_upgraded":7,"path_taken":["M","M","M","M","?","R","?","R","T","?","?","M","$","M","R","BOSS","M","?","?","M","$","R","M","$","T","?","?","M","R","?","R","BOSS","M","?","?","M","M","R","?","M","T","M","R","?","?","M","R","BOSS"],"build_version":"2018-02-08-PROD1","purchased_purges":1,"victory":false,"master_deck":["Defend_G+1","Defend_G+1","Defend_G+1","Defend_G+1","Defend_G+1","Strike_G+1","Strike_G+1","Strike_G+1","Strike_G+1","Strike_G+1","Survivor","Neutralize+1","Backstab+1","Backstab","Tactician+1","Prepared","Transmutation+1","Noxious Fumes+1","Tools of the Trade+1","Decay","Escape Plan","Underhanded Strike+1","Caltrops+1","Distraction","Backstab","Backflip+1","Envenom+1","Jack Of All Trades+1","Neutralize","Injury","Envenom+1","Injury","Injury","Footwork+1","Distraction+1"],"max_hp_per_floor":[70,70,70,70,70,70,70,70,70,70,70,70,70,70,70,70,70,70,70,70,70,70,70,70,70,70,70,70,70,70,70,70,70,70,70,70,70,70,70,70,70,70,70,70,70,70,61,61,61],"relics":["Ring of the Snake","Vajra","Mercury Hourglass","Bronze Scales","Eternal Feather","Frozen Egg 2","Smiling Mask","Orichalcum","Cursed Key","Lantern","Oddly Smooth Stone"],"card_choices":[{"not_picked":["Riddle With Holes","Catalyst"],"picked":"Backstab"},{"not_picked":["All Out Attack","Bane"],"picked":"Backstab"},{"not_picked":["PiercingWail","Deflect"],"picked":"Tactician"},{"not_picked":["PiercingWail","Dagger Throw"],"picked":"Prepared"},{"not_picked":["Bullet Time","Corpse Explosion"],"picked":"Tools of the Trade"},{"not_picked":["Deflect","Prepared"],"picked":"Escape Plan"},{"not_picked":["Calculated Gamble","Flying Knee"],"picked":"Underhanded Strike"},{"not_picked":["Underhanded Strike","Dodge and Roll"],"picked":"Distraction"},{"not_picked":["Poisoned Stab","Sucker Punch"],"picked":"Backflip"},{"not_picked":["Unload","Phantasmal Killer"],"picked":"Envenom"},{"not_picked":["Bouncing Flask","Dodge and Roll"],"picked":"Envenom"},{"not_picked":["Dagger Throw","Acrobatics"],"picked":"Footwork"},{"not_picked":["Cloak And Dagger","Backflip"],"picked":"Distraction"}],"player_experience":163772,"potions_floor_usage":[21,24,33,33,46,50,50,50],"damage_taken":[{"damage":0,"enemies":"Cultist","floor":1,"turns":3},{"damage":1,"enemies":"2 Louse","floor":2,"turns":3},{"damage":0,"enemies":"Jaw Worm","floor":3,"turns":3},{"damage":5,"enemies":"Gremlin Gang","floor":4,"turns":6},{"damage":0,"enemies":"2 Fungi Beasts","floor":7,"turns":1},{"damage":0,"enemies":"Exordium Thugs","floor":11,"turns":3},{"damage":0,"enemies":"Looter","floor":12,"turns":2},{"damage":0,"enemies":"2 Fungi Beasts","floor":14,"turns":3},{"damage":25,"enemies":"The Guardian","floor":16,"turns":11},{"damage":6,"enemies":"Shell Parasite","floor":18,"turns":7},{"damage":19,"enemies":"Spheric Guardian","floor":20,"turns":5},{"damage":15,"enemies":"3 Cultists","floor":21,"turns":5},{"damage":38,"enemies":"Slaver and Parasite","floor":24,"turns":7},{"damage":16,"enemies":"Sentry and Sphere","floor":29,"turns":5},{"damage":26,"enemies":"Collector","floor":33,"turns":8},{"damage":1,"enemies":"Orb Walker","floor":35,"turns":3},{"damage":28,"enemies":"3 Shapes","floor":38,"turns":6},{"damage":27,"enemies":"3 Darklings","floor":39,"turns":5},{"damage":7,"enemies":"Sphere and 2 Shapes","floor":42,"turns":4},{"damage":5,"enemies":"Maw","floor":44,"turns":8},{"damage":21,"enemies":"3 Darklings","floor":46,"turns":6},{"damage":8,"enemies":"4 Shapes","floor":48,"turns":4},{"damage":78,"enemies":"Time Eater","floor":50,"turns":12}],"event_choices":[{"event_name":"Liars Game","player_choice":"agreed","floor":5,"damage_taken":0},{"event_name":"World of Goop","player_choice":"Gather Gold","floor":10,"damage_taken":0},{"event_name":"Forgotten Altar","player_choice":"Smashed Altar","floor":19,"damage_taken":0},{"event_name":"The Mausoleum","player_choice":"Yes","floor":27,"damage_taken":0},{"event_name":"Back to Basics","player_choice":"Simplicity","floor":28,"damage_taken":0},{"event_name":"Match and Keep!","player_choice":"2 cards matched","floor":36,"damage_taken":0},{"event_name":"Accursed Blacksmith","player_choice":"Forge","floor":37,"damage_taken":0},{"event_name":"The Moai Head","player_choice":"Heal","floor":47,"damage_taken":0}],"boss_relics":[{"not_picked":["Velvet Choker","Calling Bell"],"picked":"Eternal Feather"},{"not_picked":["Runic Pyramid","Snecko Eye"],"picked":"Cursed Key"}],"potions_floor_spawned":[2,4,7,12,20,21,24,39,46,48],"seed_played":"6666565670441564095","killed_by":"Time Eater","ascension_level":0,"is_trial":false}