{"path_per_floor":["M","M","?","?","?","M","M","T","T","R","?","M","?","M","R","B",null,"M","?","$","?","$","R","E","M","T","M","?","T","M","$","R","B",null,"M","M","$","M","M","R","M","R","T","E","$","?","?","M","R"],"character_chosen":"THE_SILENT","items_purchased":["Toolbox","Paper Crane","Cloak And Dagger","Accuracy","Lantern","Cloak And Dagger","Prepared"],"gold_per_floor":[112,122,174,174,249,261,276,276,276,276,256,270,331,346,346,448,448,463,378,120,120,120,120,152,168,168,184,384,411,425,62,62,160,190,204,214,17,27,41,41,58,58,58,90,65,65,65,81,81],"floor_reached":50,"campfire_rested":1,"playtime":2235,"current_hp_per_floor":[67,66,66,66,55,52,49,49,49,49,49,49,47,46,46,21,70,57,57,57,57,57,57,47,28,28,17,17,17,30,30,51,24,79,63,55,55,53,43,43,42,42,42,25,25,74,74,74,74],"items_purged":[],"gold":81,"score":482,"play_id":"9f5fd4b9-12ba-4a20-b53f-579a37967d41","is_prod":false,"is_daily":false,"is_ascension_mode":false,"campfire_upgraded":6,"path_taken":["M","?","?","?","?","M","M","?","T","R","?","?","?","M","R","BOSS","M","?","$","?","$","R","E","M","T","?","?","?","?","$","R","BOSS","M","?","$","M","M","R","M","R","T","E","$","?","?","?","R","BOSS"],"build_version":"2018-02-12-PROD1","purchased_purges":0,"victory":false,"master_deck":["Defend_G","Defend_G","Defend_G","Defend_G","Defend_G","Strike_G","Strike_G","Strike_G","Strike_G","Survivor","Neutralize","Backstab+1","Accuracy+1","After Image","Blade Dance+1","Caltrops","Doppelganger+1","Escape Plan","Outmaneuver","Backstab+1","Accuracy+1","Cloak And Dagger+1","Accuracy+1","Burst","Well Laid Plans+1","Choke+1","Cloak And Dagger","Choke+1","Prepared","Die Die Die","Choke+1"],"max_hp_per_floor":[70,70,70,70,70,70,70,70,70,70,70,70,70,70,70,70,70,70,70,70,70,70,70,70,70,70,70,70,70,72,72,72,72,79,79,79,79,81,83,83,85,85,85,85,85,74,74,74,74],"relics":["Ring of the Snake","Pen Nib","Letter Opener","Centennial Puzzle","Orrery","Orichalcum","Toolbox","Blood Vial","Bronze Scales","Singing Bowl","Paper Crane","Tiny House","Lantern","Torii","Mummified Hand"],"card_choices":[{"not_picked":["Slice","Prepared"],"picked":"Backstab"},{"not_picked":["Malaise","Dagger Spray"],"picked":"Accuracy"},{"not_picked":["Sucker Punch","Escape Plan"],"picked":"After Image"},{"not_picked":["PiercingWail","Deflect"],"picked":"Blade Dance"},{"not_picked":["Skewer","Underhanded Strike"],"picked":"Caltrops"},{"not_picked":["Envenom","Tactician"],"picked":"Doppelganger"},{"not_picked":["Deflect","Slice"],"picked":"Escape Plan"},{"not_picked":["Riddle With Holes","Prepared"],"picked":"Outmaneuver"},{"not_picked":["Terror","Setup"],"picked":"Backstab"},{"not_picked":["Cloak And Dagger","Quick Slash"],"picked":"Accuracy"},{"not_picked":["Night Terror","Venomology"],"picked":"Burst"},{"not_picked":["Endless Agony","Deflect"],"picked":"Well Laid Plans"},{"not_picked":["Blade Dance","Dagger Throw"],"picked":"Choke"},{"not_picked":["Prepared","Outmaneuver"],"picked":"Choke"},{"not_picked":["Wraith Form","Expertise"],"picked":"Choke"}],"player_experience":194062,"potions_floor_usage":[13,30,33,33,50,50,50],"damage_taken":[{"damage":3,"enemies":"Blue Slaver","floor":1,"turns":4},{"damage":1,"enemies":"Cultist","floor":2,"turns":4},{"damage":3,"enemies":"Jaw Worm","floor":6,"turns":2},{"damage":3,"enemies":"Red Slaver","floor":7,"turns":5},{"damage":0,"enemies":"Looter","floor":12,"turns":3},{"damage":2,"enemies":"3 Sentries","floor":13,"turns":7},{"damage":1,"enemies":"2 Fungi Beasts","floor":14,"turns":3},{"damage":25,"enemies":"Slime Boss","floor":16,"turns":12},{"damage":13,"enemies":"Spheric Guardian","floor":18,"turns":4},{"damage":10,"enemies":"Slavers","floor":24,"turns":6},{"damage":21,"enemies":"2 Thieves","floor":25,"turns":3},{"damage":13,"enemies":"Chosen and Byrds","floor":27,"turns":4},{"damage":6,"enemies":"Snecko","floor":30,"turns":5},{"damage":29,"enemies":"Collector","floor":33,"turns":8},{"damage":16,"enemies":"Orb Walker","floor":35,"turns":3},{"damage":10,"enemies":"3 Darklings","floor":36,"turns":5},{"damage":6,"enemies":"4 Shapes","floor":38,"turns":5},{"damage":14,"enemies":"Sphere and 2 Shapes","floor":39,"turns":4},{"damage":5,"enemies":"3 Darklings","floor":41,"turns":5},{"damage":19,"enemies":"Nemesis","floor":44,"turns":7},{"damage":0,"enemies":"4 Shapes","floor":48,"turns":3},{"damage":77,"enemies":"Time Eater","floor":50,"turns":7}],"event_choices":[{"event_name":"Golden Wing","player_choice":"Gained Gold","floor":3,"damage_taken":0},{"event_name":"Accursed Blacksmith","player_choice":"Forge","floor":4,"damage_taken":0},{"event_name":"World of Goop","player_choice":"Gather Gold","floor":5,"damage_taken":0},{"event_name":"The Woman in Blue","player_choice":"Bought 1 Potion","floor":11,"damage_taken":0},{"event_name":"Dead Adventurer","player_choice":"Searched \u00271\u0027 times","floor":13,"damage_taken":0},{"event_name":"Addict","player_choice":"Obtained Relic","floor":19,"damage_taken":0},{"event_name":"Beggar","player_choice":"Ignored","floor":21,"damage_taken":0},{"event_name":"The Joust","player_choice":"Bet on Owner","floor":28,"damage_taken":0},{"event_name":"The Moai Head","player_choice":"Heal","floor":46,"damage_taken":0},{"event_name":"Transmorgrifier","player_choice":"Transform","floor":47,"damage_taken":0}],"boss_relics":[{"not_picked":["Runic Dome","Philosopher\u0027s Stone"],"picked":"Orrery"},{"not_picked":["White Beast Statue","Snecko Eye"],"picked":"Tiny House"}],"potions_floor_spawned":[1,7,12,13,14,18,27,44,48],"seed_played":"-7588927315273899354","killed_by":"Time Eater","ascension_level":0,"is_trial":false}