{"path_per_floor":["M","?","M","M","$","R","$","R","T","?","R","?","?","T","R","B",null,"M","$","?","?","?","R","$","M","T","R","E"],"character_chosen":"THE_SILENT","items_purchased":["Happy Flower","Pen Nib"],"gold_per_floor":[119,119,138,156,2,2,2,2,2,2,2,2,2,2,2,126,164,155,3,3,3,3,3,3,28,53,53,91],"floor_reached":29,"campfire_rested":1,"playtime":949,"current_hp_per_floor":[70,53,51,51,51,51,51,51,51,51,51,51,51,51,70,32,75,69,69,69,69,69,69,69,69,69,69,1],"items_purged":[],"gold":91,"score":225,"play_id":"c9842b24-ecf8-4d27-a18b-c558fbac6849","is_prod":false,"is_daily":false,"is_ascension_mode":false,"campfire_upgraded":5,"path_taken":["M","?","?","M","$","R","$","R","T","?","R","?","?","?","R","BOSS","M","$","?","?","?","R","?","?","T","R","E","M"],"build_version":"2018-02-15-PROD1","purchased_purges":0,"victory":false,"master_deck":["Defend_G","Defend_G","Defend_G+1","Defend_G","Strike_G+1","Strike_G+1","Strike_G","Survivor","Neutralize+1","Endless Agony+1","Dodge and Roll+1","Backflip+1","Acrobatics","Endless Agony+1","Acrobatics+1","Calculated Gamble"],"max_hp_per_floor":[70,70,70,70,70,70,70,70,70,70,70,70,70,70,70,70,75,75,75,75,75,75,75,75,75,75,75,75],"relics":["Ring of the Snake","Golden Idol","Happy Flower","Ninja Scroll","Sundial","Tiny House","Pen Nib","Regal Pillow","Whetstone"],"card_choices":[{"not_picked":["Acrobatics","Dash"],"picked":"Endless Agony"},{"not_picked":["Poisoned Stab","Dash"],"picked":"Dodge and Roll"},{"not_picked":["Malaise","Outmaneuver"],"picked":"Backflip"},{"not_picked":["Prepared","Bane"],"picked":"Acrobatics"},{"not_picked":["Riddle With Holes","Prepared"],"picked":"Acrobatics"},{"not_picked":["Dagger Spray","Finisher"],"picked":"Calculated Gamble"}],"player_experience":225279,"potions_floor_usage":[28,28,28,29],"damage_taken":[{"damage":0,"enemies":"2 Louse","floor":1,"turns":3},{"damage":2,"enemies":"Small Slimes","floor":3,"turns":4},{"damage":0,"enemies":"Cultist","floor":4,"turns":4},{"damage":38,"enemies":"The Guardian","floor":16,"turns":20},{"damage":6,"enemies":"2 Thieves","floor":18,"turns":4},{"damage":0,"enemies":"Shell Parasite","floor":25,"turns":6},{"damage":68,"enemies":"Book of Stabbing","floor":28,"turns":12},{"damage":1,"enemies":"3 Cultists","floor":29,"turns":5}],"event_choices":[{"event_name":"Golden Idol","player_choice":"Take Damage","floor":2,"damage_taken":0},{"event_name":"Bonfire Elementals","player_choice":"BASIC","floor":10,"damage_taken":0},{"event_name":"Living Wall","player_choice":"Forget","floor":12,"damage_taken":0},{"event_name":"Upgrade Shrine","player_choice":"Upgraded","floor":13,"damage_taken":0},{"event_name":"Beggar","player_choice":"Ignored","floor":20,"damage_taken":0},{"event_name":"Back to Basics","player_choice":"Elegance","floor":21,"damage_taken":0},{"event_name":"The Library","player_choice":"Read","floor":22,"damage_taken":0}],"boss_relics":[{"not_picked":["Velvet Choker","Runic Dome"],"picked":"Tiny House"}],"potions_floor_spawned":[3,16,28],"seed_played":"3679008336422881099","killed_by":"3 Cultists","ascension_level":0,"is_trial":false}