{"path_per_floor":["M","M","?","$","?","M","R","?","T","R","E","M","E","M","R","B",null,"M","?","$","?","$","R","E","R","T","M","?","M","R","M","R"],"character_chosen":"THE_SILENT","items_purchased":["Infinite Blades"],"gold_per_floor":[109,129,129,13,13,29,29,29,29,29,55,65,93,112,112,209,209,224,224,124,24,24,24,54,54,54,69,69,85,85,98,98],"floor_reached":33,"campfire_rested":1,"playtime":973,"current_hp_per_floor":[63,63,63,63,63,63,63,56,56,56,56,56,47,47,47,47,63,63,63,63,63,63,63,41,41,41,38,38,32,50,47,47],"items_purged":["Injury","Strike_G"],"gold":98,"score":348,"play_id":"48e8549d-0b78-46fd-aece-508aaaf08f39","is_prod":false,"is_daily":false,"is_ascension_mode":false,"campfire_upgraded":6,"path_taken":["M","M","?","$","?","M","R","?","T","R","E","M","E","?","R","BOSS","M","?","$","?","$","R","E","R","T","M","?","M","R","M","R","BOSS"],"build_version":"2018-02-22-PROD2","purchased_purges":2,"victory":false,"master_deck":["Defend_G","Defend_G","Defend_G","Defend_G","Defend_G","Survivor","Neutralize","Dagger Throw","Glass Knife","Cloak And Dagger+1","Distraction+1","Infinite Blades+1","Cloak And Dagger+1","Terror","Prepared","Tactician+1","Dodge and Roll+1","Backstab+1","J.A.X.+1"],"max_hp_per_floor":[63,63,63,63,63,63,63,63,63,63,63,63,63,63,63,63,63,63,63,63,63,63,63,63,63,63,63,63,63,63,63,63],"relics":["Ring of the Snake","Blue Candle","Shuriken","Bag of Preparation","Runic Dome","Ninja Scroll","Ice Cream"],"card_choices":[{"not_picked":["Deflect","Outmaneuver"],"picked":"Cloak And Dagger"},{"not_picked":["Outmaneuver","Dagger Throw"],"picked":"Distraction"},{"not_picked":["Choke","Leg Sweep"],"picked":"Cloak And Dagger"},{"not_picked":["Poisoned Stab","Quick Slash"],"picked":"Terror"},{"not_picked":["Setup","Outmaneuver"],"picked":"Prepared"},{"not_picked":["Wraith Form","Bullet Time"],"picked":"Tactician"},{"not_picked":["Slice","Well Laid Plans"],"picked":"Dodge and Roll"}],"player_experience":250938,"potions_floor_usage":[24,24,33,33],"damage_taken":[{"damage":0,"enemies":"Jaw Worm","floor":1,"turns":2},{"damage":0,"enemies":"Cultist","floor":2,"turns":3},{"damage":0,"enemies":"Small Slimes","floor":6,"turns":3},{"damage":0,"enemies":"3 Sentries","floor":11,"turns":7},{"damage":0,"enemies":"Blue Slaver","floor":12,"turns":2},{"damage":9,"enemies":"Lagavulin","floor":13,"turns":4},{"damage":0,"enemies":"2 Fungi Beasts","floor":14,"turns":3},{"damage":0,"enemies":"Slime Boss","floor":16,"turns":5},{"damage":0,"enemies":"Shell Parasite","floor":18,"turns":3},{"damage":22,"enemies":"Gremlin Leader","floor":24,"turns":3},{"damage":3,"enemies":"Chosen","floor":27,"turns":2},{"damage":6,"enemies":"Centurion and Healer","floor":29,"turns":4},{"damage":3,"enemies":"Chosen and Byrds","floor":31,"turns":3},{"damage":55,"enemies":"Collector","floor":33,"turns":5}],"event_choices":[{"event_name":"Accursed Blacksmith","player_choice":"Forge","floor":3,"damage_taken":0},{"event_name":"The Cleric","player_choice":"Leave","floor":5,"damage_taken":0},{"event_name":"Golden Wing","player_choice":"Card Removal","floor":8,"damage_taken":0},{"event_name":"The Library","player_choice":"Read","floor":19,"damage_taken":0},{"event_name":"Drug Dealer","player_choice":"Got JAXXED","floor":21,"damage_taken":0},{"event_name":"Back to Basics","player_choice":"Elegance","floor":28,"damage_taken":0}],"boss_relics":[{"not_picked":["White Beast Statue","Philosopher\u0027s Stone"],"picked":"Runic Dome"}],"potions_floor_spawned":[6,12,14,24],"seed_played":"-3481522582140004801","killed_by":"Collector","ascension_level":0,"is_trial":false}