{"path_per_floor":["M","?","M","?","M","R","M","R","T","M","M","M","R","$","R","B",null,"M","?","M","?","M","R","M","R","T","?"],"character_chosen":"THE_SILENT","items_purchased":["Toolbox"],"gold_per_floor":[118,118,136,211,228,228,245,245,245,257,270,286,286,28,28,133,133,148,148,167,167,181,181,197,197,197,122],"floor_reached":28,"campfire_rested":1,"playtime":880,"current_hp_per_floor":[70,70,70,59,59,59,44,44,54,43,43,37,61,61,61,36,80,75,75,68,68,29,29,23,23,23,23],"items_purged":[],"gold":122,"score":212,"play_id":"c6d50fee-2589-4ad7-8179-4374b36eba9f","is_prod":false,"is_daily":false,"is_ascension_mode":false,"campfire_upgraded":5,"path_taken":["M","?","?","?","M","R","M","R","T","?","M","M","R","$","R","BOSS","M","?","M","?","?","R","M","R","T","?","?"],"build_version":"2018-02-15-PROD1","purchased_purges":0,"victory":false,"master_deck":["Defend_G","Defend_G","Defend_G","Defend_G","Defend_G","Strike_G","Strike_G","Survivor","Neutralize+1","Bane+1","Leg Sweep+1","Bullet Time","Deadly Poison+1","Poisoned Stab+1","Deadly Poison+1","Blur+1","Poisoned Stab+1"],"max_hp_per_floor":[70,70,70,70,70,70,70,70,80,80,80,80,80,80,80,80,80,80,80,80,80,80,80,80,80,80,80],"relics":["Ring of the Snake","Pear","Toolbox","Question Card","Torii"],"card_choices":[{"not_picked":["Backflip","Deflect"],"picked":"Leg Sweep"},{"not_picked":["Dodge and Roll","Quick Slash"],"picked":"Bullet Time"},{"not_picked":["Caltrops","Crippling Poison"],"picked":"Deadly Poison"},{"not_picked":["Blade Dance","Flying Knee","Leg Sweep"],"picked":"Poisoned Stab"},{"not_picked":["Deflect","Flying Knee","Backstab"],"picked":"Blur"},{"not_picked":["Slice","Underhanded Strike","Deadly Poison"],"picked":"Poisoned Stab"}],"player_experience":220141,"potions_floor_usage":[18,18,22,28],"damage_taken":[{"damage":0,"enemies":"Jaw Worm","floor":1,"turns":5},{"damage":0,"enemies":"Cultist","floor":3,"turns":5},{"damage":0,"enemies":"2 Louse","floor":5,"turns":3},{"damage":15,"enemies":"2 Fungi Beasts","floor":7,"turns":4},{"damage":11,"enemies":"3 Louse","floor":10,"turns":4},{"damage":0,"enemies":"Red Slaver","floor":11,"turns":3},{"damage":6,"enemies":"Exordium Thugs","floor":12,"turns":6},{"damage":25,"enemies":"Hexaghost","floor":16,"turns":12},{"damage":5,"enemies":"2 Thieves","floor":18,"turns":5},{"damage":7,"enemies":"Shell Parasite","floor":20,"turns":6},{"damage":39,"enemies":"3 Cultists","floor":22,"turns":7},{"damage":6,"enemies":"Snecko","floor":24,"turns":6},{"damage":23,"enemies":"Sentry and Sphere","floor":28,"turns":5}],"event_choices":[{"event_name":"Living Wall","player_choice":"Grow","floor":2,"damage_taken":0},{"event_name":"World of Goop","player_choice":"Gather Gold","floor":4,"damage_taken":0},{"event_name":"Bonfire Elementals","player_choice":"BASIC","floor":19,"damage_taken":0},{"event_name":"The Library","player_choice":"Read","floor":21,"damage_taken":0},{"event_name":"Beggar","player_choice":"Gave Gold","floor":27,"damage_taken":0}],"boss_relics":[{"not_picked":["Orrery","Runic Dome"],"picked":"Question Card"}],"potions_floor_spawned":[3,7,16,18],"seed_played":"-1265009901147287506","killed_by":"Sentry and Sphere","ascension_level":0,"is_trial":false}