{"path_per_floor":["M","M","?","?","M","R","M","M","T","?","M","M","$","M","R","B",null,"M","$","M","?","?","R","M","R","T","R","?","$","?","M","R","B",null,"M","?","?","$","?","R","M","$","T","?","T","?","?","?","R"],"character_chosen":"THE_SILENT","items_purchased":["Flash of Steel","Well Laid Plans","Caltrops","Oddly Smooth Stone"],"gold_per_floor":[118,133,133,133,148,148,168,192,215,215,231,255,50,69,69,190,190,213,113,127,52,52,52,68,68,91,91,91,23,23,43,43,144,144,161,161,161,7,7,7,26,26,26,26,26,26,26,26,26],"floor_reached":50,"campfire_rested":2,"playtime":1847,"current_hp_per_floor":[70,70,65,65,61,61,61,56,63,56,54,46,46,46,67,45,72,49,49,29,29,29,35,23,29,29,35,35,35,35,39,66,33,72,61,61,61,61,61,67,28,28,28,63,63,60,52,52,60],"items_purged":["Strike_G","Strike_G"],"gold":26,"score":403,"play_id":"917373e8-3715-43eb-b0bc-6968d8ad50f3","is_prod":false,"is_daily":false,"is_ascension_mode":false,"campfire_upgraded":6,"path_taken":["M","M","?","?","M","R","?","M","T","?","?","?","$","M","R","BOSS","M","$","M","?","?","R","M","R","T","R","?","$","?","M","R","BOSS","M","?","?","$","?","R","M","$","T","?","?","?","?","?","R","BOSS"],"build_version":"2018-02-22-PROD2","purchased_purges":2,"victory":false,"master_deck":["Defend_G","Defend_G","Defend_G","Defend_G","Defend_G","Survivor+1","Neutralize+1","Noxious Fumes+1","Flash of Steel","Well Laid Plans+1","Escape Plan","Night Terror+1","Footwork+1","Backflip","Caltrops","Night Terror+1","Noxious Fumes+1","Expertise","Parasite","Madness","Madness+1"],"max_hp_per_floor":[70,70,65,65,65,65,65,65,72,72,72,72,72,72,72,72,72,72,72,72,72,72,72,72,72,72,72,72,72,72,72,72,72,72,72,72,72,72,72,72,72,72,72,63,63,60,60,60,60],"relics":["Ring of the Snake","Bloody Idol","Strawberry","Eternal Feather","Juzu Bracelet","Cursed Key","Oddly Smooth Stone","Calipers","Omamori"],"card_choices":[{"not_picked":["Underhanded Strike","Expertise"],"picked":"Noxious Fumes"},{"not_picked":["Outmaneuver","PiercingWail"],"picked":"Escape Plan"},{"not_picked":["Phantasmal Killer","Venomology"],"picked":"Night Terror"},{"not_picked":["PiercingWail","Flying Knee"],"picked":"Prepared"},{"not_picked":["Cloak And Dagger","Deflect"],"picked":"Footwork"},{"not_picked":["Bane","Deflect"],"picked":"Backflip"},{"not_picked":["Adrenaline","Tactician"],"picked":"Night Terror"},{"not_picked":["Sucker Punch","Endless Agony"],"picked":"Noxious Fumes"}],"player_experience":229459,"potions_floor_usage":[14,18,20,50,50,50],"damage_taken":[{"damage":0,"enemies":"Small Slimes","floor":1,"turns":4},{"damage":0,"enemies":"Jaw Worm","floor":2,"turns":5},{"damage":4,"enemies":"2 Louse","floor":5,"turns":3},{"damage":0,"enemies":"Red Slaver","floor":7,"turns":4},{"damage":5,"enemies":"Lots of Slimes","floor":8,"turns":4},{"damage":2,"enemies":"3 Louse","floor":11,"turns":3},{"damage":8,"enemies":"Large Slime","floor":12,"turns":7},{"damage":15,"enemies":"Exordium Thugs","floor":14,"turns":7},{"damage":22,"enemies":"The Guardian","floor":16,"turns":14},{"damage":23,"enemies":"Chosen","floor":18,"turns":6},{"damage":20,"enemies":"Spheric Guardian","floor":20,"turns":5},{"damage":12,"enemies":"Centurion and Healer","floor":24,"turns":6},{"damage":1,"enemies":"Snecko","floor":31,"turns":6},{"damage":38,"enemies":"Automaton","floor":33,"turns":10},{"damage":16,"enemies":"3 Shapes","floor":35,"turns":5},{"damage":44,"enemies":"3 Darklings","floor":41,"turns":5},{"damage":62,"enemies":"Donu and Deca","floor":50,"turns":4}],"event_choices":[{"event_name":"Golden Idol","player_choice":"Lose Max HP","floor":3,"damage_taken":0},{"event_name":"Living Wall","player_choice":"Grow","floor":4,"damage_taken":0},{"event_name":"Golden Wing","player_choice":"Card Removal","floor":10,"damage_taken":0},{"event_name":"Beggar","player_choice":"Gave Gold","floor":21,"damage_taken":0},{"event_name":"Match and Keep!","player_choice":"0 cards matched","floor":22,"damage_taken":0},{"event_name":"Forgotten Altar","player_choice":"Gave Idol","floor":28,"damage_taken":0},{"event_name":"Vampires","player_choice":"Ignored","floor":30,"damage_taken":0},{"event_name":"Mysterious Sphere","player_choice":"Ignore","floor":36,"damage_taken":0},{"event_name":"Tomb of Lord Red Mask","player_choice":"Ignored","floor":37,"damage_taken":0},{"event_name":"Transmorgrifier","player_choice":"Transform","floor":39,"damage_taken":0},{"event_name":"The Moai Head","player_choice":"Heal","floor":44,"damage_taken":0},{"event_name":"Purifier","player_choice":"One Purge","floor":46,"damage_taken":0},{"event_name":"Winding Halls","player_choice":"Embrace Madness","floor":47,"damage_taken":0}],"boss_relics":[{"not_picked":["Philosopher\u0027s Stone","Velvet Choker"],"picked":"Eternal Feather"},{"not_picked":["Black Star","Runic Pyramid"],"picked":"Cursed Key"}],"potions_floor_spawned":[1,7,8,16,18,24,31,35],"seed_played":"-2893214560190397407","killed_by":"Donu and Deca","ascension_level":0,"is_trial":false}