{"path_per_floor":["M","M","?","?","$","R","M","E","T","?","$","?","$","M","R","B",null,"M","?","M","$","?","R","$","?","T","M","M","R","$","M","R","B",null,"M","?","M","?","?","R","M","M","T","M","R","$","?","M","R","B"],"character_chosen":"THE_SILENT","items_purchased":["Escape Plan","Swift Potion","Lantern","Footwork"],"gold_per_floor":[114,126,126,126,51,51,63,92,92,92,92,155,55,69,69,165,165,180,95,113,36,36,36,36,36,36,48,60,60,8,21,21,125,125,137,188,198,198,198,198,214,224,297,309,309,90,90,108,108,108],"floor_reached":51,"campfire_rested":5,"playtime":2614,"current_hp_per_floor":[70,70,63,63,63,63,63,57,57,57,57,32,32,27,48,17,70,62,62,62,62,62,62,62,46,46,44,38,38,38,33,54,10,70,40,23,16,16,16,37,28,2,2,2,23,23,47,47,69,21],"items_purged":["Strike_G","Strike_G"],"gold":108,"score":520,"play_id":"a5a75468-636f-4fd3-bb90-60c8c79c5635","is_prod":false,"is_daily":false,"is_ascension_mode":false,"campfire_upgraded":3,"path_taken":["M","M","?","?","$","R","M","E","T","?","?","?","$","M","R","BOSS","M","?","?","?","?","R","$","?","T","M","M","R","$","M","R","BOSS","M","?","?","?","?","R","M","M","T","M","R","$","?","M","R","BOSS"],"build_version":"2018-02-15-PROD1","purchased_purges":3,"victory":true,"master_deck":["Defend_G+1","Defend_G","Defend_G","Defend_G","Defend_G+1","Strike_G","Survivor","Neutralize+1","A Thousand Cuts+1","Distraction","Dagger Spray","Prepared","Tools of the Trade+1","Injury","Calculated Gamble+1","Escape Plan","A Thousand Cuts","Prepared+1","Outmaneuver+1","Tactician","Underhanded Strike+1","Distraction+1","Footwork","Writhe","Well Laid Plans+1"],"max_hp_per_floor":[70,70,70,70,70,70,70,70,70,70,70,70,70,70,70,70,70,70,70,70,70,70,70,70,70,70,70,70,70,70,70,70,70,70,70,70,70,70,70,70,70,70,70,70,70,70,76,76,76,76],"relics":["Ring of the Snake","War Paint","Letter Opener","Tingsha","Bag of Marbles","Calling Bell","Matryoshka","Happy Flower","Ninja Scroll","Toolbox","Nilry\u0027s Codex","Oddly Smooth Stone","Darkstone Periapt","Question Card","Sundial","Pantograph","Gremlin Horn","Lantern"],"card_choices":[{"not_picked":["Predator","Slice"],"picked":"Distraction"},{"not_picked":["Accuracy","Endless Agony"],"picked":"Prepared"},{"not_picked":["Storm of Steel","Glass Knife"],"picked":"Tools of the Trade"},{"not_picked":["Cloak And Dagger","Bane"],"picked":"Calculated Gamble"},{"not_picked":["Envenom","Unload"],"picked":"A Thousand Cuts"},{"not_picked":["Dagger Throw","Poisoned Stab","Quick Slash"],"picked":"Prepared"},{"not_picked":["Acrobatics","Dagger Throw","Backflip"],"picked":"Outmaneuver"},{"not_picked":["Outmaneuver","Cloak And Dagger","Quick Slash"],"picked":"Tactician"},{"not_picked":["Deflect","Poisoned Stab","Accuracy"],"picked":"Underhanded Strike"},{"not_picked":["Dodge and Roll","A Thousand Cuts","Deadly Poison"],"picked":"Distraction"},{"not_picked":["Dagger Throw","Quick Slash","Cloak And Dagger"],"picked":"Well Laid Plans"}],"player_experience":222332,"potions_floor_usage":[12,16,20,20,28,33,36,36,42,50],"damage_taken":[{"damage":0,"enemies":"2 Louse","floor":1,"turns":3},{"damage":0,"enemies":"Jaw Worm","floor":2,"turns":6},{"damage":0,"enemies":"Small Slimes","floor":7,"turns":4},{"damage":6,"enemies":"3 Sentries","floor":8,"turns":6},{"damage":25,"enemies":"Gremlin Nob","floor":12,"turns":6},{"damage":5,"enemies":"2 Fungi Beasts","floor":14,"turns":3},{"damage":31,"enemies":"Hexaghost","floor":16,"turns":16},{"damage":8,"enemies":"Spheric Guardian","floor":18,"turns":4},{"damage":0,"enemies":"Shell Parasite","floor":20,"turns":1},{"damage":2,"enemies":"Snake Plant","floor":27,"turns":3},{"damage":6,"enemies":"Snecko","floor":28,"turns":4},{"damage":5,"enemies":"Centurion and Healer","floor":31,"turns":6},{"damage":44,"enemies":"Collector","floor":33,"turns":11},{"damage":30,"enemies":"3 Darklings","floor":35,"turns":3},{"damage":17,"enemies":"Mysterious Sphere","floor":36,"turns":4},{"damage":7,"enemies":"3 Shapes","floor":37,"turns":3},{"damage":9,"enemies":"3 Darklings","floor":41,"turns":3},{"damage":26,"enemies":"4 Shapes","floor":42,"turns":5},{"damage":0,"enemies":"Sphere and 2 Shapes","floor":44,"turns":3},{"damage":0,"enemies":"Maw","floor":48,"turns":8},{"damage":55,"enemies":"Awakened One","floor":50,"turns":17}],"event_choices":[{"event_name":"Scrap Ooze","player_choice":"success","floor":3,"damage_taken":7},{"event_name":"Upgrade Shrine","player_choice":"Upgraded","floor":4,"damage_taken":0},{"event_name":"Transmorgrifier","player_choice":"Transform","floor":10,"damage_taken":0},{"event_name":"Dead Adventurer","player_choice":"Searched \u00271\u0027 times","floor":12,"damage_taken":0},{"event_name":"Addict","player_choice":"Obtained Relic","floor":19,"damage_taken":0},{"event_name":"Back to Basics","player_choice":"Elegance","floor":22,"damage_taken":0},{"event_name":"Cursed Tome","player_choice":"Obtained Book","floor":25,"damage_taken":0},{"event_name":"Mysterious Sphere","player_choice":"Fight","floor":36,"damage_taken":0},{"event_name":"Purifier","player_choice":"One Purge","floor":38,"damage_taken":0},{"event_name":"Winding Halls","player_choice":"Writhe","floor":47,"damage_taken":0}],"boss_relics":[{"not_picked":["Tiny House","Black Star"],"picked":"Calling Bell"},{"not_picked":["White Beast Statue","Velvet Choker"],"picked":"Question Card"}],"potions_floor_spawned":[7,8,14,18,28,35,41,48],"seed_played":"-4471698320142686641","ascension_level":0,"is_trial":false}