{"path_per_floor":["M","M","?","?","M","R","E","R","T","E","R","$","M","M","R","B",null,"M","M","?","?","?","R","E","$","T","$","M","R","?","M","R","B",null,"M","T","M","M","?","R","?","R","T","M","$","M","$","E","R","B"],"character_chosen":"THE_SILENT","items_purchased":["Accuracy","Ancient Tea Set","Choke","Tiny Chest","Dead Branch","Toxic Egg 2","Caltrops","Cloak And Dagger","Pen Nib","Pantograph","Cloak And Dagger","Caltrops"],"gold_per_floor":[111,126,301,301,312,312,338,338,338,363,363,70,82,101,101,200,230,245,255,170,95,725,725,751,40,63,13,28,28,128,142,142,244,244,257,281,300,317,317,317,567,567,620,638,19,29,29,57,57,57],"floor_reached":51,"campfire_rested":4,"playtime":2798,"current_hp_per_floor":[69,69,69,69,65,65,52,52,52,36,36,36,34,34,55,31,75,71,66,73,73,9,33,23,23,23,23,17,41,41,41,65,64,82,82,82,82,82,82,82,82,82,82,79,79,79,79,79,79,67],"items_purged":["Strike_G"],"gold":57,"score":929,"play_id":"7e9d14c2-f798-4e7e-abb7-4472e386dea3","local_time":"20180310163606","is_prod":false,"is_daily":false,"is_ascension_mode":false,"campfire_upgraded":6,"timestamp":1520692566,"path_taken":["M","M","?","?","M","R","E","R","T","E","R","$","M","?","R","BOSS","M","M","?","?","?","R","E","$","T","?","?","R","?","?","R","BOSS","M","?","M","M","?","R","?","R","T","?","$","M","?","E","R","BOSS"],"build_version":"2018-03-09","purchased_purges":2,"victory":true,"master_deck":["Defend_G","Defend_G+1","Defend_G","Defend_G","Defend_G","Strike_G","Strike_G+1","Survivor","Neutralize+1","Clumsy","Cloak And Dagger+1","Doubt","Regret","Blur","Blur","Blade Dance+1","Accuracy+1","Choke","Distraction","Well Laid Plans","Burst","Infinite Blades","Quick Slash+1","Blur+1","Adrenaline+1","Caltrops","Cloak And Dagger+1","Blade Dance+1","Adrenaline+1","Writhe","Doubt","Parasite","Infinite Blades+1","Terror+1","Regret","Cloak And Dagger+1","Caltrops+1","Cloak And Dagger+1"],"max_hp_per_floor":[70,70,70,70,70,70,70,70,70,70,70,70,70,70,70,70,75,75,75,82,82,82,82,82,82,82,82,82,82,82,82,82,82,82,82,82,82,82,82,82,82,82,82,82,82,82,82,82,82,82],"relics":["Ring of the Snake","Du-Vu Doll","Orichalcum","Gremlin Horn","Gambling Chip","Bag of Marbles","Ancient Tea Set","Tiny House","Strawberry","Thread and Needle","Tiny Chest","Dead Branch","Toxic Egg 2","Bag of Preparation","Calling Bell","Mummified Hand","War Paint","Art of War","Prayer Wheel","Regal Pillow","Pen Nib","Pantograph","Blue Candle"],"card_choices":[{"not_picked":["Acrobatics","Setup"],"picked":"Cloak And Dagger"},{"not_picked":["Underhanded Strike","Slice"],"picked":"Blur"},{"not_picked":["Flying Knee","PiercingWail"],"picked":"Blur"},{"not_picked":["Bouncing Flask","Predator"],"picked":"Blade Dance"},{"not_picked":["Slice","Poisoned Stab"],"picked":"Distraction"},{"not_picked":["Acrobatics","Eviscerate"],"picked":"Well Laid Plans"},{"not_picked":["Tactician","After Image"],"picked":"Burst"},{"not_picked":["Prepared","Flechettes"],"picked":"Infinite Blades"},{"not_picked":["Flechettes","Bouncing Flask"],"picked":"Quick Slash"},{"not_picked":["Flying Knee","Catalyst"],"picked":"Blur"},{"not_picked":["Endless Agony","Escape Plan"],"picked":"Adrenaline"},{"not_picked":["Backflip","Escape Plan"],"picked":"Blade Dance"},{"not_picked":["Envenom","Grand Finale"],"picked":"Adrenaline"},{"not_picked":["Quick Slash","Wraith Form"],"picked":"Infinite Blades"},{"not_picked":["Masterful Stab","Backflip"],"picked":"Terror"},{"not_picked":["Sucker Punch","Poisoned Stab"],"picked":"Cloak And Dagger"}],"player_experience":303748,"potions_floor_usage":[7,24,33,50,50,50],"damage_taken":[{"damage":1,"enemies":"Jaw Worm","floor":1,"turns":4},{"damage":0,"enemies":"2 Louse","floor":2,"turns":4},{"damage":4,"enemies":"Small Slimes","floor":5,"turns":3},{"damage":13,"enemies":"Gremlin Nob","floor":7,"turns":5},{"damage":16,"enemies":"Lagavulin","floor":10,"turns":8},{"damage":2,"enemies":"Looter","floor":13,"turns":2},{"damage":0,"enemies":"Exordium Thugs","floor":14,"turns":2},{"damage":24,"enemies":"Slime Boss","floor":16,"turns":7},{"damage":4,"enemies":"Chosen","floor":18,"turns":3},{"damage":5,"enemies":"Shell Parasite","floor":19,"turns":4},{"damage":10,"enemies":"Slavers","floor":24,"turns":3},{"damage":6,"enemies":"3 Cultists","floor":28,"turns":3},{"damage":0,"enemies":"Chosen and Byrds","floor":31,"turns":2},{"damage":1,"enemies":"Automaton","floor":33,"turns":6},{"damage":0,"enemies":"Orb Walker","floor":35,"turns":1},{"damage":0,"enemies":"3 Darklings","floor":37,"turns":1},{"damage":0,"enemies":"Sphere and 2 Shapes","floor":38,"turns":2},{"damage":3,"enemies":"4 Shapes","floor":44,"turns":1},{"damage":0,"enemies":"Maw","floor":46,"turns":1},{"damage":0,"enemies":"2 Orb Walkers","floor":48,"turns":1},{"damage":24,"enemies":"Donu and Deca","floor":50,"turns":4}],"event_choices":[{"event_name":"Liars Game","player_choice":"agreed","floor":3,"damage_taken":0},{"event_name":"Big Fish","player_choice":"Box","floor":4,"damage_taken":0},{"event_name":"Addict","player_choice":"Obtained Relic","floor":20,"damage_taken":0},{"event_name":"Beggar","player_choice":"Gave Gold","floor":21,"damage_taken":0},{"event_name":"Knowing Skull","player_choice":"GOLD GOLD GOLD GOLD GOLD GOLD GOLD ","floor":22,"damage_taken":0},{"event_name":"Golden Shrine","player_choice":"Pray","floor":30,"damage_taken":0},{"event_name":"Purifier","player_choice":"One Purge","floor":39,"damage_taken":0},{"event_name":"Golden Shrine","player_choice":"Desecrate","floor":41,"damage_taken":0}],"boss_relics":[{"not_picked":["Ectoplasm","Pandora\u0027s Box"],"picked":"Tiny House"},{"not_picked":["White Beast Statue","Runic Pyramid"],"picked":"Calling Bell"}],"potions_floor_spawned":[5,7,14,18,19,38,46,48],"seed_played":"6135652710585081085","ascension_level":0,"is_trial":false}